2970 5128
485 432 661 496 ERATO.
685 432 739 495 VI.
763 440 806 497 το.
828 439 871 495 57.

1182 428 1244 492 297

123 615 339 699 σπονδαρχίας
359 607 446 680 εἶναι
466 608 611 693 τούτων,
633 610 769 679 καὶτῶν
788 607 965 678 τυθέντων
983 605 1186 697 [προβάτων]
1205 603 1246 677 τά

122 719 271 803 δέρματα.
304 722 484 803 νεομηνίας
503 714 540 784 δὲ
554 711 619 784 άνόι
634 712 741 794 πάσας
760 714 815 783 καί
833 711 975 801 ἑβδόμας
990 715 1170 801 ἱσταμένου
1185 718 1245 781 τοῦ

120 817 215 909 μηνός
224 822 382 888 δίδοσθαι
393 822 430 888 ἐκ
440 823 501 888 τοῦ
512 823 675 907 δημοσίου
684 816 793 907 ίρήίον
802 820 916 887 τέλεον
926 819 1070 910 ἑκατέρω
1083 819 1115 895 ίς
1125 813 1243 885 Ἀπόλ-

119 932 233 1009 λωνος,
252 923 309 991 καὶ
324 926 487 1012 μέδιμνον
504 919 657 1010 άλφίτων
670 923 727 991 καί
747 931 842 991 οίυου
857 920 1018 1010 τετάρτην
1032 918 1244 1010 Λακωνικὴν,

116 1089 217 1153 lentur,
235 1094 266 1141 nt
283 1094 359 1141 recte
374 1094 466 1141 monet
477 1089 508 1141 0.
523 1090 556 1141 0.
570 1088 655 1141 Muel-

116 1160 160 1211 ler.
172 1162 236 1212 Dor.
247 1160 284 1211 11.
298 1177 326 1226 p.
337 1159 387 1211 100
401 1159 462 1211 οο11.
478 1160 542 1224 190,
556 1161 604 1225 qui
618 1161 655 1210 si-

117 1231 175 1282 mile
184 1230 356 1282 Cretensium
367 1231 523 1281 institutum
536 1245 653 1282 comme·

118 1305 213 1364 moret,
233 1316 335 1366 exque
353 1288 528 1365 magistratui
539 1315 653 1363 summo,

117 1372 282 1437 quoderat,
304 1378 423 1435 quattuor
438 1372 576 1436 portiones
589 1374 654 1420 sunt

117 1441 268 1492 attributae.
287 1436 324 1489 τά
335 1436 431 1490 πάντα
442 1456 497 1490 non
513 1440 595 1490 aliter
609 1456 654 1491 oo-

118 1511 264 1575 cipieodum
280 1514 367 1576 etque
378 1512 401 1565 1.
415 1510 458 1565 00.
472 1511 521 1572 Ν,
535 1510 586 1573 88,
606 1510 653 1560 obi

117 1581 168 1632 rid.
177 1584 245 1632 nott.
273 1580 323 1631 sie
335 1579 418 1645 psulo
428 1581 543 1631 inferius
553 1574 653 1644 διπλή-

118 1662 159 1700 σια
180 1642 298 1700 πάντα
320 1656 404 1715 etque
423 1641 453 1700 ἐν
473 1653 547 1699 τοῖοι
566 1641 653 1715 άηοίσι

117 1717 207 1782 τοῖσι,
221 1720 237 1770 1.
253 1734 278 1772 e.
292 1721 517 1786 inomniepeneris
529 1720 654 1771 certami-

116 1789 198 1842 nibus.
231 1790 339 1855 Attigit
357 1805 466 1856 quoque
481 1789 601 1843 Boeckh.
624 1790 653 1839 in

117 1859 191 1925 dorp.
203 1859 350 1924 Inscripti.
360 1860 473 1911 Graece.
485 1860 509 1913 1.
520 1874 582 1925 pag.
591 1859 653 1920 022,

120 1929 174 1979 coll.
187 1930 260 1979 Rose
273 1930 419 1995 Inscripti.
433 1944 495 1994 pag.
509 1928 570 1981 289.
601 1931 654 1980 Ρτο

117 1998 181 2065 vulg.
211 1992 399 2064 δαιτυμόνεσι
434 2014 495 2050 cum
524 1998 652 2050 Diodori.

117 2068 271 2123 Oommentt.
294 2070 330 2120 de
352 2068 416 2121 disl.
436 2069 568 2120 Herodot.
591 2084 653 2134 psg.

116 2138 173 2189 xlv
191 2143 218 2188 et
237 2140 358 2189 Bredov.
377 2155 440 2204 pag.
455 2140 506 2190 254
526 2138 656 2203 rescripsi

117 2201 267 2272 δαιτυμόσι,
278 2212 313 2259 ut
321 2209 369 2271 IV,
380 2211 415 2261 43
425 2207 497 2273 μησί
501 2226 508 2258 τ
527 2224 596 2274 quse
609 2208 655 2258 do·

117 2279 163 2327 tiri
177 2277 265 2329 forms
285 2293 353 2331 vere
366 2280 524 2330 Herodotee
540 2294 600 2330 esse
616 2279 656 2329 vi-

117 2346 196 2398 detur.
227 2348 303 2399 Sunt
323 2353 416 2400 autem
437 2342 467 2397 οί
486 2342 655 2412 δαιτυμόνες

117 2420 240 2480 concisae,
256 2424 290 2468 ut
305 2418 329 2481 1,
343 2419 386 2470 73.
403 2417 460 2470 119.
479 2418 516 2481 11,
533 2418 655 2480 17219,

119 2489 170 2537 172.
205 2489 247 2538 De
270 2503 343 2539 vocs
364 2478 494 2552 ἑκάτερος
510 2489 602 2538 monui
619 2487 655 2539 ed

117 2555 162 2619 111,
171 2556 195 2609 8.
218 2553 420 2621 σπονδαρχίας
428 2558 538 2621 regibus
549 2558 656 2622 tribuit,

118 2627 158 2689 qni
170 2628 197 2675 in
206 2627 336 2679 omnibus
349 2628 485 2678 conviviis
495 2628 575 2694 primi
587 2628 655 2678 libs·

118 2696 212 2746 tionem
227 2697 339 2747 iaciant
356 2713 379 2748 s.
393 2697 542 2748 libationes
563 2699 655 2763 euspi-

119 2770 213 2819 centur.
243 2766 316 2818 Post
330 2768 414 2818 verbs
432 2764 489 2815 τοῖν
507 2762 654 2817 τυθέντων

118 2850 178 2898 quse
200 2836 284 2902 vulgo
313 2838 416 2888 inserts
439 2838 577 2888 invenitur
600 2853 654 2888 vox

119 2897 274 2967 προβάτων,
301 2923 360 2958 euru
373 2923 435 2959 cum
448 2906 590 2958 Dietschio
607 2923 655 2958 un·

120 2974 154 3024 eis
166 2974 276 3035 inclusi,
304 2993 364 3028 cum
384 2994 400 3028 s
412 2976 572 3028 Florentino
586 2977 656 3027 libro

120 3059 148 3094 se
164 3046 303 3097 Parisinis
320 3048 459 3099 codicibus
480 3048 555 3099 obsit
577 3048 656 3098 stud

120 3117 274 3167 sententium
288 3117 338 3167 vix
349 3118 507 3168 necessario
520 3118 656 3169 videatur.

120 3185 190 3246 Quod
204 3202 268 3236 vero
291 3188 464 3237 victimarum
485 3186 570 3252 pelles
586 3189 656 3238 inter

119 3269 202 3319 regum
212 3257 322 3307 reditus
334 3255 361 3307 b.
373 3256 391 3309 l.
402 3261 657 3321 commemorantur,

120 3323 187 3374 ideo
204 3327 305 3389 opinor
322 3330 445 3390 spectat,
463 3327 535 3391 quod
552 3326 615 3377 eliis
628 3329 658 3377 in

121 3393 271 3447 eiritstibns
285 3395 372 3460 peiles
390 3397 425 3445 sd
442 3395 599 3448 secerdotes
614 3412 656 3447 re·

122 3463 222 3528 dibent,
236 3466 356 3517 Athenis
366 3466 436 3516 adeo
448 3466 521 3517 iuter
532 3467 655 3530 publicos

123 3532 217 3586 reditus
231 3527 393 3586 referturtd
402 3529 582 3599 δερματινδν,
597 3538 616 3588 i.
631 3553 655 3587 e.

122 3605 228 3664 pecunie
240 3621 292 3669 pro
307 3605 423 3670 pellibus
438 3606 613 3657 vietimsrum
627 3607 656 3656 in

122 3670 192 3725 iestis
207 3675 328 3739 publieis
349 3680 532 3727 msotstsrnm
552 3677 655 3728 soluts:

123 3739 152 3790 de
178 3759 228 3809 que
257 3761 289 3797 re
318 3745 376 3796 vid.
407 3746 487 3810 Corp.
513 3747 655 3811 Inscripti.

124 3809 225 3866 Graeco.
236 3815 259 3864 1.
275 3830 319 3865 nr.
331 3815 388 3868 157.
402 3832 428 3880 p.
443 3816 495 3868 250
507 3815 569 3867 οο11.
584 3817 657 3866 Rau·

123 3880 196 3944 gabe:
219 3883 380 3950 Antiquites
400 3884 508 3936 Hellen.
534 3900 574 3939 nr.
593 3886 654 3937 810.

123 3948 169 3999 842
187 3951 232 4016 (Τ.
250 3955 289 4005 Π.
301 3970 328 4019 p.
343 3955 404 4005 440.
418 3954 497 4021 502),
520 3954 657 4006 Boeolrb.:

124 4018 307 4074 Stestsbsusb.
322 4025 348 4077 d.
362 4023 424 4075 Ath.
439 4026 462 4076 I.
479 4041 505 4088 p.
519 4025 578 4076 297.
594 4026 654 4077 450.

124 4087 180 4208 11)ρο
189 4092 225 4142 11.
240 4110 267 4159 p.
284 4095 331 4145 112
344 4109 420 4160 seqq.
441 4094 491 4146 120
503 4109 577 4161 seqq.
596 4095 656 4148 134.

156 4229 306 4295 νεομηνίας
318 4229 348 4281 δὲ
364 4223 420 4283 άνά
433 4227 526 4288 στάσας
539 4246 565 4284 ν,
581 4248 605 4282 τ.
618 4231 654 4297 l]

125 4295 219 4349 Mensis
232 4303 362 4369 uniusque
377 4302 456 4369 (hoec
468 4307 510 4353 sst
522 4302 656 4353 Herodoti

127 4369 267 4435 sententis)
283 4371 324 4423 die
335 4374 422 4437 primo
435 4389 468 4423 ee
484 4373 600 4437 septimo
613 4388 655 4422 re·

703 1088 1246 1155 maoteut,itemqueisriusemedimnum
1268 1094 1272 1103 “

704 1160 797 1210 etvini
809 1160 977 1224 quarterium
987 1161 1161 1211 Lseonicurn.
1182 1157 1244 1209 Vid.

703 1229 779 1282 (1.0.
794 1229 916 1280 Mueller.
935 1228 952 1279 l.
969 1228 987 1281 1.
1006 1231 1044 1283 ΙΙ.
1059 1246 1085 1294 p.
1102 1229 1161 1281 100.
1195 1230 1246 1279 Or.

702 1299 829 1351 advoces
840 1289 961 1365 ἑβδόμας
972 1292 1123 1361 ἱσταμένου
1132 1294 1185 1348 τοῦ
1192 1312 1245 1363 μη-

703 1360 754 1425 νός
763 1368 830 1435 (qus
840 1368 978 1420 locutione
988 1370 1102 1435 primsm
1113 1368 1246 1434 cuiusque

703 1441 804 1491 mensis
815 1445 933 1503 partem,
953 1438 1046 1490 decem
1058 1439 1116 1490 dies
1128 1437 1245 1505 eomple-

702 1514 829 1571 ctentem,
840 1509 986 1573 signifiesri
996 1513 1120 1571 constet,
1132 1513 1164 1559 ut
1173 1509 1246 1559 inire

702 1579 750 1641 VI,
766 1578 829 1635 10οτ
849 1580 903 1630 vid.
917 1578 947 1634 C.
961 1580 994 1629 F.
1005 1580 1158 1629 Hermann:
1178 1578 1245 1628 Got-

703 1646 854 1699 tesdienstl.
873 1647 1057 1700 Alterthiimer
1080 1653 1104 1713 g.
1124 1649 1166 1699 45.
1186 1652 1242 1700 not.

704 1718 749 1785 12)
759 1718 878 1768 conferri
887 1717 947 1769 vult
954 1717 1094 1770 Plutarch.
1104 1718 1242 1783 Symposs.

705 1789 817 1851 Quaest.
827 1787 906 1848 Vlll,
917 1788 939 1839 1.
948 1789 972 1838 2.
984 1804 1047 1854 pag.
1058 1788 1109 1839 958
1120 1790 1207 1852 Wytt.
1218 1792 1246 1839 et

703 1857 834 1909 Vslekeu.
848 1858 882 1907 de
891 1858 1039 1910 Aristobul.
1051 1858 1154 1908 Iudaeo
1168 1857 1244 1921 §.32

704 1944 767 1993 ρος.
779 1926 889 1978 13-10.
912 1924 1007 1978 τέλεον
1018 1918 1115 1993 ίρήϊον
1124 1927 1189 1993 quid
1198 1928 1246 1990 sit,

704 1998 860 2048 notavimus
874 1999 908 2047 sd
927 1999 954 2059 1,
969 1998 1028 2052 183.
1059 1996 1128 2047 Add.
1141 1997 1246 2048 Knobel

704 2067 739 2118 ud
752 2068 1058 2134 Levitie.XXIl‚li.ps
1080 2067 1151 2118 525.
1174 2068 1245 2119 Sori-

704 2138 746 2202 psi
764 2133 859 2185 τέλεον
880 2153 928 2201 pro
948 2137 1021 2204 vulg.
1039 2081 1162 2196 τίλειον,
1184 2152 1245 2189 ουτοι

703 2207 772 2257 hseo
788 2207 877 2257 forms
891 2208 926 2257 sb
939 2208 1079 2259 Herodoto
1095 2208 1186 2259 aliens
1199 2209 1245 2271 sit,

705 2276 820 2328 docente
837 2275 952 2327 Bredov.
974 2295 1001 2343 p.
1021 2280 1077 2330 155.
1107 2279 1184 2328 Inter
1196 2293 1246 2328 nu·

705 2347 779 2397 mins
796 2362 813 2396 s
834 2346 954 2397 Doribus
974 2347 1049 2399 culte
1071 2348 1246 2412 praecipuum

704 2416 826 2481 adeoquo
853 2417 1011 2481 primarium
1042 2417 1133 2468 locum
1159 2418 1246 2467 luisse

704 2487 818 2549 Apollini
831 2489 1021 2548 nemorosos,
1035 2488 1112 2538 euius
1125 2485 1246 2538 eiusdem

704 2571 783 2607 soors
802 2555 867 2606 hino
888 2572 937 2621 per
958 2572 1063 2607 omnem
1086 2557 1143 2607 iere
1159 2558 1247 2607 Lseo·

704 2626 793 2676 nicom
817 2631 984 2691 propagato,
1011 2630 1042 2677 ut
1060 2625 1182 2690 pluribus
1201 2626 1247 2677 de-

705 2696 871 2746 monstravit
883 2696 954 2746 idem
968 2696 998 2748 C.
1014 2696 1047 2747 0.
1062 2694 1184 2747 Mueller.
1196 2695 1214 2744 l.
1227 2694 1245 2747 l.

704 2768 727 2817 1.
742 2781 804 2831 μσς.
819 2766 879 2817 249.
913 2767 990 2829 Quod
1008 2781 1073 2816 vero
1092 2759 1120 2814 ἐκ
1133 2762 1186 2814 τοῦ
1197 2760 1246 2829 δη-

703 2834 822 2901 μοσίου,
847 2834 876 2885 id
897 2840 939 2886 est
955 2852 990 2886 eor
1001 2835 1114 2899 publico,
1135 2835 1248 2885 victims

706 2906 851 2971 praebetur
866 2906 924 2970 regi
940 2906 1088 2956 mactando
1102 2907 1131 2956 iu
1142 2904 1248 2969 Apolli·

706 2977 748 3026 nis
761 2976 904 3033 honorem,
919 2975 1045 3040 publicos
1055 2991 1136 3041 egros
1150 2981 1177 3025 et
1188 2990 1247 3038 gre·

706 3062 753 3111 ges
761 3045 958 3110 Spartanorum
968 3046 1109 3096 eivitstem
1119 3045 1248 3095 babuisse

705 3119 781 3165 recte
795 3115 858 3166 iude
872 3113 978 3177 colligit
990 3115 1061 3166 idem
1074 3115 1104 3166 C.
1117 3116 1149 3166 0.
1163 3113 1248 3167 Muel-

706 3186 759 3237 ler:
778 3185 831 3235 Die
843 3185 908 3239 Dor.
920 3186 958 3236 ll.
972 3201 999 3248 p.
1016 3185 1078 3250 190,
1095 3185 1124 3235 id
1139 3199 1246 3250 qnoque

706 3255 852 3317 adficiens,
872 3255 921 3306 hos
938 3255 1053 3318 publicos
1069 3254 1166 3305 fundos
1178 3254 1247 3304 bene

706 3325 824 3376 diseerui
836 3341 853 3374 o
865 3323 957 3376 iundis
970 3328 1056 3390 repiie,
1071 3325 1117 3390 qui
1127 3325 1162 3375 ed
1171 3324 1247 3387 ipsos

705 3410 784 3459 reges
813 3395 986 3458 pertinebunt
1022 3396 1111 3460 iisque
1144 3394 1247 3445 victum

706 3464 889 3530 proebebsnt;
908 3465 980 3530 quod
995 3467 1043 3515 vix
1056 3465 1126 3514 sotis
1139 3477 1247 3528 perspe-

704 3535 780 3584 xisse
798 3535 907 3585 videtur
918 3535 1092 3586 Lechmeuu:
1116 3534 1247 3598 Sparten.

706 3604 871 3655 Stostsverf.
890 3621 951 3669 pag.
973 3605 1036 3667 110,
1058 3595 1088 3652 τὸ
1106 3593 1247 3666 δημόσιον

706 3674 733 3725 lr.
747 3674 765 3726 l.
782 3673 851 3725 idem
866 3675 1020 3739 significare
1032 3674 1193 3724 existimaus
1207 3676 1247 3723 st

707 3760 759 3809 qus
771 3738 802 3792 τὸ
814 3738 928 3807 τέμενος
941 3744 1000 3794 sive
1012 3742 1111 3794 fundos
1124 3742 1247 3808 publicos

707 3814 830 3864 civitatis
841 3814 899 3878 regi
908 3815 936 3863 in
945 3828 1024 3864 usum
1034 3828 1189 3865 concessos.
1205 3814 1247 3863 De

706 3883 749 3933 bis
767 3883 804 3934 ci.
821 3887 890 3934 nott.
911 3883 946 3933 ad
968 3884 1021 3947 IV,
1042 3884 1101 3935 101.
1138 3883 1184 3933 Ex
1200 3900 1248 3946 μυ-

706 3952 771 4002 blico
792 3969 898 4019 quoque
922 3959 1054 4018 parantur
1076 3951 1172 4018 epolse
1194 3954 1248 4018 Py·

707 4022 774 4072 thiis
802 4039 856 4074 ouo
885 4039 946 4074 oum
971 4024 1099 4089 regibus,
1129 4027 1161 4079 ut
1186 4038 1248 4073 mox

705 4094 806 4143 Noster
821 4094 948 4158 prodidit.
973 4092 1034 4145 Vid.
1045 4092 1119 4143 infru
1129 4096 1198 4144 nott.
1212 4092 1248 4143 od

741 4199 790 4281 ίιαί
806 4230 889 4283 οίνου
908 4223 1044 4296 τετάρτην
1061 4222 1246 4294 Λακωνικὴν]

706 4303 927 4368 Schweighaeus.
940 4304 969 4353 in
977 4303 1044 4353 Lex.
1057 4300 1159 4352 Herod.
1170 4300 1207 4349 11.
1220 4315 1246 4364 p.

705 4372 757 4424 320
772 4373 892 4439 suppleri
905 4372 964 4423 vult
979 4372 1084 4435 μοῖραν
1100 4384 1121 4420 s.
1136 4366 1248 4435 μερίδα,

127 4450 169 4499 ges
186 4453 218 4489 ex
235 4443 341 4492 eersrio
357 4443 495 4493 victimam
515 4443 655 4507 occipiunt
704 4444 744 4493 its
760 4448 791 4494 ot
803 4447 901 4507 quarte
915 4458 979 4506 pars
995 4453 1137 4491 mensures
1156 4440 1248 4491 ouius-

126 4504 266 4574 integram,
290 4527 369 4579 quem
387 4514 416 4563 in
432 4511 566 4579 Apollinis
588 4512 655 4563 sede

705 4512 768 4564 dem
790 4512 933 4565 fluidorum
954 4510 1133 4577 intelligetur.
1171 4510 1248 4573 Quos
