3008 5128
269 389 329 456 158

696 391 964 455 ΗΕΒΟΒΟΤΙ

268 589 332 637 σαν
352 564 416 637 ἀπὸ
437 572 505 636 τῶν
522 562 753 655 Ἐπιδαυρίων.
790 564 848 637 ἅτε
870 568 906 636 δὲ
926 565 1037 647 ἐόντες
1056 564 1211 656 διάφοροι
1225 569 1388 655 ἐδηλέοντο
1471 592 1472 631 1

267 669 405 759 αὐτούς,
420 668 504 739 ὥστε
518 668 560 759 δὴ
572 670 882 761 θαλασσοκράτορες
896 670 1021 752 ἐόντες·
1048 673 1105 740 καὶ
1120 668 1161 759 δὴ
1176 672 1232 741 καὶ
1246 670 1285 739 τὰ
1297 666 1387 758 ἀγάλ-

266 805 353 866 ματα
366 780 470 844 ταῦτα
491 779 549 863 τῆς
569 803 605 844 τε
620 784 750 863 Δαμίης
769 778 825 845 καὶ
844 781 902 863 τῆς
916 774 1083 863 Αὐξησίης
1102 770 1316 861 ὑπαιρέονται
1336 771 1388 842 orl-
1471 800 1472 803 ’

267 884 352 967 τῶν,
368 887 426 947 καί
437 899 523 967 σφεα
535 879 729 967 ἐκομίσαντο
743 908 779 949 τε
792 883 847 949 καὶ
858 880 1037 968 ἱδρύσαντο
1050 883 1107 967 τῆς
1120 882 1280 967 σφετέρης
1294 877 1390 965 χώρης
1471 896 1472 917 l

269 987 301 1063 ἐς
314 981 375 1072 τὴν
389 981 589 1072 μεσόγαιαν,
610 988 652 1072 τῇ
667 990 732 1071 01η
745 987 808 1073 μέν
823 988 891 1055 ἐστι
905 981 1050 1073 οὕνομα,
1070 982 1189 1052 στάδια
1211 984 1248 1051 δὲ
1262 980 1390 1071 μάλιστά

268 1184 327 1234 dem
340 1199 399 1234 cum
410 1189 524 1234 recentt.
539 1183 600 1236 edd.
615 1186 741 1235 revocavi
750 1183 809 1235 rul-

268 1262 377 1319 gatam,
394 1269 464 1319 quae
476 1254 615 1304 Sancrofti
633 1254 703 1304 libro
720 1256 809 1305 firma-

268 1332 313 1374 tur
332 1330 359 1374 et
377 1324 512 1374 Herodoti
531 1338 582 1374 usu
603 1324 670 1388 (vid.
690 1326 807 1375 Bredov.

267 1410 295 1459 p.
312 1393 375 1458 288)
389 1390 529 1458 probatur.

303 1452 372 1513 ὅστε
383 1456 419 1528 δὴ
429 1454 694 1526 θαλασσοκράτορες
703 1454 808 1528 ἐόντες]

268 1534 311 1584 Ad
324 1549 402 1584 usum
415 1532 567 1597 particulae
585 1525 621 1597 δη
639 1533 712 1584 conl.
724 1535 761 1590 V.
776 1536 809 1583 72

268 1603 361 1669 ibique
375 1602 471 1659 allata;
491 1602 562 1667 quod
576 1603 610 1651 sd
623 1607 809 1667 argumentum

269 1675 383 1734 attinet,
401 1672 473 1725 coni.
488 1673 539 1734 lll,
550 1672 584 1722 59
596 1671 688 1738 ibique
699 1677 768 1724 nott.
782 1679 810 1722 et

268 1744 325 1803 lll,
343 1743 391 1792 122
410 1743 500 1808 ibique
513 1746 582 1792 nott.
618 1744 658 1791 Ac
673 1743 810 1792 recensuit

268 1813 339 1862 (1.0.
350 1810 472 1864 Mueller.
488 1812 625 1876 Aeginett.
637 1827 700 1876 pag.
710 1814 741 1862 111
756 1814 810 1862 sin-

268 1883 332 1946 gula
352 1882 523 1941 testimonia,
549 1882 646 1946 quibus
669 1882 724 1930 iam
748 1881 810 1931 inde

268 1953 302 2000 ab
313 1952 425 2000 Homeri
436 1955 529 2000 aetate
545 1951 660 2000 navibus
675 1952 809 2015 insignem

268 2022 354 2070 fuisse
366 2021 488 2084 Aeginam
506 2019 621 2070 insulam
634 2020 808 2085 intelligitur3

268 2090 345 2139 cuius
359 2106 424 2153 opes
440 2089 553 2139 nauales
573 2090 635 2138 inde
649 2090 682 2139 ab
697 2106 729 2139 eo
743 2096 809 2139 tern-

267 2175 332 2224 pore
345 2161 383 2208 ita
394 2163 551 2220 creverunt,
567 2164 598 2207 ut
611 2160 653 2209 vel
667 2161 749 2209 maris
761 2161 809 2207 im-

269 2230 373 2293 perium
393 2243 440 2292 per
458 2228 568 2293 aliquod
594 2234 668 2279 certe
691 2233 808 2293 tempus,

268 2300 369 2361 viginti
382 2314 430 2364 per
447 2313 548 2362 annos,
573 2298 607 2346 ad
627 2304 733 2348 sextum
753 2302 808 2349 lere

268 2383 368 2417 atinum
386 2383 470 2433 usque
491 2366 741 2417 antcSalaminiaru
761 2385 808 2433 pu·

268 2454 348 2500 gnam
363 2443 477 2491 teneret,
500 2439 543 2487 Tu
553 2437 626 2487 conl.
637 2438 808 2502 potissimum

267 2509 386 2559 l‘ausau.
400 2508 437 2569 11,
449 2507 492 2559 29.
505 2509 528 2570 ξ.
542 2509 566 2557 5.
585 2508 676 2558 Strab.
690 2508 765 2557 Vlll.
779 2525 805 2573 p.

268 2579 318 2628 375
333 2594 355 2627 s.
373 2578 463 2630 onon.
492 2577 556 2626 Mox
568 2593 628 2627 eum
640 2577 728 2628 Gaisf.
744 2578 805 2628 dedi

267 2638 452 2709 ὑπαιρέονται
473 2637 589 2694 αὐτῶν
613 2662 661 2711 pro
686 2638 734 2697 ὑπ.
755 2639 807 2694 αο-

267 2712 348 2767 τέων.
378 2715 501 2767 Genitivi
520 2719 638 2766 usumin
657 2716 697 2767 liis
712 2717 806 2781 attigit

267 2786 319 2835 ΤΙι.
336 2785 454 2836 Melina:
480 2786 522 2833 De
545 2785 658 2838 diction.
675 2785 804 2849 Polyaen.

268 2871 331 2920 pag.
345 2856 392 2916 30,
413 2862 443 2905 tu
454 2854 528 2904 conf.
541 2858 623 2905 etiam
638 2870 721 2920 supra
734 2863 803 2905 nott.

267 2924 303 2974 ad
316 2926 352 2988 V,
366 2925 408 2975 117.
443 2925 475 2974 ln
492 2927 614 2988 proxime
629 2926 805 2989 sequentibus

267 2994 366 3058 scripsi
383 2985 551 3055 ἐκομίσαντό
564 3007 592 3041 τι
606 2988 653 3041 καὶ
669 2988 804 3053 [doricor-

267 3076 314 3123 το,
335 3069 366 3112 ut
379 3063 479 3112 Aldina
501 3062 611 3112 exhibet
629 3068 657 3112 et
674 3063 809 3114 Florenti-

267 3147 318 3182 nus
329 3132 411 3192 liber,
424 3131 577 3191 Mediocre,
594 3131 656 3193 alii,
670 3134 723 3182 nisi
736 3135 806 3198 quod

266 3201 293 3250 hi
309 3201 372 3252 libri
387 3201 518 3250 omittunt
535 3200 660 3251 voculam
673 3217 710 3251 re.
743 3202 808 3253 Vul-

267 3277 358 3333 gatam
381 3269 524 3319 lectionem
549 3261 684 3333 ἐκόμισάν
706 3285 735 3320 τε
759 3268 807 3323 καὶ

267 3332 421 3403 idprr'ourto
438 3341 608 3388 retinuerunt
624 3340 761 3392 Schaefer.
779 3350 806 3392 et

265 3411 402 3461 Matthiae
426 3414 453 3458 et
478 3413 591 3461 recentt.
612 3409 673 3460 edd.
693 3412 805 3477 ipseque

267 3478 487 3543 Sclrweiglracus.
514 3486 620 3529 mutare
643 3494 726 3531 ausus
751 3497 804 3531 nou

267 3557 323 3613 cst,
340 3564 503 3614 quamquam
516 3555 612 3612 postea
630 3550 657 3598 in
672 3551 739 3603 Lex.
753 3552 806 3601 Hc·

266 3621 377 3670 rodoteo
389 3617 502 3669 alteram
514 3617 653 3682 praetulit,
671 3635 731 3669 cum
746 3636 806 3671 suos

265 3693 290 3739 ia
309 3694 374 3752 lines
397 3690 573 3737 transtulerint
591 3690 654 3738 istas
674 3692 802 3753 imagines.

266 3761 308 3809 'lu
322 3758 376 3808 vid.
393 3760 426 3822 V,
440 3759 482 3809 85.
494 3758 536 3807 98.
548 3757 597 3808 114
611 3757 672 3809 coll.
684 3759 748 3822 VII,
760 3760 803 3810 59.

266 3829 313 3887 IV,
330 3829 384 3879 179.

298 3896 334 3962 τῇ
347 3893 404 3960 Οἴη
426 3897 477 3959 μέν
490 3888 545 3945 ἐστι
560 3883 680 3960 οὕνομα]
703 3896 804 3962 Attigit

265 3967 333 4017 liaeo
347 3966 469 4019 Mueller.
488 3965 505 4015 l.
523 3966 540 4018 l.
563 3982 625 4031 pag.
645 3968 661 4016 8
682 3966 804 4032 Oeornqae

264 4037 333 4086 dixit
355 4035 444 4086 locum
468 4042 579 4085 vetusta
603 4036 735 4101 religione
763 4054 805 4088 sa-

264 4123 338 4158 crum
349 4111 377 4167 et
388 4109 447 4171 ipsa
457 4106 575 4157 fortasse
585 4106 804 4172 urbe(Aegiuae)

265 4177 461 4241 antiquiorem,
486 4176 591 4225 insulae
610 4176 803 4235 meditullium

264 4248 351 4312 ipsam
365 4262 429 4296 vero
443 4261 537 4296 vocem
553 4246 587 4295 ab
601 4245 669 4307 Oea,
687 4246 805 4297 Pandio-

264 4317 335 4367 uidis
355 4317 441 4366 tribus
467 4331 538 4380 pago
562 4317 589 4365 in
612 4321 685 4367 terra
700 4317 803 4379 Attica,

268 4387 414 4438 manifesto
430 4387 577 4450 repetitam
596 4386 665 4436 vult:
690 4390 722 4437 ut
738 4402 804 4436 eane

264 4456 471 4525 antiquissimae
485 4455 661 4523 Pelasgorum
680 4456 804 4509 coloniae

861 1186 888 1235 in
902 1185 1034 1251 Aeginam
1052 1200 1085 1235 ex
1097 1182 1192 1235 Attica
1210 1182 1390 1233 deductaeve·

860 1256 945 1319 stigia
955 1272 986 1306 co
999 1256 1135 1306 contineri
1145 1251 1286 1319 probabile
1297 1254 1340 1304 sit.
1359 1252 1390 1300 ut
1471 1256 1472 1319 ,

859 1327 1016 1375 reseditulls‘um
1037 1328 1136 1375 insulae
1152 1325 1240 1374 totius
1262 1323 1330 1387 quod
1351 1320 1390 1370 ille
1471 1336 1472 1373 1

860 1396 973 1446 vocavit
987 1394 1062 1444 Oeam
1083 1394 1129 1459 (ob
1145 1394 1293 1454 Herodoti,
1309 1391 1389 1469 credo¹
1471 1388 1472 1455 J

859 1466 958 1516 verba:
983 1461 1034 1527 τῆς
1050 1458 1185 1527 σφετέρης
1202 1456 1294 1526 χώρης
1306 1454 1332 1517 ἐς
1344 1475 1390 1522 την
1471 1486 1472 1503 2

859 1526 1012 1597 μεσόγαιαν
1025 1548 1050 1584 ιι.
1067 1549 1091 1582 τ.
1105 1532 1158 1598 L),
1176 1531 1249 1582 haud
1265 1533 1332 1582 satis
1344 1531 1389 1578 llo-
1471 1532 1472 1537 ’

859 1603 950 1653 rodoti
966 1605 1086 1668 respexit
1100 1604 1197 1664 verba,
1219 1602 1315 1667 quibus
1332 1598 1390 1649 nibil
1471 1604 1472 1607 ’

861 1674 937 1723 aliud
956 1673 1095 1723 indicatur
1113 1674 1168 1722 nisi
1188 1672 1275 1722 Oeam
1292 1686 1343 1720 non
1360 1669 1390 1718 ad
1471 1670 1472 1713 3

860 1743 947 1807 ipsum
962 1756 1048 1800 mare,
1063 1741 1110 1792 sed
1126 1744 1289 1803 introrsum,
1303 1756 1319 1789 a
1331 1738 1390 1788 mari

860 1813 944 1877 igitur
956 1811 1079 1862 nonnihil
1093 1801 1279 1874 remotamrffc
1291 1804 1341 1872 τήν
1352 1822 1390 1871 μι-

860 1877 993 1945 σόγαιαν,
1012 1882 1205 1942 Ιιιηιίιὶαιοᾱνιτ,
1224 1887 1256 1930 ut
1270 1896 1317 1929 uos
1332 1879 1389 1927 dici·
1471 1878 1472 1905 ³

860 1951 930 2016 rnus)
945 1953 1030 2001 luisse
1044 1953 1134 2005 sitour,
1163 1951 1251 2001 Cuius
1264 1950 1336 1998 urbis
1349 1963 1390 1995 aa·

861 2022 1031 2086 tiquissimae
1056 2036 1122 2071 sanc
1146 2025 1174 2070 et
1200 2021 1314 2085 antiqua
1338 2016 1391 2067 reli·
1471 2020 1472 2069 1

859 2093 939 2155 gione
959 2093 1074 2140 maxime
1093 2091 1209 2155 insignis
1229 2090 1310 2141 situm
1328 2100 1390 2137 nunc

858 2162 1016 2210 accuratius
1035 2159 1145 2210 definire
1166 2158 1241 2210 licet.
1278 2158 1317 2208 Ad
1338 2171 1390 2204 eam

860 2232 930 2280 enim
950 2233 1083 2295 pertinuit
1094 2230 1235 2280 Minervae
1254 2227 1318 2278 illud
1333 2230 1390 2276 tero-

858 2299 948 2364 plum,
972 2300 1075 2364 dequo
1096 2298 1130 2347 ad
1146 2298 1202 2359 111,
1222 2298 1257 2349 59
1276 2296 1388 2353 diximus,

858 2370 985 2435 quodque
1004 2369 1033 2418 in
1048 2367 1242 2418 Panhelleuico
1262 2374 1347 2416 moute
1359 2363 1389 2411 si-

858 2446 915 2489 tum
934 2439 1019 2489 luisse
1034 2438 1134 2488 dudum
1145 2443 1298 2503 propagato
1310 2448 1389 2484 errore

858 2508 930 2558 haud
945 2508 1026 2573 pauci
1039 2509 1246 2568 existimarunt,
1262 2522 1321 2555 cum
1329 2505 1389 2552 Pau·

857 2577 1017 2633 bellunum,
1039 2593 1092 2641 quo
1113 2592 1188 2625 mons
1209 2576 1255 2626 ille
1270 2589 1337 2625 uirus
1355 2571 1388 2620 al·
1471 2596 1472 2643 ᾗ

858 2649 978 2696 tissimus
991 2662 1038 2711 per
1052 2644 1166 2695 insiliam
1181 2647 1326 2710 Aeginam,
1347 2641 1388 2704 qui
1471 2692 1472 2697 ,

856 2732 927 2766 arluc
940 2717 967 2766 S.
982 2717 1062 2765 Elias
1079 2715 1194 2773 dicitur,
1216 2715 1280 2764 olim
1295 2714 1340 2763 ari
1350 2711 1388 2759 lo-

856 2787 899 2836 vis
911 2785 1099 2835 Panhelleniei
1115 2785 1278 2849 insignitus,
1296 2779 1386 2847 siguifi-
1471 2806 1472 2813 .

856 2861 935 2905 catur
960 2854 1027 2917 (vid.
1044 2854 1159 2904 Garnier
1179 2855 1221 2902 in:
1246 2852 1336 2905 Rc'vuo
1352 2865 1388 2899 ar·
1471 2910 1472 2913 Ἴ

856 2922 1033 2990 cheologique
1046 2924 1094 2974 xl.
1112 2939 1172 2988 pag.
1191 2922 1238 2974 193
1253 2938 1327 2988 seqq.
1344 2918 1388 2969 312

858 2992 961 3059 seqq),
979 2993 1136 3057 longissime
1153 2993 1214 3042 binc
1227 2993 1323 3051 distet,
1340 3003 1388 3038 ma·

857 3065 928 3113 xime
948 3071 1067 3114 remotus
1087 3078 1104 3111 a
1123 3063 1265 3113 Minervae
1289 3058 1387 3123 templo,

857 3131 930 3197 quod
944 3133 973 3182 in
993 3132 1061 3183 colle
1080 3132 1170 3182 minus
1189 3132 1299 3182 editiori
1310 3127 1387 3181 cerui-

857 3207 916 3265 tur,
937 3202 972 3252 ad
990 3203 1066 3253 cuius
1079 3202 1185 3252 radices
1202 3217 1276 3253 nunc
1295 3197 1387 3250 invenl-

857 3277 901 3321 tur
915 3271 1034 3323 ecclesia
1047 3273 1142 3322 Sancti
1155 3271 1303 3333 Demetrii,
1323 3282 1388 3320 ere·

857 3347 944 3391 terum
964 3340 1149 3392 aedificiorum
1164 3340 1301 3406 lapidibus
1313 3336 1388 3388 maai·

856 3427 927 3461 nram
954 3417 1058 3476 partem
1084 3415 1234 3461 exstructa.
1278 3412 1318 3460 De
1342 3418 1386 3472 quo

857 3483 957 3546 optime
972 3482 1129 3546 disputasse
1148 3480 1234 3530 fertur
1247 3473 1388 3530 Mustoridi

856 3553 885 3601 in
905 3551 988 3607 libro,
1016 3551 1063 3616 qui
1085 3550 1244 3600 inscribitur
1268 3542 1387 3611 Αἰγιναία

855 3635 895 3672 nr.
910 3623 935 3673 5.
959 3636 1021 3685 pag.
1037 3618 1187 3670 res-lom
1215 3614 1343 3681 περὶτοῦ
1361 3603 1386 3661 ἓν

855 3684 955 3755 Αἰγίνῃ
982 3686 1166 3753 νομιζομένου
1187 3685 1238 3737 τοῦ
1264 3683 1386 3744 novellu·

855 3756 920 3806 νίου
932 3750 1001 3813 Διὸς
1011 3755 1083 3808 ναοῦ
1093 3751 1225 3810 εἰκασίαι,
1240 3756 1308 3810 Add.
1321 3753 1385 3804 ular-

856 3834 897 3878 tor
914 3829 958 3878 fiir
972 3827 1074 3879 literiir.
1087 3827 1297 3892 Untorbaltung.
1319 3822 1385 3875 1832.

855 3914 897 3947 nr.
911 3898 971 3949 358.
985 3914 1010 3962 p.
1029 3897 1095 3949 1499
1113 3902 1140 3947 ct
1155 3912 1196 3949 nr.
1211 3896 1270 3949 359.
1286 3912 1311 3960 p.
1327 3890 1383 3942 1591

856 3984 929 4033 seq,
948 3968 1033 4017 Rosa:
1056 3965 1233 4031 Archaeolog.
1255 3964 1384 4015 Aulsiitae.

856 4053 918 4102 pag.
930 4037 978 4088 241
990 4053 1076 4101 seqq,
1088 4035 1191 4085 About:
1207 4034 1334 4085 Archives
1342 4031 1384 4079 dea

856 4108 982 4157 missione
998 4106 1141 4169 soientitiq.
1158 4107 1190 4158 Τ.
1207 4105 1257 4155 lll.
1272 4118 1327 4167 pag.
1339 4098 1385 4149 530

856 4177 1109 4241 soqq.,quibuscum
1124 4175 1196 4227 conl.
1211 4173 1295 4223 alluta
1306 4171 1385 4220 suor-

855 4246 963 4310 bigcro:
974 4245 1115 4298 Hondbd.
1124 4243 1171 4294 alt.
1180 4240 1326 4307 Geograpb.
1336 4236 1382 4287 111.

855 4333 882 4381 p.
899 4315 964 4366 1018
980 4322 1036 4364 not.
1070 4314 1110 4364 Ac
1123 4330 1206 4378 prope
1226 4311 1291 4362 illud
1307 4309 1382 4358 Oeam

855 4385 918 4435 olim
927 4386 1008 4434 sitam
1019 4385 1104 4435 luisse
1116 4385 1174 4434 ueri
1187 4384 1216 4433 tit
1227 4380 1379 4432 simillimum

855 4454 978 4507 emultis
997 4454 1140 4506 ruderibus
1159 4453 1281 4517 aedium,
1302 4443 1380 4514 sepul-
