2916 5130
253 386 524 452 leCURSUS
548 389 573 452 V
597 387 662 450 ΑΙ)
685 386 940 452 ΙΙΕΗΟΌΟΤ.
967 387 1019 463 Vl,
1041 396 1075 455 69
1177 386 1237 453 817

470 793 793 873 EXOURSUS
821 796 856 871 V

319 964 405 1026 uu
451 962 911 1045 taruennam,
958 966 1008 1026 ao.

508 1125 564 1182 DE
588 1122 821 1180 ASTRABACO.

250 1273 315 1351 (Ex
343 1276 519 1333 Creuzerr'
542 1275 699 1332 Commenlt.
731 1275 874 1331 Herodott.
900 1292 970 1347 paq.
1002 1275 1080 1351 242.)

581 1459 747 1468 .----

181 1581 357 1646 „Ferebatur
378 1579 478 1649 triplex
501 1580 570 1630 fama
596 1579 630 1631 de
653 1586 715 1632 ortu
731 1570 886 1631 Demarati.=
909 1578 1001 1632 Prima
1022 1580 1164 1651 alteraque
1185 1601 1231 1636 ea-

92 1664 189 1734 pedita
203 1672 255 1727 est,
273 1665 328 1734 qud
344 1664 454 1734 quidem
463 1664 506 1717 rel
520 1664 660 1716 Aristonis
676 1664 751 1732 regis
767 1664 810 1717 vel
825 1664 970 1717 Astrabaci
985 1665 1076 1718 herois
1088 1666 1232 1719 dicebatur

92 1749 180 1802 lilius.
224 1748 337 1801 Tertiae
353 1752 439 1802 laruae
456 1749 588 1817 originem
603 1749 730 1801 latentem
746 1749 910 1819 aperiamus.
947 1751 1087 1803 Aristonis
1102 1751 1232 1803 dubitan-

91 1841 148 1886 tem
175 1834 292 1886 animum
322 1842 519 1904 nutantemque
546 1834 755 1887 confirmaverat
783 1834 870 1886 oratio
905 1835 999 1887 uxoris
1025 1842 1052 1887 et
1079 1844 1171 1889 vatum
1197 1835 1231 1887 de

91 1918 246 1970 Astrabaco
263 1919 346 1971 beroe
364 1920 543 1971 narrantium.
574 1917 760 1970 inclinaverat
781 1935 879 1971 rursus
898 1920 1030 1988 temporis
1051 1920 1135 1988 ratio,
1157 1921 1230 1972 utin

90 2002 267 2072 Ephororum
283 2004 351 2056 adeo
368 2021 503 2057 consessu
526 2003 658 2074 mensium
676 2021 787 2055 numero
802 2003 871 2055 inito
887 2004 981 2056 Aristo
1002 2013 1130 2071 negaret,
1151 2021 1231 2056 suurn

92 2087 179 2139 filium
195 2106 258 2141 esse
273 2088 457 2142 Demaratum.
495 2091 531 2140 at
546 2105 613 2141 vero
634 2088 695 2140 eius
712 2088 777 2140 dicti
798 2105 859 2139 eum
879 2088 1030 2157 poenituit,
1052 2096 1231 2159 posteaquam

90 2171 251 2225 adoleverat
273 2173 419 2241 puerulus.
461 2174 550 2236 Quam
573 2174 784 2225 inconstantiam
803 2172 932 2225 credibile
956 2183 1001 2225 est
1020 2190 1081 2226 eum
1097 2192 1230 2227 excusare

93 2256 217 2309 voluisse
240 2257 438 2325 Spartanorum
462 2258 638 2327 optimatibus
660 2274 692 2309 ac
713 2257 830 2326 proinde
845 2265 919 2311 certe
935 2258 963 2311 in
980 2276 1073 2312 aurem
1099 2276 1229 2312 narrasse

90 2340 167 2393 illum
181 2341 368 2394 interventum
385 2343 528 2394 Astrabaci
543 2343 644 2407 herois,
660 2358 786 2411 quaeque
808 2342 873 2395 inde
890 2353 1050 2396 evenerant.
1087 2346 1177 2413 Atque
1196 2362 1229 2397 ex
1291 2409 1297 2419 ·

91 2424 143 2477 hoo
166 2426 228 2496 ipso
256 2426 363 2479 nomine
389 2429 528 2482 Astroboci
551 2427 652 2479 inimici
674 2425 819 2479 Demarato
846 2428 966 2480 homines
992 2430 1158 2481 effinxerant
1179 2423 1229 2482 τὸν

88 2503 264 2581 ὀνοφορβόν,
284 2528 394 2564 servum
411 2513 570 2580 asinariam,
586 2518 714 2581 tanquam
730 2511 820 2580 ipsius
835 2522 949 2582 patrem.
978 2514 1048 2565 Nam
1063 2515 1110 2582 qui
1123 2505 1228 2580 ’Λστρά-

87 2596 179 2666 βακον
200 2587 325 2647 audierat
345 2597 536 2664 pronuntiari,
560 2596 586 2649 ei
601 2612 717 2666 pronum
739 2605 812 2661 erat,
835 2596 869 2649 da
888 2589 1050 2668 άστράβῃ*)
1071 2598 1133 2650 siva
1148 2598 1227 2650 asino

87 2681 228 2733 clitellario
244 2680 366 2748 cogitare
388 2682 512 2751 adeoque
529 2682 563 2733 de
580 2700 711 2752 agasone,
727 2681 837 2750 quaudo
861 2681 938 2733 vocis
953 2680 1077 2733 clausula
1104 2712 1139 2721 —
1159 2700 1228 2743 ακος

87 2781 145 2815 non
162 2763 243 2833 longe
259 2765 414 2837 discederet
431 2783 447 2817 a
462 2765 561 2818 vocula
576 2759 654 2833 άγός.
698 2767 743 2819 Ne
758 2765 858 2817 multat
880 2766 1007 2818 luserant
1028 2767 1056 2817 iu
1080 2767 1227 2819 Astrabaci

88 2847 199 2901 nomine
211 2850 285 2916 regis
298 2851 460 2919 adversarii,
473 2850 1227 2921 quogravioremuotaminurerentcontemptioremque

88 2932 239 2985 redderent
254 2934 366 3003 populo.
410 2920 510 3005 Neque
526 2953 592 2989 vero
605 2934 691 2986 solum
705 2934 744 2987 illi
764 2935 889 2987 Lacones
907 2942 974 2987 tunc
990 2936 1119 3005 temporis
1141 2936 1170 2987 in
1193 2954 1226 2988 eo

88 3018 197 3069 nornine
220 3017 323 3070 lusisse
342 3020 458 3088 putandi
481 3028 562 3072 sunt:
585 3037 696 3087 verum,
722 3025 753 3072 ut
774 3019 806 3070 nt
833 3018 862 3070 in
888 3019 1070 3087 religionibus
1092 3020 1224 3090 antiquis,

88 3110 199 3155 veteres
215 3102 336 3155 homines
353 3104 386 3154 ab
404 3104 483 3156 initio
500 3116 583 3176 atque
600 3105 742 3158 universe.
777 3104 846 3156 Nara
861 3121 932 3174 quae
946 3106 1086 3175 scriptura
1107 3105 1225 3156 nominis

87 3185 117 3237 in
133 3187 238 3256 aliquot
251 3187 393 3240 codicibus
409 3198 500 3242 exstat
510 3183 703 3261 Ἀστροβάκου
719 3198 746 3242 et
764 3183 966 3260 Ἀστρόβακος,
988 3208 1021 3242 ea
1044 3200 1225 3244 astronomum

86 3270 219 3323 declarat.
264 3272 365 3324 Suidas
394 3273 455 3326 Vol.
481 3274 503 3325 Ι.
530 3294 556 3343 p.
583 3278 635 3329 360
660 3275 744 3326 Kust.
768 3274 869 3326 Zonar.
896 3275 965 3327 Lex.
993 3276 1042 3328 Gr.
1071 3291 1134 3344 pag.
1159 3278 1225 3330 313:

80 3347 262 3427 Ἀστρόβακος
276 3349 291 3409 ὁ
306 3351 485 3426 άστρόνομος.
509 3359 607 3420 Qualis
620 3377 686 3411 vero
702 3359 752 3410 hoc
763 3359 790 3410 in
803 3359 911 3411 nomine
925 3360 1092 3411 astronomia
1109 3360 1224 3427 cogitari

86 3439 201 3508 debeat,
220 3451 332 3494 nonest
349 3443 424 3511 quod
440 3460 556 3512 operose
571 3444 696 3509 doceam,
714 3451 742 3495 et
756 3443 857 3495 Suidas
873 3444 1006 3496 continuo
1022 3445 1104 3496 docet
1118 3444 1146 3494 in
1162 3461 1223 3496 voc.

85 3517 264 3596 ἀστρονομία,
281 3526 327 3578 ubi
342 3521 521 3595 ἀστρολογίας
537 3530 651 3595 μαγείας
667 3529 868 3600 Magorumque
883 3546 914 3579 ac
927 3526 1075 3581 Persarum
1092 3528 1223 3595 (Magog)

85 3609 250 3664 mentionem
264 3611 339 3664 lacit.
375 3612 455 3674 Quae
471 3629 530 3665 cum
545 3612 585 3664 ita
596 3613 662 3680 sint,
678 3613 765 3666 altera
780 3613 882 3665 heroici
899 3613 1015 3664 nominis
1032 3614 1118 3665 lorma
1134 3614 1222 3666 colno-

85 3713 146 3748 ram
160 3697 323 3748 mentionem
344 3698 439 3749 babet:
463 3704 595 3751 astrorum
611 3701 825 3771 astrologloeque
844 3696 940 3749 altera.
984 3696 1131 3748 Disiuncta
1157 3698 1223 3749 haec

85 3796 119 3830 ao
134 3779 291 3832 differentia
305 3781 422 3849 iungere
438 3799 469 3834 ac
484 3782 613 3852 copulare
632 3784 712 3836 lacile
728 3784 837 3853 possis,
863 3781 887 3833 si
905 3780 1052 3833 admoneas
1073 3775 1181 3850 φάτνης
1196 3790 1224 3834 et

84 3857 178 3931 ὄνων,
196 3868 334 3921 stellarum
349 3867 376 3918 in
390 3876 609 3921 astronomorum
620 3876 742 3922 veterum
758 3868 836 3920 libris
850 3865 1057 3919 celebratarum.
1080 3867 1141 3934 Ego
1157 3883 1224 3920 vero

157 4100 185 4167 *)
202 4102 323 4153 Bekker:
334 4101 455 4154 Anecdd.
469 4102 491 4151 I.
503 4120 529 4167 p.
540 4106 605 4155 455:
615 4093 845 4169 ἈστραβηίάτηςΙ
854 4092 1004 4167 ὀνηλάτας,
1015 4100 1072 4150 vid.
1085 4101 1150 4151 ibid.
1161 4117 1224 4167 pag.

85 4172 138 4221 454
156 4173 185 4221 in
199 4165 335 4240 άστράβη.
373 4175 464 4239 Atque
480 4172 547 4223 hoec
566 4172 663 4223 vocula
685 4172 758 4237 apud
784 4178 890 4222 veteres
913 4172 1103 4222 declaraverat
1127 4176 1222 4222 arbium

85 4244 222 4306 maturaque
241 4245 396 4294 clitellorlum
422 4260 454 4293 ac
477 4241 590 4307 proiudo
621 4241 737 4306 quodvis
763 4243 910 4293 iumentum
934 4242 1101 4305 onerarium,
1124 4246 1234 4308 postea

87 4326 196 4375 quoque
214 4311 309 4363 sellam
321 4313 493 4378 clitellasquo
512 4314 594 4376 ipsas.
625 4312 688 4363 vid.
702 4313 807 4363 Moerin
823 4313 915 4377 ibique
932 4312 1056 4364 Pierson.
1073 4328 1100 4377 p.
1113 4312 1147 4362 57
1162 4328 1221 4377 seq.

85 4380 208 4445 Hesych.
223 4381 247 4434 1.
262 4399 288 4447 p.
304 4383 365 4434 385.
379 4382 481 4434 altbert.
498 4380 616 4446 Bergler.
631 4385 658 4432 et
668 4382 794 4448 Wagner.
808 4383 844 4432 ad
858 4382 979 4447 Alciphr.
994 4382 1030 4443 ll,
1044 4383 1070 4434 3.
1087 4398 1113 4446 p.
1128 4382 1179 4433 322
1193 4389 1223 4432 et

84 4452 186 4502 Zonar.
206 4452 271 4502 Lex.
287 4453 333 4504 Gr.
347 4468 373 4517 p.
389 4452 449 4506 314.
463 4452 523 4503 321.

121 4557 288 4611 aaronem
310 4558 359 4601 111.
982 4536 1024 4598 52
