3008 5128
386 494 390 503 ι
474 400 841 498 snnesrcnosq.
862 406 898 469 v.
922 414 966 472 ee.
1231 407 1289 473 υτ

148 578 212 671 μὲν
225 576 293 651 ἐὸν
313 585 471 670 δοκίμου,
493 574 577 669 eicio
597 577 637 651 eoi
655 578 825 652 ἀνέκαθεν
837 576 899 651 ούκ
919 589 982 670 ἔχω
996 579 1138 670 φράσαι·
1163 581 1288 657 θύουσι

92 700 148 753 404
157 686 194 754 δὲ
208 690 243 754 oi
252 689 432 774 συγγενέες
451 680 557 755 αύτού
570 692 632 756 Διῒ
644 693 770 774 Καρίῳ.
797 674 889 755 οὗτοι
908 689 944 754 oi
953 682 1075 772 ἇνδρες
1090 690 1288 758 ἐστασίασαν

147 791 227 876 περὶ
242 790 420 879 δυνάμιος,
441 789 640 879 ἑσσούμενος
660 789 698 860 dl
718 785 960 876 ὁΚλεισθένης
978 786 1037 858 τὸν
1058 794 1164 879 δῆμον
1183 813 1284 880 προσ-

147 901 359 982 εταιριζεται·
385 892 468 984 μετὰ
488 893 526 963 δὲ
544 893 771 985 τετραφύλους
786 891 900 973 ἐόντας
925 889 1122 983 Ἀθηναίους
1138 894 1284 985 δεκαφύ-

182 1054 292 1110 θύουστ
304 1054 336 1110 δὲ
348 1054 379 1110 oi
390 1052 534 1125 συγγενέες
545 1052 635 1111 αύτοῦ
644 1060 694 1115 Διῒ
745 1060 873 1124 Caribus,
889 1060 1049 1126 quibuscum
1064 1065 1170 1113 mature
1185 1061 1285 1114 habue-

146 1127 260 1195 Καρίῳ]
277 1132 319 1181 De
335 1131 393 1182 Ioue
404 1132 480 1181 Cario
500 1135 527 1181 et
538 1132 571 1182 de
586 1132 693 1183 Curibus
743 1130 799 1180 rint
819 1132 1022 1193 commercium,
1044 1132 1151 1182 confusi
1170 1132 1283 1184 fuerint.

145 1201 203 1251 vid.
218 1206 289 1254 nott.
300 1201 335 1251 ad
347 1202 370 1263 1,
383 1202 442 1252 ΠΙ,
468 1201 611 1251 Pertinent
625 1218 690 1252 vcro
741 1200 784 1251 De
798 1216 852 1265 quo
865 1205 927 1251 utut
940 1203 1058 1265 statuis,
1077 1201 1160 1252 Cares
1175 1218 1222 1266 per
1234 1219 1283 1252 an-

145 1272 215 1321 haec
231 1272 267 1321 ad
283 1272 515 1336 εαοττμαολὶλίαἰα,
536 1286 606 1336 quac
619 1272 690 1336 apud
741 1270 898 1335 tiquitetem
911 1269 1026 1323 infames
1037 1270 1123 1322 luisse
1138 1277 1282 1337 monstrat,

144 1340 328 1392 Athenienses
345 1357 399 1391 non
420 1340 499 1390 aliter
516 1345 600 1406 atque
616 1342 689 1407 opud
740 1339 834 1390 eodem
844 1340 1007 1391 observante
1018 1341 1208 1405 Valckenario,
1221 1358 1283 1406 pro,

143 1412 285 1461 Romanos
299 1410 422 1476 eliaeque
437 1411 612 1475 antiquitatis
625 1427 689 1476 gen·
737 1410 860 1460 verbium
878 1401 910 1458 iv
924 1404 1019 1473 Καρὸς
1037 1406 1113 1475 αἴσῃ.
1148 1411 1190 1463 Cf.
1208 1412 1281 1463 aliae

144 1486 188 1530 tea
199 1481 300 1530 eximie
312 1480 478 1530 colebantur.
507 1481 621 1544 Spectat
635 1480 687 1533 bue
738 1478 842 1529 similes
855 1479 1005 1530 locutiones
1014 1481 1087 1543 apud
1096 1481 1218 1545 Euripid.
1230 1481 1282 1544 Cy·

142 1565 200 1600 uox
217 1543 250 1598 oi
262 1546 418 1614 συγγενέες,
440 1550 473 1600 de
488 1551 567 1601 cuius
585 1551 686 1615 signifi·
738 1548 875 1614 cloplibl).
888 1549 1003 1599 Aristid.
1014 1550 1046 1600 T.
1058 1549 1111 1601 ΙΙΙ.
1123 1566 1150 1614 p.
1164 1550 1223 1601 256.
1239 1550 1281 1600 Ci-

143 1621 256 1670 catioue
275 1620 327 1670 tali
346 1620 373 1669 iu
393 1636 423 1671 re
442 1621 570 1683 exposuit
586 1620 686 1672 Meier:
738 1635 792 1669 cer.
803 1617 896 1670 Flacc.
907 1635 929 1668 c.
939 1620 986 1670 27:
1002 1618 1051 1681 „et
1062 1619 1126 1684 quid
1138 1635 1198 1670 cum
1210 1621 1280 1685 peri-

143 1691 189 1741 De
205 1689 365 1754 gentilitate
383 1705 445 1755 pag.
459 1689 506 1739 27:
530 1689 686 1741 indicuntur
737 1688 798 1738 culo
811 1690 927 1752 experiri
939 1687 1020 1748 velia,
1033 1688 1061 1737 in
1073 1689 1140 1739 Care
1152 1689 1180 1739 id
1193 1691 1280 1754 potis-

143 1761 216 1811 enim
237 1763 364 1825 cognati,
383 1759 427 1809 vel
443 1760 536 1824 potius
555 1760 600 1825 qui
613 1760 686 1811 eius·
736 1757 833 1809 simum
846 1774 905 1809 esse
918 1756 1104 1808 faciundum.“
1122 1758 1184 1809 Vid.
1199 1759 1280 1811 Hem·

143 1829 204 1879 dem
218 1836 286 1879 aaut
302 1829 410 1894 generis
430 1844 452 1880 s.
466 1829 560 1893 stirpis
579 1821 622 1894 (oi
637 1815 685 1877 ὅν·
737 1827 855 1879 sterbua.
885 1828 921 1878 ad
949 1829 1109 1892 Argument.
1139 1827 1278 1894 Aristopb.

140 1913 188 1956 τες
202 1888 234 1946 lu
243 1896 295 1949 τοῦ
306 1889 396 1948 citui
407 1896 519 1962 γένους,
534 1900 615 1949 nteit
625 1899 686 1948 dm·
735 1896 808 1948 Plut.
822 1912 887 1963 pag.
903 1899 919 1949 d
934 1903 978 1958 et,
992 1903 1106 1948 notante
1117 1898 1181 1956 Or..
1195 1899 1279 1950 Hein-

141 1985 214 2021 mon.
231 1984 296 2034 pag.
310 1967 353 2033 3),
374 1969 490 2033 indeque
508 1969 605 2019 iisdem
623 1983 686 2033 ope·
736 1967 805 2017 dori.
823 1966 858 2016 ad
872 1965 980 2017 Platon.
997 1967 1116 2033 Euthyd.
1136 1982 1199 2033 pag.
1216 1967 1278 2020 314.

142 2044 239 2089 rantur
273 2040 360 2089 sacris
394 2037 562 2103 eundemque
592 2037 686 2088 colunt
735 2036 810 2087 Idem
833 2038 882 2087 Cr.
907 2036 960 2087 buc
987 2038 1058 2087 citat
1085 2037 1278 2088 Pseudo-Plu·

140 2110 220 2159 deum
234 2108 394 2170 tutelarem,
407 2110 492 2161 totius
502 2107 591 2173 gentis
605 2106 685 2172 quasi
735 2105 825 2157 taroh.
835 2106 877 2156 De
887 2104 1136 2172 malignlierodot.
1144 2124 1206 2173 pag.
1216 2107 1277 2159 860.

140 2178 307 2243 praesidem,
335 2179 414 2228 Hunc
429 2166 598 2242 igiturdeum
612 2176 685 2241 qnod
735 2202 770 2212 —
799 2176 841 2226 Ad
872 2177 984 2228 verbum
1013 2175 1276 2237 προσεταιρίζεσθαι

140 2248 275 2314 Ieagorae
295 2263 362 2311 geue
382 2247 465 2298 coluit
480 2248 562 2297 Iovem
575 2246 684 2305 Corium,
736 2245 809 2297 coni.
831 2245 889 2308 ΙΙΙ,
914 2246 956 2297 70.
1003 2246 1057 2309 Qui
1080 2246 1213 2298 Herodoti
1236 2247 1277 2297 lo·
1341 2280 1349 2295 .

140 2318 168 2368 id
185 2322 229 2369 est
243 2318 414 2384 peregrinum
427 2318 508 2382 quasi
520 2315 612 2379 deum,
629 2332 684 2366 non
735 2331 795 2367 cum
818 2315 897 2366 affert
912 2315 1051 2379 verboque
1070 2313 1276 2376 προσεταιρίζε-

140 2388 265 2438 Atticum
284 2403 318 2438 ac
341 2388 385 2438 vix
407 2388 557 2449 Graecum,
582 2387 610 2436 id
632 2385 684 2437 hoc
735 2384 805 2434 σθαι
821 2400 882 2435 eam
896 2385 980 2435 tribui
994 2385 1053 2434 vult
1066 2385 1093 2436 h.
1106 2384 1124 2435 l.
1139 2384 1276 2449 significa·

139 2456 200 2507 loco
225 2462 365 2523 tamquam
389 2456 526 2521 peculiare
548 2455 684 2521 quoddam
734 2456 844 2514 tiouem,
856 2454 1013 2518 utscriptor
1022 2453 1136 2504 dixerit:
1151 2455 1277 2517 „Clisthe-

139 2527 279 2590 proiertur
304 2532 332 2579 et
349 2526 385 2577 ad
403 2528 531 2592 langores
550 2525 681 2590 originem
732 2540 777 2575 nes
796 2522 860 2573 dude
875 2524 923 2574 dos
939 2525 1006 2574 Velle
1023 2526 1154 2574 soacinen
1168 2525 1276 2573 Ηοιᾶνίε

138 2596 333 2648 declarandam
343 2596 465 2648 nonnihil
478 2596 590 2657 iaciens,
600 2596 681 2661 quod,
729 2592 878 2660 gemucdt“,
900 2594 1034 2644 Boettner
1055 2592 1229 2656 (Gcschicbte
1249 2593 1275 2642 d.

138 2668 187 2733 qui
203 2668 239 2717 ad
252 2668 383 2732 langores
397 2675 505 2729 gentem
517 2669 680 2730 pertineant,
732 2662 896 2729 politisehen
905 2662 1052 2713 Hetitrieen
1063 2663 1090 2712 in
1101 2661 1199 2712 tehen.
1211 2677 1274 2727 pag.

137 2752 204 2800 uon,
213 2742 247 2787 ut
256 2734 683 2802 reliquitthonienees,lovicny-
735 2731 795 2796 te),
819 2732 842 2782 is
859 2732 925 2782 mibi
941 2747 994 2782 non
1009 2748 1118 2796 prot-aua
1133 2735 1207 2782 recte
1219 2732 1274 2781 vim

137 2804 253 2873 γενείῳ,
271 2811 302 2857 ut
316 2806 467 2858 vocabatur
485 2803 534 2870 (cl.
548 2803 681 2854 Crenaee:
733 2802 814 2853 hrrius
827 2802 903 2852 verbi
917 2801 944 2853 h.
957 2801 976 2853 l.
992 2802 1099 2866 cepisse
1113 2801 1235 2865 videtur,
1250 2800 1275 2852 si

137 2877 231 2939 Symb.
243 2876 295 2927 ΙΙΙ.
310 2892 335 2941 p.
352 2876 400 2926 lld
411 2875 453 2926 ed.
465 2873 552 2939 tert),
568 2874 616 2924 sed
629 2873 684 2924 Ioci
733 2873 840 2938 quidem
860 2872 949 2921 nostr-i
972 2871 1115 2936 scriptoris
1139 2872 1208 2921 baec
1227 2886 1275 2936 po-

136 2947 214 2997 Gario
227 2945 438 2997 sacreiaeiant:
455 2959 487 2994 ex
500 2959 553 3010 quo
565 2943 636 3009 ipso,
651 2948 683 2993 nt
733 2944 789 2992 tina
805 2947 848 2991 eat
869 2942 1019 2992 sententia:
1041 2939 1208 3004 Clisthenes,
1227 2942 1273 3005 qui

136 3018 208 3066 scite
227 3017 385 3081 suspicatur
405 3013 585 3072 vintolano..
608 3013 683 3063 vilis·
732 3012 857 3078 princepe
871 3026 905 3061 ac
919 3012 972 3061 dux
985 3010 1113 3061 iectionis
1124 2999 1272 3076 (ἑταιρίας)

136 3086 234 3135 simam
245 3085 362 3136 bominis
372 3085 503 3150 originem
517 3097 681 3148 cognoscere
731 3081 986 3131 Alcmaeonidarmn
1018 3077 1050 3144 (i.
1080 3096 1104 3130 e.
1131 3079 1270 3135 nobilium.

134 3154 231 3217 liceat,
245 3155 288 3205 bia
298 3155 388 3206 verbis
398 3160 471 3206 tecte
482 3152 680 3219 quodammodo
731 3149 917 3215 optimatium)
938 3155 1011 3213 erat,
1033 3165 1094 3200 cum
1109 3150 1142 3199 ab
1158 3165 1206 3208 eo,
1224 3148 1272 3214 qui

134 3225 303 3288 iudicatam,
322 3225 347 3275 si
359 3225 467 3290 quidem
478 3223 542 3273 iude
554 3226 679 3286 apparet,
731 3220 844 3271 alterius
863 3220 991 3270 factionis
1011 3218 1155 3281 duxerat,
1181 3219 1271 3269 victua

136 3295 256 3345 maiores
270 3295 353 3346 Carti
366 3294 494 3344 oriundos
509 3293 539 3341 iu
556 3293 678 3342 Atticam
730 3295 818 3351 esset,
842 3290 895 3338 iam
912 3289 1039 3354 populum
1055 3287 1271 3354 (Alcmaeonidis

134 3366 429 3429 recepticumesaeut,
444 3363 625 3426 ascrapatria
639 3377 679 3411 re·
729 3365 794 3411 ante
820 3358 958 3410 intensum
981 3364 1008 3410 et
1031 3359 1060 3409 in
1080 3357 1271 3409 Pisistratidas

134 3436 252 3485 tinuisse
262 3432 303 3497 (id
315 3434 388 3498 quod
401 3432 558 3499 inquilinis,
573 3431 677 3481 liberti·
727 3427 902 3495 propensum)
919 3427 954 3477 ad
971 3443 1036 3478 suas
1054 3432 1146 3492 partes
1163 3426 1272 3477 trabere

134 3506 194 3565 nia,
216 3504 282 3555 aliis
300 3519 460 3554 concessum
480 3502 564 3552 luisse
587 3504 677 3550 osten·
728 3504 755 3548 et
781 3513 846 3549 suae
874 3497 991 3548 factioni
1017 3496 1166 3548 conciliare
1192 3496 1271 3546 insti-

134 3575 222 3633 duot,
244 3589 314 3640 quae
327 3573 456 3624 disseruit
466 3571 636 3622 Soboemann
649 3570 677 3619 in
727 3569 797 3629 tuit,
815 3583 869 3633 qno
882 3566 978 3618 melina
991 3566 1177 3617 adversarium
1191 3581 1271 3631 supe·

134 3644 296 3695 Prolusione
319 3643 352 3692 de
378 3641 555 3708 religionibus
576 3640 677 3692 exteris
726 3642 811 3689 reret.
837 3639 876 3688 Ac
890 3636 1030 3687 declarant
1043 3636 1094 3687 hoc
1104 3638 1165 3701 ipsa
1177 3635 1270 3687 Nostri

134 3714 210 3778 apud
242 3712 431 3763 Athenienses.
474 3708 677 3775 Grypbiswald.
726 3707 825 3769 verba,
846 3723 914 3772 quae
937 3706 1010 3756 infra
1027 3706 1204 3771 legunturV,
1220 3705 1268 3756 69:

136 3785 212 3835 1857.
238 3798 302 3849 pag.
326 3781 378 3846 to).
410 3781 495 3832 Cares
517 3789 609 3832 autem
629 3794 678 3844 per
727 3769 778 3825 τὸν
805 3767 963 3840 Ἀθηναίων
988 3773 1095 3840 δῆμον,
1127 3772 1269 3835 πρότερον

133 3854 279 3904 Graeciam
297 3852 368 3903 male
382 3851 532 3901 audiebant
548 3849 678 3900 inlamen-
728 3837 911 3908 ἀπωσμένον,
931 3837 994 3895 τότε
1008 3839 1100 3894 πάντα
1115 3838 1186 3907 πρὸς
1205 3837 1268 3910 τὴν

133 3939 186 3988 que
204 3922 391 3973 habebantur:
415 3921 514 3986 quippe
534 3920 581 3984 qui
596 3918 676 3985 primi
727 3908 863 3966 ἑαυτοῦ
890 3916 995 3979 μοῖραν
1024 3913 1106 3980 (qnae
1132 3930 1198 3964 saue
1226 3919 1268 3964 est

133 3992 258 4045 mercede
276 3991 405 4043 conducti
422 3990 577 4040 militabant
598 3993 676 4039 etex
726 3977 845 4050 ἑταιρία)
852 3977 1063 4049 προσεθήκατο,
1071 3990 1111 4036 et:
1122 3973 1158 4049 ἦν
1169 3997 1206 4044 τε,
1217 3974 1268 4032 τὸν

133 4065 234 4129 quibus
247 4063 330 4114 etiam
341 4061 418 4111 multi
429 4062 458 4111 in
472 4060 616 4111 Graeciam
628 4074 675 4108 ve·
726 4046 820 4119 δῆμον
838 4051 1050 4135 προσθέμενος,
1072 4051 1167 4120 πολλῷ
1184 4043 1268 4102 nucei-

131 4134 246 4184 niebaut
256 4133 338 4183 servi.
360 4130 437 4181 Coni.
448 4134 518 4179 nott.
527 4128 562 4178 ad
573 4129 605 4189 V,
614 4129 625 4178 l
634 4129 642 4178 l
651 4129 674 4178 l.
726 4123 817 4188 περθε
829 4121 886 4173 τοῖν
899 4117 1150 4174 αντιστασιωτέων.

131 4204 223 4265 Quare
234 4197 672 4266 Solduu(Rbeiu.Mua.N.F.lll.
765 4185 957 4256 τετραφύλους
982 4184 1081 4251 ἐόντας
1098 4183 1269 4256 Ἀθηναίους

132 4289 160 4336 p.
173 4271 220 4337 98)
232 4287 293 4322 eam
307 4271 436 4335 proponit
448 4268 625 4327 sententium,
643 4270 675 4316 ut
725 4257 904 4327 δεκαφύλους
917 4254 1044 4328 ἐποίησε]
1060 4263 1138 4314 Ocni.
1151 4261 1224 4312 iufra
1233 4260 1267 4323 V,

131 4342 264 4407 lsagorae
280 4346 403 4406 gentem,
424 4354 496 4405 qnae
513 4340 605 4389 lovem
625 4336 677 4387 Ca·
725 4335 760 4387 69
776 4339 819 4397 et,
840 4334 886 4399 qui
909 4334 981 4384 bunc
999 4334 1087 4384 locum
1107 4330 1267 4395 respiciunt,

130 4412 202 4462 rium
215 4409 335 4477 privatis
348 4410 434 4461 sacris
445 4407 574 4469 coluerit,
587 4407 676 4472 repeti
725 4407 845 4457 Pausan.
864 4406 891 4467 Ι,
912 4407 936 4453 5.
958 4407 982 4466 5.
1002 4404 1026 4455 l.
1046 4401 1134 4453 Sobol.
1152 4399 1266 4453 Aristid.

130 4481 198 4533 velit
214 4497 249 4533 ex
269 4481 366 4544 Ionia,
388 4479 466 4531 cuius
483 4478 591 4529 incolae
615 4491 677 4528 cum
726 4491 790 4542 pag.
802 4474 852 4526 110
861 4475 904 4526 ed.
916 4473 1059 4524 Frommcl.
1085 4473 1126 4523 De
1139 4473 1267 4536 quattuor
