3010 5134
462 394 734 455 POLYMNIA.
756 395 827 457 VlI.
851 405 909 458 128.
932 405 993 460 129.

1232 393 1294 456 627

162 566 247 650 αἰεὶ,
277 563 363 646 ὅκως
385 594 416 635 τι
439 568 552 636 ἐθέλοι
577 573 709 637 τοιοῦτο
734 571 887 656 ποιῆσαι,
915 563 1050 648 ἀνέδεξε
1076 566 1218 656 σημήϊον
1237 569 1294 637 καὶ

109 687 159 739 581
171 684 257 739 rotor
278 666 409 739 ἄλλοισι
423 667 628 757 ἀνοίγεσθαι,
654 668 848 741 καταλιπών
866 667 971 739 αὐτοῦ
991 668 1051 739 τὸν
1073 669 1173 753 πεζὸν
1192 692 1292 759 στρα-

160 772 230 841 τόν.
267 775 339 842 ἐπεὶ
361 773 398 842 δέ
420 772 558 843 ἀπίκετο
579 777 635 844 καὶ
657 775 821 863 ἐθεήσατο
841 778 963 862 Ξέρξης
986 772 1048 862 τήν
1066 772 1209 863 ἐκβολήν
1232 780 1292 843 τοῦ

161 883 325 965 Πηνειοῦ,
340 881 377 946 ἐν
391 878 547 965 θαύματι
563 878 697 972 μεγέλςο
708 882 869 964 ἐνέσχετο.
897 880 1038 957 καλέσας
1052 877 1089 945 di
1100 874 1177 956 τούς
1190 906 1290 966 κατη·

160 979 303 1067 γεμόνας
322 985 380 1068 τῆς
400 976 482 1050 ὁδοῦ
498 991 622 1069 εἴρετο,
651 987 682 1050 εί
695 980 754 1050 τὸν
773 978 922 1067 ποταμὸν
944 987 1012 1049 ἔστι
1034 983 1291 1069 παρατρέψαντα

161 1086 254 1170 ἑτέρη
275 1085 309 1163 ἐς
323 1083 500 1153 θάλασσαν
519 1089 704 1172 ἐξαγαγεῖν.

758 1081 826 1172 Τήν
845 1084 882 1152 δέ
898 1091 1086 1171 Θεσσαλίην
1104 1085 1201 1171 λόγος
1220 1085 1358 1153 11011Ιῖ9

159 1184 195 1254 cd
210 1185 354 1255 uniordo
368 1185 455 1256 εἶναι
471 1196 610 1277 λίμνην,
634 1186 717 1257 ὥστε
737 1214 776 1274 γε
790 1190 1099 1312 συγκεκληίσμένην
1119 1188 1290 1257 πάντοθεν

158 1286 364 1377 ὑπερμήκεσι
385 1287 510 1379 οὔρεσι.
538 1320 577 1360 τα
566 1289 711 1380 μὲν
673 1318 738 1378 γαρ
757 1287 859 1377 αὐτῆς
878 1289 960 1377 πρὸς
975 1289 1037 1378 τὴν
1053 1287 1101 1377 qu
1089 1295 1233 1414 έχρντα
1253 1291 1290 1393 τό

157 1420 193 1462 τε
209 1393 337 1480 Πήλιον
352 1384 450 1480 οὖρος
464 1391 550 1463 καὶ
533 1423 554 1483 η
564 1393 667 1463 Ὄσσα
682 1391 874 1482 ιἰποκλήίει,
888 1394 1165 1483 συμμίσγοντα
1130 1421 1188 1473 τας
1197 1419 1289 1463 onor

157 1599 305 1649 Schaeiero
317 1600 445 1650 insertam
455 1601 579 1683 equidem
587 1617 646 1652 cum
658 1619 698 1652 re-

157 1669 239 1734 liquis
255 1669 316 1722 edd.
330 1669 428 1723 delevi.
464 1671 506 1720 Ad
526 1664 697 1735 assereres.

157 1743 227 1799 nott²
242 1737 276 1787 ad
289 1739 342 1800 VI,
359 1739 417 1788 121.

191 1801 353 1856 καταλιπών
362 1802 453 1857 αὑτοῦ
461 1804 513 1857 τὸν
523 1801 608 1868 πεζὸν
617 1821 698 1869 στρα-

156 1871 219 1940 τὸν]
233 1891 324 1926 curce
314 1877 371 1927 'sd
383 1877 511 1928 Thermum
520 1880 619 1929 refero.
632 1880 698 1931 Mox

155 1941 289 2010 θαύματι
308 1947 417 2011 reposui
433 1964 482 2013 pro
503 1942 626 2012 θώματι.
656 1948 697 1999 rid

53 2046 59 2055 ·
156 2016 233 2067 verbi
245 2008 393 2080 ἐνέχεσθαι
406 2032 484 2067 usum
499 2019 527 2068 in
541 2017 644 2068 talibus
658 2019 695 2069 ci.

157 2085 243 2135 allate
256 2086 347 2147 ch1‚
363 2086 404 2136 50.
416 2088 494 2148 Vlll,
507 2088 550 2139 52.
572 2087 612 2135 Ac
627 2088 698 2138 dixit

155 2158 257 2207 Noster
278 2155 362 2215 Vlll,
381 2156 427 2206 135
452 2149 487 2204 έν
504 2150 698 2219 θαύμαινέν

156 2223 286 2288 igerius,
311 2226 429 2290 itemque
454 2225 555 2288 lx,37
578 2225 639 2277 coll.
658 2227 697 2289 11,

159 2295 217 2345 121.
226 2297 283 2357 §.z
295 2295 342 2344 nbi
352 2294 502 2359 simplicem
515 2294 638 2344 dativum
652 2297 700 2345 ad-

156 2364 266 2414 struxit.
307 2365 391 2415 1111011
415 2369 507 2414 eutem
529 2367 633 2416 aoristo
657 2366 698 2415 sic

156 2433 330 2484 Nosterusus
341 2439 396 2497 est,
409 2439 439 2483 nt
449 2435 483 2484 ad
492 2435 668 2498 μετενίσετο
642 2451 696 2484 vim

155 2504 273 2554 medium
287 2518 396 2566 prorsus
411 2504 540 2553 accedere
556 2503 695 2565 videatur3

155 2573 227 2625 nude
258 2573 385 2622 Kuelmer
413 2572 696 2635 0101141111

155 2641 302 2693 vernacule
318 2642 394 2693 reddi
409 2642 482 2692 vult.
501 2658 530 2692 er
543 2657 596 2690 war
607 2642 695 2704 desua-

152 2728 218 2777 γεκ,
238 2711 318 2778 plene
336 2717 366 2761 ut
382 2711 454 2775 131
476 2702 507 2760 ἐν
519 2704 696 2779 ιε’λεϊιούτςο

156 2749 313 2846 ἔσχοντο
340 2781 438 2830 Mihi'
431 2797 459 2830 m
481 2786 598 2831 mentem
615 2797 697 2832 vene-

155 2858 219 2902 rant
238 2851 383 2903 Homerica
402 2850 501 2928 Odyss.
523 2851 579 2912 XI,
601 2850 652 2902 333
668 2856 695 2901 et

154 2887 695 2997 11111,1ικη1ησμῳσέσχοιιι.-

155 2992 188 3041 Iu
208 3004 284 3069 seqq.
299 3006 347 3054 pro
369 2982 498 3054 ποταμόν
514 2979 571 3037 ἐστι
586 2990 696 3041 exhibui

154 3053 285 3139 ποταμὸν
302 3054 369 3112 ἐστι,
406 3059 448 3110 Ad
466 3074 559 3109 vocem
581 3073 697 3124 κατηγε-

154 3123 244 3194 μόνας
256 3128 327 3178 οο111.
336 3131 369 3190 V,
383 3129 414 3179 14
432 3130 522 3194 ibique
532 3133 600 3178 nott
624 3128 694 3179 Add

154 3197 295 3250 Schaeier.
318 3198 354 3248 ad
371 3199 461 3264 Longi
476 3197 613 3249 Pastoral.
632 3214 694 3264 pag.

188 3335 291 3403 eleeto]
319 3336 413 3399 „Quid
434 3340 562 3401 spectans
582 3339 698 3388 interro-

153 3410 262 3472 gaverit
275 3408 326 3457 hoc
339 3406 458 3469 Xerxes,
471 3422 531 3473 cap.
548 3406 596 3457 130
607 3407 696 3458 decla·

154 3479 259 3528 ratur.“
271 3474 527 3541 Selmeiphaeur.

319 3648 385 3699 Cir.
405 3648 528 3700 CXXIX.

190 3743 254 3833 Τήν
271 3742 302 3800 dl
317 3750 476 3815 Θεσσαλίην
496 3741 578 3814 λόγος
592 3739 692 3799 ἐστλ
662 3763 695 3798 το

154 3814 278 3872 παλαιὸν
295 3813 370 3871 εἶναι
385 3819 499 3886 λίμνην]
519 3820 598 3882 Quod
611 3819 697 3869 Thes·

154 3892 252 3942 saliem
269 3891 333 3941 clim
347 3891 420 3942 iunia
439 3891 507 3953 lert,
524 3905 611 3954 eaque
628 3905 694 3939 con·

154 3967 231 4013 stans
246 3961 304 4012 iere
318 3977 366 4027 per
380 3977 485 4012 omnem
498 3959 693 4024 antiquitatem

154 4029 197 4096 (ut
225 4030 279 4081 loci
303 4033 518 4082 commonstrant
538 4027 648 4080 collecti
675 4043 693 4077 e

153 4100 286 4165 Krieglrio
296 4099 339 4150 1.1.
350 4116 377 4165 p.
385 4098 441 4164 35),
457 4104 543 4156 totam
554 4099 635 4164 aquis
646 4098 692 4148 ob-

152 4174 255 4220 tectam
280 4170 378 4233 inisse,
402 4184 473 4235 quse
499 4173 595 4232 aperta
620 4168 693 4218 inter

153 4239 299 4304 Olympum
311 4243 339 4289 et
351 4239 448 4289 Ossam
461 4238 576 4303 rupturi
588 4237 692 4288 demum

153 4308 188 4359 nd
204 4322 278 4358 mare
292 4309 395 4358 exitum
407 4308 575 4369 invenerint,
593 4307 692 4371 idipso

152 4377 272 4429 faucium
284 4377 340 4428 situ
349 4381 462 4443 totaque
473 4378 594 4442 regionis
604 4376 690 4426 'Pher-

153 4447 256 4499 ealicae
276 4446 368 4497 indole
387 4447 496 4513 egregie
515 4445 624 4511 probari
639 4461 695 4495 mo·

749 1604 830 1663 nent,
845 1600 914 1652 adeo
927 1604 957 1649 ut
968 1601 1109 1652 verissime
1120 1601 1220 1652 Noster
1234 1606 1289 1650 tra

749 1670 852 1720 didisse
866 1670 1002 1735 putandus
1015 1670 1060 1725 sit
1087 1669 1148 1719 Vid.
1163 1671 1289 1721 Vendun-

750 1749 835 1789 court
857 1739 876 1793 1.
895 1740 913 1790 1.
931 1755 995 1805 pag
1014 1738 1287 1800 300.340,1111110;

748 1807 843 1859 Helles
858 1811 881 1862 1.
897 1823 961 1874 pag.
972 1809 1023 1859 284
1042 1814 1074 1860 et
1091 1823 1162 1873 quse
1178 1824 1288 1865 monne-

748 1884 813 1927 runt
836 1878 945 1928 Leuke:
968 1878 1082 1928 Travels
1104 1879 1133 1928 in
1150 1877 1287 1929 Northern

749 1949 850 1999 Greece
866 1949 914 1999 lv.
930 1963 991 2012 pag.
1009 1948 1060 1999 513
1077 1963 1150 2013 seq,
1174 1947 1287 1998 Olarlre:

748 2017 906 2068 'PrerelsIL
916 2018 975 2068 210.
985 2017 1045 2078 280,
1059 2018 1105 2082 qni
1115 2017 1184 2067 bene
1197 2017 1288 2068 obser-

747 2087 843 2149 vavit,
857 2086 928 2137 idem
938 2085 1059 2151 lapidum
1068 2102 1153 2151 genus
1163 2087 1287 2137 eandem·

748 2172 801 2222 que
811 2157 920 2206 omniuo
931 2158 1071 2205 materiam
1084 2158 1111 2205 in
1120 2155 1234 2221 Olympo
1246 2163 1287 2206 at·

747 2226 842 2292 quein
857 2226 1067 2290 Ossareperiri;
1088 2223 1220 2276 Menieres
1236 2225 1286 2276 1.1.

747 2310 809 2417 13
817 2297 937 2429 {iffi}
936 2280 1287 2429 3‘³t⁰‘¹3diizll⁰rir

748 2439 868 2497 tempore
880 2449 969 2498 equae
982 2433 1162 2498 perruperint,
1177 2432 1287 2483 difficile

747 2503 863 2563 dixeris3
878 2504 912 2552 ad
925 2516 1023 2552 anuum
1040 2502 1104 2553 1885
1117 2516 1144 2552 a.
1157 2502 1287 2568 011111111-

746 2587 860 2637 rumque
879 2572 1021 2629 reiicirmt;
1044 2571 1077 2621 ed
1097 2586 1197 2621 annum
1218 2572 1283 2622 1541

746 2657 773 2692 a.
788 2641 851 2692 Chr.
864 2657 891 2691 n.
901 2641 997 2691 referri
1009 2640 1192 2691 vult-Dureau
1208 2640 1241 2692 de
1258 2639 1287 2690 le

746 2710 842 2761 Malle:
865 2709 1018 2776 Odogrsplr.
1038 2709 1115 2775 phys.
1135 2710 1168 2760 de
1186 2709 1215 2759 le
1227 2710 1286 2760 Mer

746 2781 831 2831 noire.
851 2796 911 2845 cap.
933 2779 966 2830 20
977 2796 1032 2845 seq.
1048 2795 1075 2844 p.
1087 2778 1139 2829 207
1155 2794 1231 2845 seqq.
1250 2806 1283 2815 —

746 2850 890 2901 Caeterum
907 2864 939 2901 ex
956 2856 1085 2901 accurata
1100 2847 1151 2899 hec
1164 2848 1284 2899 faucium

746 2918 1283 3002 descriptionebenecolligitDahlmenu'.

746 2991 774 3039 in
801 2988 933 3039 Herodot.
952 3002 1015 3054 pag.
1031 2988 1065 3039 59
1085 2987 1147 3038 coll.
1170 2987 1284 3039 Bennel.

746 3074 807 3124 pag.
820 3058 887 3122 208,
906 3059 1075 3108 Herodotum
1091 3057 1180 3121 ipsum
1196 3057 1285 3122 perlu-

746 3134 850 3179 strasse
872 3126 1041 3178 Thessaliam
1066 3127 1210 3192 ipsumque
1234 3126 1285 3176 has

745 3198 840 3249 fauces
847 3197 1010 3262 inspexisse.
1019 3196 1061 3246 De
1072 3194 1202 3246 Herculia
1206 3195 1285 3260 plura

746 3266 885 3332 congessit
902 3265 1063 3316 Tsschuclre
1078 3265 1112 3314 sd
1126 3265 1189 3316 Mel.
1204 3267 1242 3329 11,
1257 3264 1283 3315 3.

745 3339 803 3400 §.ui
816 3352 843 3401 p
855 3335 899 3386 101
916 3340 985 3385 nott.
998 3349 1092 3399 exegg
1107 3335 1175 3385 Δο0.
1188 3335 1284 3385 Forbi·

744 3421 804 3471 ger:
821 3404 929 3455 Handb.
947 3404 973 3455 0.
986 3404 1099 3454 slt.Geo
1133 3403 1206 3455 ..ΙΙΙ
1219 3418 1283 3469 pag

716 3492 720 3500 ·
745 3476 793 3525 881
807 3488 866 3540 seq.
893 3474 985 3525 Verba
997 3488 1073 3539 seqq.
1118 3486 1163 3522 ore
1176 3487 1207 3537 γε
1222 3487 1285 3536 συγ

744 3538 949 3607 νεκληϊσμένην
963 3557 990 3593 κ.
1002 3558 1026 3593 τ.
1040 3542 1064 3591 λ.
1085 3543 1180 3607 attigit
1193 3542 1284 3594 Schcl.

743 3612 871 3692 Apellen.
885 3612 973 3663 Rhod.
987 3611 1136 3691 111,1085.

779 3676 813 3731 τό
826 3695 855 3731 τε
868 3672 978 3745 Πήλιον
993 3670 1080 3744 οὖρος
1093 3676 1140 3729 καὶ
1156 3670 1174 3743 ἡ
1182 3670 1282 3744 Ὀσοα]

745 3753 818 3804 Ossa
828 3767 905 3802 mous
917 3751 1031 3816 Olympo
1046 3749 1218 3815 respondete
1229 3764 1284 3801 rne-

745 3823 829 3883 ridie,
864 3823 953 3872 Peneo
981 3820 1064 3870 fluvio
1093 3819 1282 3879 interiacente

744 3894 767 3941 Α
788 3906 868 3957 quo
856 3896 948 3941 monte
967 3890 1013 3956 qui
1032 3886 1170 3940 meridiem
1188 3903 1284 3940 versus

744 3961 850 4011 modice
873 3960 908 4010 ad
928 3961 1060 4011 orientem
1079 3959 1143 4010 flexi
1168 3959 1284 4010 tendunt

743 4033 848 4081 montes
858 4029 893 4079 ad
898 4030 1067 4095 Pagasaeum
1074 4029 1180 4078 sinum
1172 4044 1201 4078 m
1209 4040 1283 4078 mere

742 4104 948 4165 procurrentes,
964 4099 1032 4148 Pelii
1044 4098 1151 4148 nomine
1165 4097 1251 4147 olim'
1243 4113 1284 4146 rn-

744 4168 906 4219 dicabautur
920 4174 949 4217 et
968 4168 1023 4233 ipsi
1040 4166 1184 4228 altissimi,
1210 4180 1284 4216 nunc

743 4237 847 4304 cogniti
863 4237 972 4287 nomine
984 4237 1098 4301 Zagora,
1112 4250 1129 4284 s
1141 4249 1220 4300 pago,
1235 4234 1284 4298 qni

743 4308 794 4357 hoc
807 4321 904 4357 nomen
919 4321 985 4370 prae
1000 4319 1028 4354 se
1039 4304 1107 4365 iert3
1121 4304 1283 4354 altissimum

744 4376 817 4441 quod
832 4380 874 4426 est
887 4373 958 4424 Pelii
977 4388 1123 4434 cacumen,
1142 4371 1206 4423 clim
1218 4372 1285 4423 insi·

743 4446 848 4512 gnitum
863 4445 949 4496 sacris
963 4445 1038 4494 loris
1049 4409 1193 4508 Ἀτιραίον,
1211 4457 1283 4493 nune

1021 4531 1086 4593 40*
