3008 5128
485 426 855 491 TERPSIOHORE.
874 429 912 492 V.
935 439 978 495 52
1258 425 1298 493 83

154 604 216 672 καὶ
236 600 325 673 οὕτω
347 607 528 691 διεκπερᾶν
546 602 606 673 τδν
625 602 792 695 ποταμὸν,
814 605 871 675 καὶ
891 604 1120 695 φυλακτήριον
1141 607 1225 694 μέγα
1244 603 1297 677 ἐπ’

154 704 261 800 αὐτῷ.
284 706 450 796 Διαβάντι
465 706 502 776 δὲ
517 710 550 786 ἐς
564 706 626 796 τήν
635 715 881 797 Καππαδοκίην
895 711 950 779 καὶ
964 708 1068 800 ταύτῃ
1083 714 1298 803 πορευομένῳ

154 815 256 902 μέχρι
275 809 389 901 οὔρων
411 815 480 880 τῶν
498 817 663 881 Κιλικίων
686 814 830 903 σταθμοὶ
857 817 950 882 δυῶν
970 817 1102 894 δέοντες
1125 816 1189 883 εἰσὶ
1207 815 1296 904 τριή-

154 942 281 1003 κοντα,
299 916 513 1004 παρασάγγαι
535 916 571 985 di
592 920 743 1005 τέσσερες
762 920 817 986 καὶ
832 916 959 986 ἑκατόν.
994 920 1049 987 ἐπὶ
1069 918 1106 987 δὲ
1119 934 1205 987 τοῖσι
1218 918 1295 988 τού-

153 1047 228 1088 των
241 1017 370 1108 οὔροισι
384 1021 476 1102 διξάς
489 1046 525 1089 τε
545 1018 652 1101 πύλας
673 1024 821 1113 διεξελᾷς
840 1023 896 1089 καὶ
918 1020 992 1105 διξὰ
1007 1021 1217 1111 φυλακτήρια
1233 1049 1295 1091 πα-

154 1133 348 1212 ραμείψεαι.
396 1128 509 1193 Ταῦτα
524 1124 559 1192 δὲ
581 1124 808 1208 διεξελάσαντι
828 1125 884 1193 καὶ
905 1124 960 1194 διὰ
974 1129 1032 1213 τῆς
1046 1132 1200 1214 Κιλικίης
1214 1121 1297 1195 ὁδὸν

154 1230 349 1320 ποιευμένῳ
376 1243 465 1315 τρεῖς
487 1229 551 1298 εἰσὶ
571 1230 732 1317 σταθμοὶ,
762 1227 976 1317 παρασάγγαι
996 1229 1033 1297 δὲ
1056 1235 1295 1300 πεντεκαίδεκα

153 1334 216 1401 καὶ
228 1328 340 1420 ήμισυ.
373 1323 473 1422 οὖρος
496 1332 533 1401 δὲ
546 1338 701 1420 Κιλικίης
721 1334 778 1401 καὶ
796 1335 853 1420 τής
872 1329 1044 1422 Ἀρμενίης
1062 1335 1132 1402 ἐστὶ
1152 1332 1296 1424 ποταμὸς

153 1438 418 1525 νηυσιπέρητος,
443 1439 491 1528 τῳ
511 1432 638 1526 οὕνομα
652 1430 840 1526 Εὐφρήτης.
873 1433 927 1505 Ἐν
942 1436 978 1506 δὲ
992 1441 1034 1526 τῇ
1050 1433 1203 1526 Ἀρμενίη
1217 1458 1294 1506 στα-

152 1541 242 1627 epol
262 1541 325 1628 μέν
345 1546 410 1608 εἰσι
433 1543 656 1628 καταγωγίων
683 1545 943 1627 πεντεκαίδεκα,
971 1540 1183 1629 παρασάγγαι
1204 1542 1240 1610 δὲ
1262 1546 1295 1625 ἓξ

152 1645 215 1712 καὶ
231 1642 437 1732 πεντήκοντα
451 1646 507 1712 καὶ
520 1641 622 1732 ήμισν
630 1698 640 1733 ,
655 1647 710 1714 καὶ
724 1643 953 1736 φυλακτήριον
967 1647 1004 1713 ἐν
1018 1641 1156 1713 αὐτοῖσι.
1193 1671 1295 1713 ποτα-

152 1846 205 1910 gni
217 1844 298 1906 lines3
316 1844 411 1911 quales
426 1860 453 1899 v.
466 1861 491 1895 c.
503 1846 532 1895 in
544 1846 605 1911 ipae
615 1846 700 1897 Grae·
785 1842 826 1912 τῷ
839 1833 950 1910 οὔνομα
963 1834 1129 1910 Εὐφρήτης]
1151 1845 1239 1899 Plane
1254 1848 1294 1897 sio

151 1918 200 1965 oia
211 1915 324 1965 luerunt
333 1914 542 1981 Thermopylae,
555 1916 699 1980 dequibus
751 1917 864 1981 scripsit
874 1918 896 1979 1,
910 1917 959 1967 180
968 1931 1001 1966 ιιι
1012 1918 1148 1967 Armeniis
1160 1918 1293 1981 profluere

151 1985 230 2035 eonl.
243 1984 308 2046 Vll,
318 1985 367 2037 201
384 1986 446 2038 ooll.
462 1986 519 2037 176.
548 1986 606 2037 Neo
619 1986 700 2036 aliter
751 1986 1224 2044 fluriumdooeue;tavidibinott.
1251 1988 1293 2037 Ad

151 2054 228 2105 huno
248 2053 336 2104 locum
356 2058 463 2121 cepisse
483 2057 563 2106 video
581 2056 698 2109 Heeren.
751 2055 821 2108 huno
841 2058 951 2107 flurium
965 2071 1051 2123 usque
1069 2057 1132 2107 iude
1152 2057 1187 2106 ab
1202 2057 1293 2123 Halye

150 2125 171 2174 Ι.
194 2125 212 2179 l.
232 2140 283 2175 nee
301 2125 455 2191 Schweigh.
475 2127 514 2175 ita
532 2132 700 2177 vertentem:
751 2127 823 2191 quod
855 2132 963 2178 eentum
988 2127 1090 2192 viginti
1119 2141 1293 2192 parasangas

152 2196 213 2257 „ml
227 2194 415 2261 qaemfflalyn
425 2195 698 2261 flurium)estporta,
750 2203 909 2247 statuuntur
939 2195 974 2257 (i.
999 2211 1023 2248 e.
1048 2197 1200 2260 nonaginta
1224 2198 1290 2250 mill.

147 2280 202 2328 per·
226 2282 300 2329 qaam
326 2270 421 2317 ονιιιίιιο
449 2270 560 2317 transire
588 2274 699 2330 oportet,
750 2266 964 2332 geographico),
974 2266 1000 2314 id
1013 2268 1110 2331 utique
1121 2267 1234 2317 nimium
1248 2269 1291 2317 ri·

146 2335 558 2399 priusqamatlrsoiumtraiiriae.“
575 2336 699 2402 inquam
749 2337 829 2386 detur
847 2350 951 2401 nosque
967 2335 1101 2385 offendere
1122 2341 1228 2399 potest,
1248 2352 1291 2388 re·

151 2404 640 2471 sundemseutentismLauginsb.l.
655 2412 699 2456 est
749 2411 893 2470 putentes,
923 2406 999 2454 reotlt
1022 2405 1178 2468 petentibus
1203 2406 1292 2455 rideri

150 2476 362 2539 interpretatus.
386 2474 475 2526 Simili
484 2475 600 2527 oonsilio
611 2477 645 2526 ad
655 2492 698 2526 re·
748 2477 821 2525 viam
842 2480 949 2525 tantum
968 2475 1144 2539 septuaginta
1167 2474 1290 2524 milliarr.

149 2545 263 2610 gionem
288 2545 324 2595 ab
353 2545 471 2596 hostium
496 2547 698 2597 incursionibus
747 2545 955 2611 geographiae:
970 2544 1094 2595 nisionm
1103 2543 1290 2608 Kiepertol.l.

149 2614 196 2664 vel
216 2614 387 2665 subditarum
406 2616 527 2681 gentinm
543 2615 696 2667 rebellioni·
748 2631 811 2681 pag.
830 2617 879 2666 127
894 2630 971 2679 seqq
987 2619 1105 2675 statuas,
1127 2612 1198 2662 hano
1217 2613 1291 2663 viam

149 2685 204 2735 bus
237 2684 380 2735 tutandam
413 2692 582 2737 exstruetum
611 2687 697 2738 luisse
747 2684 904 2767 perlongus
920 2685 1050 2749 ambages
1070 2683 1110 2733 sio
1125 2682 1237 2733 duetsm
1252 2683 1291 2732 lu-

148 2768 234 2817 prope
241 2757 341 2831 tinorum
351 2761 417 2836 puto
430 2759 597 2807 murrarerrtroa
609 2772 696 2816 ιιιιιιιιε
747 2757 818 2818 iseo,
834 2763 864 2805 ut
877 2769 945 2805 sane
958 2760 1063 2803 tentam
1071 2756 1223 2818 ,quantam
1236 2752 1291 2802 No-

149 2817 444 2907 φνλακτηριονμίγα,
467 2827 696 2890 Ιηερνιιιιίιίὶιινι,
747 2831 803 2876 ster
823 2824 931 2886 retulit,
952 2823 1148 2888 longitudinem
1164 2822 1291 2873 exhibue-

148 2897 280 2944 casalina
288 2897 423 2957 empturas
416 2911 444 2944 ιιι
453 2911 507 2960 quo
518 2896 633 2947 militum
643 2895 697 2947 eol·
747 2897 794 2945 rit.
818 2895 950 2946 Nimirum
960 2900 1072 2944 auctore
1082 2892 1211 2956 Kieperto
1221 2893 1290 2943 haee

149 2963 248 3014 locata
265 2972 325 3014 eret
335 2965 473 3016 custodie
504 2965 602 3031 ltaque
615 2967 697 3016 uelim
746 2967 793 3017 via
805 2966 839 3015 ab
852 2967 960 3028 Ancyra
970 2970 997 3013 et
1011 2963 1100 3025 Halyn
1112 2963 1196 3013 fluvio
1211 2978 1289 3027 supe·

746 3040 808 3086 rato
821 3034 953 3085 orientem
968 3037 1051 3098 atque
1067 3045 1099 3081 ex
1114 3037 1193 3096 parte
1205 3033 1288 3083 etiam

747 3106 960 3171 septentrionem
971 3117 1064 3153 versus
1077 3103 1193 3166 primurn
1205 3102 1288 3153 dueta

746 3176 800 3226 suit
815 3191 863 3240 per
875 3175 991 3225 Turiam
1006 3177 1034 3224 et
1046 3172 1137 3222 Zelam
1154 3171 1287 3238 usquead

747 3246 884 3306 Comana,
912 3244 1009 3294 deinde
1033 3242 1172 3293 meridiem
1192 3258 1288 3293 versus

747 3316 853 3366 deflexa
875 3330 923 3380 per
945 3313 1116 3364 Sebasteinm
1139 3327 1226 3377 usque
1253 3311 1287 3362 ad

149 3049 212 3084 euru
224 3034 361 3085 Heerenio
373 3034 391 3086 l.
403 3034 422 3088 l.
434 3039 461 3086 et
471 3036 586 3101 Langio,
598 3052 697 3088 rerun-

149 3103 214 3154 eulo
238 3104 371 3156 Herodoti
384 3107 547 3170 interprete,
568 3106 695 3156 redderer

149 3178 208 3224 eine
227 3174 334 3224 ll'rrolre.
369 3176 432 3227 Vid.
452 3177 546 3226 Leria.
570 3175 694 3240 Xenoph.

150 3245 185 3295 T.
192 3245 240 3295 IV
250 3261 275 3309 p
283 3243 335 3295 505
346 3244 439 3311 rbrque
451 3245 551 3311 Cyrop
559 3247 694 3310 ΙΙΙΙ,.5,6

149 3312 222 3364 Adel.
214 3314 333 3397 Polyb.
345 3315 424 3378 Vlll‚
437 3318 479 3377 17,
492 3317 518 3367 5

148 3353 696 3506 ιεεμὲίξίΙΙοΙήάίΙΚάἽΚΙξΙΙδΙΙΙωΙΚεξΚΞΚ.

151 3522 248 3574 ldaen.
264 3523 288 3586 Ι,
301 3526 327 3577 2.
341 3540 404 3591 pag.
417 3526 483 3587 222,
499 3525 546 3576 ubi
559 3525 649 3589 potius
661 3524 695 3574 de

144 3593 243 3655 tinibus
262 3608 359 3644 sermo.
400 3596 452 3658 Qui
480 3595 551 3646 idern
575 3595 694 3647 Heeren.

149 3663 341 3722 benemoria,
366 3664 548 3715 Herodoteam
568 3663 695 3715 Cilioiam

148 3748 239 3798 usqne
257 3734 293 3784 sd
308 3734 510 3799 Cappadociam
526 3734 637 3785 extendi
654 3750 696 3784 se-

148 3803 269 3854 candum
287 3804 438 3869 Euphratis
453 3805 619 3870 superiorem
636 3818 696 3853 our·

148 3888 227 3937 sum,
246 3876 286 3925 its
298 3879 330 3925 ut
344 3874 388 3926 rel
403 3876 556 3925 Armeniam
572 3889 694 3938 parram,

148 3959 221 4009 quse
235 3945 351 4009 posthac
368 3947 409 3995 ita
423 3950 524 3995 voosta
544 3949 602 4003 est,
621 3959 694 3994 eom·

147 4014 309 4077 prehendat.
333 4016 412 4077 Quod
423 4016 493 4066 idem
504 4014 679 4065 monuisse
651 4030 693 4064 vr-

148 4084 201 4135 ‹leo
213 4084 328 4136 Rennel.
341 4101 404 4151 pag
416 4088 475 4138 485
504 4085 573 4141 sod.
588 4085 693 4135 Ritter:

147 4154 236 4206 Erdlr.
253 4156 289 4205 ll.
303 4170 367 4221 pag.
380 4156 500 4222 78tlseq.
514 4185 545 4193 —
560 4155 603 4206 nd
617 4154 691 4204 loeu-

147 4227 251 4275 tionem
267 4222 346 4274 δυῶν
362 4220 475 4282 δέοντες
492 4226 565 4276 oeni.
586 4225 640 4286 lv,
658 4223 693 4274 90

148 4301 178 4344 et
190 4295 224 4344 de
241 4296 330 4346 forma
344 4295 431 4345 futuri
444 4291 614 4357 διεξελάςΙ,
629 4295 690 4346 207,

146 4367 201 4416 Pro
227 4365 301 4431 vulg.
329 4362 416 4429 νηυσὶ
442 4348 564 4430 περητδς
594 4364 693 4428 seripsi

148 4435 375 4504 νηυσιπέρητοςς
397 4436 453 4490 rid.
473 4437 499 4500 Ι,
525 4433 574 4487 133
599 4435 692 4499 ibique

146 4511 220 4559 nott.

744 3385 856 3437 Meliten
869 3383 976 3447 urbem,
991 3399 1008 3432 a
1021 3398 1074 3447 qua
1087 3397 1141 3432 nou
1153 3383 1234 3447 longe
1248 3383 1287 3432 di-

745 3462 803 3507 stat
819 3456 950 3505 orientem
968 3468 1063 3504 versuo
1079 3452 1240 3517 Euphrates.

770 3520 894 3588 σταθμοὶ
905 3520 955 3587 μέν
965 3518 1019 3572 εἰσι
1030 3521 1226 3587 καταγωγέων]
1234 3525 1253 3572 i.
1262 3539 1286 3573 e.

744 3597 884 3645 mansiones
897 3595 1109 3651 deversoriorroa,
1128 3597 1160 3641 ut
1179 3608 1242 3643 mox
1259 3593 1287 3642 in

745 3665 799 3715 fine
819 3664 900 3715 huius
922 3663 1022 3728 eapitis
1043 3663 1115 3711 etin
1132 3661 1235 3712 Aelian.
1251 3663 1285 3716 V.

745 3736 781 3786 H
798 3735 872 3811 xlv,
888 3735 928 3784 ll
946 3731 1046 3784 Soidus
1063 3731 1101 3781 ΙΙ.
1115 3747 1142 3796 p.
1155 3732 1218 3783 253ι
1238 3747 1287 3780 κα-

744 3794 855 3867 ταγωγή
864 3817 941 3866 παρα
933 3793 1090 3867 ’Ἡροδότῳ
1100 3798 1286 3853 πανδοκειον.

745 3872 1023 3925 Glossallerodotea:
1043 3863 1186 3949 σταθμός·
1206 3884 1288 3934 orpor-

744 3958 860 4006 τιωτικη
883 3934 1048 3998 κατάλυσις·
1074 3930 1147 3990 ὁδοῦ
1164 3936 1284 4005 με’τρον·

743 4008 898 4077 κατάλυμα.
924 4013 967 4062 Τιι
979 4010 1033 4062 rid.
1048 4025 1131 4075 supra
1141 4012 1218 4074 adl
1237 4011 1283 4061 181

743 4088 813 4134 nott.
825 4088 852 4133 et
863 4082 936 4133 eous.
949 4086 1091 4148 praeterea
1101 4080 1239 4132 Sohaefer
1250 4081 1286 4131 ed

743 4151 979 4233 LongiPastoral.
993 4167 1019 4217 p.
1036 4150 1096 4201 331.

779 4215 809 4272 ἐν
825 4214 905 4271 δὲ
869 4237 904 4286 τη
919 4212 1094 4301 Ἀρμενίη-
1106 4208 1285 4296 παρασάγγαι

744 4285 775 4342 δὲ
795 4285 826 4354 εξ
849 4273 898 4341 aul
915 4283 1091 4356 πεντήκοντα
1115 4283 1163 4337 καὶ
1185 4276 1285 4353 ἥμισυ]

743 4365 814 4414 Sunt
824 4363 882 4415 sere
899 4363 1081 4427 quadraginta
1097 4358 1215 4424 quinque
1229 4356 1287 4406 mil·

742 4433 815 4485 lisrr
830 4432 1021 4499 geographico.
1039 4435 1066 4479 et
1080 4428 1153 4494 quod
1168 4427 1288 4477 excurrit

743 4504 876 4571 amplius
902 4503 1000 4570 q'uorl'
992 4515 1081 4568 ipsum
1099 4514 1159 4550 eum
1175 4496 1288 4548 nimium

1043 4583 1090 4649 6*
