2970 5128
487 430 666 490 ERATO.
690 430 744 490 VI.
765 442 886 493 141-εὸ.
1194 430 1250 490 341

133 601 267 690 τοπότην
286 603 444 688 γενέσθαι
465 605 521 671 καὶ
541 606 577 672 ἐκ
598 602 719 673 τούτου
739 607 895 691 μανῆναι.
939 604 1080 685 Σκύθας
1100 602 1169 694 γὰρ
1178 602 1255 684 τούς

132 706 283 794 νομάδας,
310 708 385 774 ἐπεί
403 734 438 775 τε
457 726 518 793 σφι
536 719 684 795 Δαρεῖον
709 709 864 793 ἐσβαλεῖν
884 711 916 787 ές
938 706 1000 797 τήν
1018 708 1150 797 χώρην,
1171 708 1254 797 μετὰ

130 814 225 878 ταύτα
252 810 432 897 μεμονέναι
459 838 518 896 μιν
542 818 715 880 τίσασθαι·
751 814 944 900 πέμψαντας
972 812 1010 880 δὲ
1037 814 1069 890 ἐς
1091 811 1254 899 Σπάρτην

129 919 310 1000 συμμαχίην
327 939 364 980 τε
384 916 559 983 ποιέεσθαι
579 915 634 981 καὶ
648 920 891 999 συντίθεσθαι,
913 909 957 992 uis
977 912 1084 1001 χρεῶν
1099 924 1166 1003 ελη,
1191 912 1250 982 αύ-

129 1014 198 1094 τούς
210 1016 271 1101 μὲν
284 1013 362 1094 τούς
375 1016 516 1096 Σκύθας
531 1014 620 1103 παρὰ
632 1023 741 1086 Φᾶσιν
755 1015 903 1106 ποταμὸν
917 1023 1039 1105 πειρᾶν
1052 1021 1085 1096 ἐς
1098 1014 1159 1104 τήν
1175 1025 1250 1104 Μη-

128 1116 219 1206 δικήν
240 1121 411 1205 ἐσβαλεῖν,
432 1123 537 1205 σφέας
559 1121 595 1189 ol
615 1118 694 1200 τούς
707 1119 920 1209 Σπαρτιήτας
934 1119 1087 1190 κελεύειν
1102 1124 1135 1204 ἐξ
1155 1117 1250 1206 Ἐφί-

127 1242 183 1289 σου
203 1216 436 1310 ὁρμεωμένους
454 1219 669 1310 ἀναβαίνειν,
690 1225 746 1292 καὶ
767 1229 880 1293 ἔπειτα
901 1227 934 1303 ἐς
959 1221 1067 1293 τύυτὸ
1086 1220 1249 1292 ἀπαντᾶν.

128 1327 307 1412 Κλεομένεα
323 1324 361 1393 δέ
375 1327 526 1413 λέγουσι,
545 1322 697 1414 ἡκόντων
709 1334 778 1396 τῶν
791 1332 961 1398 Σκυθέων
975 1328 1161 1410 έπ1ταύτα,
1178 1321 1250 1413 ὁμι-

127 1430 207 1496 λέειν
219 1448 280 1514 σφι
302 1428 466 1516 μεζόνως,
486 1424 662 1516 ὁμιλέοντα
685 1431 868 1518 δὲμᾶλλον
889 1435 950 1500 τοῦ
968 1432 1169 1518 ἱκνεομένου
1189 1457 1250 1516 μα-

127 1541 197 1599 θεῖν
209 1528 270 1618 τήν
282 1528 533 1620 ἀκρητοποσίην
545 1529 625 1621 παρ’
641 1530 754 1604 αὐτῶν
766 1557 773 1570 ·
797 1537 834 1613 ένιι
847 1534 967 1602 τούτου
981 1532 1019 1602 bl
1031 1537 1181 1621 μανῆναί
1192 1560 1251 1620 μιν

126 1640 284 1721 νομίζουσι
301 1641 523 1724 Σπαρτιῆται.
560 1642 597 1704 ἐκ
611 1664 646 1704 τε
661 1637 778 1723 τόσου,
798 1631 842 1716 ὥς
859 1635 954 1705 αὐτο1
968 1639 1121 1722 λέγουσι,
1148 1631 1251 1704 ἐπεὰν

126 1737 298 1824 ζωρότερον
319 1738 509 1825 βούλωνται
531 1756 640 1825 πιεῖν,
668 1737 891 1809 ἐπισκύθισον
912 1742 1057 1826 λέγουσι.
1098 1733 1186 1806 οὕτω
1209 1734 1251 1824 δή

126 1845 327 1928 Σπαρτιῆται
348 1838 389 1910 τὰ
403 1843 479 1929 περὶ
493 1846 684 1930 Κλεομένεα
704 1846 847 1930 λέγουσι.
884 1840 973 1931 Ἐμο1
989 1841 1027 1910 bl
1040 1842 1148 1911 δοκέει
1162 1847 1250 1910 τίσιν

125 1943 240 2031 ταύτην
252 1938 270 2012 ὁ
288 1948 484 2033 Κλεομένης
497 1947 686 2039 Δημαρήτῳ
701 1950 836 2017 ἐκτῖσαι.

198 2046 464 2135 Τελευτήσαντος
493 2049 530 2118 (ll
551 2053 772 2138 Κλεομένεος,
801 2045 845 2129 ὡς
870 2046 1038 2117 ἐπύθοντο
1059 2047 1295 2134 Αίγινήται,85

125 2252 177 2302 sine
185 2252 280 2302 medici
292 2257 443 2319 praecepto
452 2269 555 2305 merum
566 2257 658 2306 vinnm
709 2254 761 2306 τοῦ
781 2250 949 2319 ἱκνεομένου
967 2254 998 2320 (i.
1016 2271 1040 2304 e.
1058 2254 1151 2319 napis,
1175 2268 1249 2317 quem

125 2321 261 2373 bibissent:
292 2323 352 2376 vid.
379 2325 540 2375 testimonie
572 2324 659 2377 allata
707 2341 759 2389 par
776 2335 847 2389 erut,
873 2322 996 2388 conuenit)
1020 2322 1092 2374 conf.
1119 2326 1188 2374 nott.
1213 2321 1247 2370 ad

126 2390 191 2455 apud
206 2391 320 2443 Becker.
347 2393 374 2442 in
392 2391 509 2444 Chariel.
530 2395 568 2445 ΙΙ.
592 2411 656 2461 pag.
709 2396 816 2454 V1‚65.

126 2461 235 2524 libseq.
261 2461 502 2513 Interhosantem
516 2464 658 2528 barbaros,
749 2458 779 2514 ἐκ
803 2477 832 2512 τε
855 2455 952 2525 τόσου]
979 2462 1031 2511 Pro
1052 2459 1165 2524 vulgata
1186 2455 1247 2517 τοῦ,

126 2530 165 2594 qni
176 2546 274 2581 merum
288 2530 417 2581 biberent
428 2533 534 2597 vinnm,
554 2535 659 2599 praeei-
709 2550 789 2598 quarn
807 2537 921 2583 reeentt.
942 2530 1001 2582 edd.
1022 2529 1203 2587 retinuerunt,
1232 2544 1246 2576 e

125 2600 294 2664 puessoythss
313 2600 425 2653 habitos
444 2618 518 2667 esse,
539 2603 582 2654 vel
597 2605 658 2654 Pla·
706 2603 865 2654 Florentino
875 2601 968 2652 eodiee
976 2599 1161 2663 aliisqueeum
1169 2596 1247 2646 Gais-

126 2672 191 2719 tonis
208 2670 283 2721 loeus
300 2672 408 2721 indicat
418 2673 461 2721 De
471 2672 541 2737 legg.
558 2674 579 2723 1.
593 2689 655 2738 pag.
708 2672 796 2724 sordio
810 2671 919 2737 reposui
933 2662 1035 2731 τύπου,
1050 2673 1081 2718 ut
1092 2668 1126 2729 V,
1139 2666 1187 2725 88,
1201 2665 1248 2715 ubi

125 2736 210 2804 113711,
228 2740 276 2789 ubi
295 2740 418 2806 Scythae
437 2747 464 2791 et
477 2741 598 2793 Thraces
617 2743 657 2792 di·
707 2742 763 2795 vid.
792 2742 873 2792 Valet
888 2740 972 2789 enim:
996 2738 1029 2788 ub
1048 2739 1091 2789 ι’λῖο
1114 2736 1172 2785 inde
1189 2743 1248 2785 tem·

127 2811 215 2858 cuntur
231 2799 347 2876 ύιιρύτῳ
365 2805 529 2859 παντάπασι
551 2805 657 2876 pompa·
704 2827 777 2875 pore.
797 2840 828 2847 -
851 2811 903 2861 Pro
921 2799 1076 2871 ζωρότερον
1093 2805 1249 2855 Athenaeus

127 2890 174 2939 νοτ,
187 2873 317 2940 γυναῖκές
331 2893 358 2927 τε
370 2876 416 2928 καλ
430 2871 528 2937 αύτοίς
541 2882 657 2947 indeque
707 2881 724 2931 l.
740 2880 756 2928 l.
770 2886 853 2944 etque
866 2877 1027 2929 Eustathius
1041 2875 1077 2927 ad
1090 2874 1134 2927 lli.
1148 2890 1175 2939 p.
1187 2874 1247 2935 746,

127 2942 248 3011 Σκυθικὴ
263 2940 351 3004 πόσις
366 2948 550 3014 epudPolluo.
566 2951 615 3002 1.1.
630 2955 658 3001 et
706 2951 741 3000 40
757 2950 859 3010 ο.1144,
876 2950 910 3000 43
926 2947 1083 2998 Herodotea
1103 2948 1248 3009 tangentes

127 3030 188 3078 qnae
201 3017 254 3067 alia
268 3018 352 3068 affert
365 3020 461 3084 Bayer.
475 3019 504 3067 in
517 3020 658 3071 Commen·
707 3020 824 3069 afferunt
833 3010 1052 3081 ἅκρατέοτερονς
1072 3030 1125 3079 quo
1138 3016 1197 3078 ipso
1207 3012 1248 3063 al-

128 3089 182 3134 tatt.
199 3086 329 3138 heodem.
348 3087 508 3152 Petropolit.
524 3089 578 3140 Ill.
593 3106 657 3156 pag.
707 3090 791 3139 terius
816 3086 942 3139 vocabuli
965 3088 1007 3136 vis
1027 3101 1059 3135 ao
1084 3084 1161 3134 notio
1178 3084 1247 3134 satis

127 3152 172 3203 ³⁸⁰
183 3170 237 3220 seq.
706 3158 846 3209 commode
866 3157 1016 3222 explicatur
1035 3160 1062 3204 et
1082 3153 1246 3206 declaratur.

156 3219 314 3291 μεμονέναι]
340 3225 360 3275 i.
379 3241 402 3275 e.
424 3227 448 3274 in
468 3227 572 3275 animum
587 3226 658 3275 indu·
708 3230 746 3278 Ao
756 3227 838 3292 uulgo
848 3226 974 3292 supplent
984 3216 1074 3288 οἶνον,
1086 3223 1247 3274 confinem-

126 3294 202 3343 κίττα.
232 3296 293 3357 Quo
318 3295 401 3344 verbo
422 3295 511 3359 poetis
536 3295 657 3360 antiquis
707 3299 776 3347 hert.
791 3297 854 3346 Bon.
869 3295 1027 3358 Dsellipss.
1045 3307 1106 3359 pag.
1122 3292 1172 3343 947
1187 3307 1244 3355 seq.

127 3361 218 3414 usitato
232 3366 360 3427 impetum
380 3366 530 3415 desiderium
544 3364 658 3427 exprimi
707 3367 779 3416 Hine
798 3370 872 3417 reete
893 3368 1120 3428 interpretantur:
1147 3362 1247 3426 quondo

127 3431 186 3482 bene
200 3436 307 3484 notavit
326 3434 487 3497 ll'esseling.
528 3435 580 3484 Est
603 3450 658 3486 vox
707 3433 1158 3488 neerumsmeruciosbiberenoluut.
1182 3429 1245 3479 vicl.

128 3500 270 3565 Homerica,
283 3519 366 3569 quarn
380 3504 450 3568 apud
458 3503 605 3553 Homerum
617 3504 657 3553 in·
707 3507 817 3555 Homer.
830 3502 1001 3566 1h.1x‚20³t.
1015 3502 1126 3552 Lucian.
1137 3501 1245 3549 Timon.

128 3568 658 3638 finitivusplerumqueexcipit,velprae·
707 3578 731 3637 ξ.
746 3575 787 3625 54.
810 3573 938 3637 Dialogg.
958 3570 1133 3621 Mortnorr.7
1155 3570 1246 3634 ibique

129 3641 203 3690 sentis
215 3647 242 3692 et
254 3643 340 3693 futuri
354 3643 397 3691 rel
410 3644 493 3692 etiam
507 3643 612 3704 aoristi,
626 3648 657 3693 ut
709 3643 839 3693 Seianum
859 3648 888 3693 et
906 3640 1140 3693 Hemsterhusium
1158 3640 1190 3689 T.
1207 3638 1245 3687 ll.

128 3706 172 3759 hoe
182 3709 252 3771 looo;
271 3712 327 3762 vid.
340 3712 380 3761 lli.
391 3714 424 3772 V,
435 3712 495 3764 487.
507 3711 656 3774 X111,³07‚

129 3792 158 3828 ne
168 3778 254 3843 plura:
274 3782 309 3832 de
319 3783 380 3846 ipso
391 3780 473 3832 verbo
484 3781 596 3847 eiusque
610 3783 656 3832 de·

129 3848 252 3900 rivatione
266 3851 338 3902 conf.
351 3849 529 3902 Doederlein:
544 3851 654 3902 Homer.

130 3915 237 3970 Gloesar.
247 3920 270 3970 1.
283 3936 346 3985 pag.
358 3919 388 3970 91
401 3925 428 3971 οῖ
440 3922 597 3971 Buttmann.
609 3922 655 3973 Gr.

129 3988 184 4065 nei:
202 3989 238 4039 Il.
256 4004 318 4055 pag.
344 3989 402 4040 188.
435 3990 498 4040 Mox
515 4006 563 4054 pro
580 3989 653 4055 vulg.

130 4068 202 4115 χρεον
218 4058 278 4108 dedi
294 4053 383 4122 χρεών
401 4059 467 4124 (vid.
486 4063 556 4110 nott.
571 4061 606 4109 ad
622 4063 656 4117 V,

130 4123 184 4188 49),
199 4127 315 4192 itemque
329 4129 426 4192 scripsi
439 4120 533 4176 αύτοῐν
544 4144 592 4194 pro
608 4118 657 4176 αύ-

130 4189 199 4245 τέων.
211 4222 243 4231 -
257 4197 372 4248 Verbum
387 4188 554 4263 ἀναβαίνειν
571 4199 604 4251 de
621 4199 655 4247 iis

131 4259 195 4325 liei,
214 4266 258 4331 qui
280 4283 313 4317 ex
327 4267 409 4319 Asiae
427 4267 538 4318 minoris
559 4284 607 4318 orn
628 4269 655 4318 in

131 4335 270 4396 superiores
281 4340 363 4401 atque
371 4337 513 4387 interiores
522 4339 605 4388 Asine
615 4354 658 4388 re·

132 4400 215 4461 ςὶοιιεε
226 4405 278 4454 iter
286 4406 401 4466 iaciunt,
415 4422 522 4457 monere
534 4410 580 4457 vir
591 4408 657 4457 atti·

133 4474 180 4518 net.
206 4471 326 4537 cf.v11‚
340 4474 365 4525 3.
379 4475 499 4541 uinique
513 4481 581 4526 nott.
614 4475 654 4526 Ad

707 3728 770 3778 pag.
785 3713 836 3764 437
846 3729 903 3777 seq.
916 3712 958 3761 ed.
970 3711 1078 3775 Bipont.
1105 3710 1159 3760 Pro
1170 3706 1245 3772 vulg.

706 3778 797 3832 πιέειν
811 3781 873 3832 dedi
886 3783 979 3842 πιεῖν,
996 3780 1068 3845 quod
1081 3776 1245 3830 Eustathius

707 3856 735 3902 et
761 3851 917 3902 Athenaeus
943 3850 1087 3915 praebent,
1121 3847 1247 3913 quodque

708 3936 800 3971 omnes
820 3921 884 3971 libri
904 3925 978 3970 reete
997 3922 1091 3969 tenent
1111 3918 1164 3979 IV,
1184 3917 1243 3968 172.

705 3990 767 4041 vie.
779 3990 894 4041 Bredov.
906 4005 968 4055 pag.
978 3987 1038 4040 327.
1069 3987 1148 4050 Quod
1158 3984 1247 4049 sequi·

706 4064 751 4109 tur
767 4049 957 4109 ἐπισκύθισον
972 4064 1026 4109 est=
1046 4056 1162 4121 Scythico
1178 4070 1246 4104 more

704 4130 838 4192 infundas,
863 4128 942 4179 bibus.
980 4128 1096 4192 letigit,
1119 4127 1245 4174 monente

707 4200 771 4261 Cu,
791 4200 879 4251 Marx.
896 4199 931 4247 erl
948 4197 1051 4262 Ephori
1071 4196 1194 4259 fragrem.
1215 4208 1241 4255 p.

706 4269 765 4320 243.
794 4270 923 4319 Extrema
940 4267 1068 4316 huiusce
1088 4264 1134 4312 itis
1148 4261 1243 4325 verba,

706 4338 799 4387 eodem
815 4338 861 4388 Or.
877 4340 1017 4397 monente,
1033 4281 1129 4395 atligit
1143 4332 1245 4380 Busta·

705 4406 778 4456 thius
799 4406 832 4456 ad
853 4406 951 4471 Odyss.
968 4405 990 4457 1.
1008 4418 1070 4468 pag.
1087 4402 1137 4463 29,
1150 4400 1182 4450 31
1200 4398 1242 4453 ed.

704 4476 789 4526 Basil.
