3046 5134
701 345 969 412 ΗΕΙΙΟΠΟΤΙ

261 523 344 613 πρὸς
371 522 532 613 οὐδαμῶν
560 521 771 613 ἀνθρώπων·
809 525 1000 614 σύμπαντες
1027 524 1065 594 δὲ
1087 530 1148 594 τοῦ
1171 529 1317 611 στρατοῦ
1340 529 1402 593 τοῦ

262 742 347 790 supra
361 726 421 787 ΙΙΙ,
436 725 470 775 89
483 740 557 790 seqq.
577 725 609 775 de
625 724 807 789 satrapiarum

212 804 229 825 ⁰
262 796 448 860 descriptione
462 811 478 844 a
490 795 574 843 Dario
589 795 663 844 facts
675 799 703 844 et
715 794 748 844 de
762 796 809 843 tri·

263 866 337 914 butis
349 866 448 930 cuique
459 865 600 928 satrapiae
616 865 752 928 impositis
765 879 807 913 re·

264 936 400 984 seruntur:
429 941 458 983 tu
473 935 544 983 coni.
559 933 596 982 ihi
608 939 678 983 nott.
712 935 808 998 Neque

264 1004 334 1053 ertim
349 1003 415 1052 mihi
433 1003 571 1067 persuasit
583 1002 667 1054 Grote
680 1004 807 1068 (History

264 1074 294 1123 oi
303 1074 405 1123 Grcece
417 1074 449 1123 V.
467 1088 530 1137 pag.
545 1072 587 1122 so.
604 1073 665 1136 51),
686 1074 807 1137 quicum

264 1144 368 1193 scribas
379 1143 469 1206 regios
478 1158 531 1192 aon
541 1148 595 1191 tam
606 1142 685 1207 regui
694 1141 807 1191 annales

263 1212 428 1273 condidisse,
437 1211 484 1263 sed
493 1227 563 1276 quse
575 1212 609 1260 ad
620 1213 708 1277 ipsum
718 1227 808 1276 regem

264 1283 446 1347 pertinuerint
455 1281 630 1344 eiusdemque
640 1283 757 1331 animum
769 1287 807 1329 at·

263 1353 416 1415 tenderint‚
436 1352 524 1401 literis
544 1352 737 1415 perscripsisse
751 1351 807 1400 exi-

265 1424 359 1472 stimet
377 1421 487 1484 („them
507 1436 579 1471 seem
604 1425 632 1470 to
654 1421 723 1471 have
739 1421 807 1470 been

265 1490 396 1557 specially
410 1490 539 1541 attached
558 1496 586 1539 to
602 1489 649 1538 the
667 1504 765 1554 person
779 1490 809 1539 oi

265 1562 310 1611 the
321 1561 425 1626 kingas
435 1561 573 1611 ministers
582 1565 609 1608 tr
619 1558 663 1609 his
674 1560 808 1622 curiosity

265 1631 318 1681 aad
337 1637 521 1691 amusement,
544 1628 637 1678 rather
655 1629 721 1679 than
747 1628 810 1678 kee-

266 1718 327 1767 pers
340 1701 369 1749 oi
376 1701 517 1750 authentic
528 1698 581 1748 and
589 1700 755 1748 continuone
768 1713 809 1747 re-

266 1770 393 1833 cords‘¹)‚
415 1770 586 1819 Herodotum
601 1781 649 1830 ea,
670 1784 740 1833 quse
756 1767 808 1816 hoc

266 1841 326 1890 ioco
340 1839 438 1902 tradit,
462 1839 603 1902 accepisse
616 1837 675 1897 ruit
692 1838 726 1888 ab
740 1837 808 1901 ipsis

267 1910 395 1969 Graecis,
416 1909 464 1972 qui
484 1907 526 1957 his
544 1906 625 1956 rebus
644 1908 753 1957 omuino
769 1907 809 1955 in-

266 1979 411 2028 terfuerint
440 1984 467 2028 et
491 1992 508 2027 a
532 1976 639 2037 Persis,
666 1977 714 2040 qui
736 1977 809 2040 regis

268 2048 448 2110 iassueopiss
459 2046 656 2107 recensuerint,
669 2045 737 2095 haee
754 2052 810 2095 tre-

268 2118 328 2166 dits
340 2115 503 2179 acceperint.
525 2113 605 2175 Quod
623 2116 646 2164 si
662 2130 757 2165 revera
769 2116 809 2163 ia-

268 2195 341 2235 ctam
358 2190 446 2248 esset,
472 2186 519 2234 vix
531 2183 655 2246 dubium,
676 2185 742 2249 quin
753 2186 809 2234 No-

268 2262 324 2306 ster
337 2254 365 2304 id
379 2270 432 2305 uno
447 2254 530 2305 verbo
551 2259 625 2304 certe
646 2255 808 2315 indicasset,

269 2341 317 2391 pro
337 2341 410 2375 more
431 2325 565 2375 adiiciens
579 2316 617 2379 ὥς
634 2322 746 2387 λέγουσι
765 2324 809 2375 rei

269 2394 357 2445 simile
370 2395 445 2460 quid.
481 2394 594 2444 Accedit
614 2394 674 2457 ipsa
687 2395 809 2457 gentium

268 2465 443 2529 singularum,
459 2479 529 2529 quae
543 2464 570 2512 in
580 2464 677 2513 Xersis
688 2465 809 2513 exercitu

271 2534 469 2593 militaverunt,
492 2533 641 2597 descriptio
660 2535 811 2583 accuratis·

270 2607 353 2667 aima,
372 2603 435 2654 inde
454 2618 471 2652 a
486 2618 546 2668 cap.
559 2602 588 2651 iii
614 2602 757 2651 instituta:
781 2604 810 2652 iu

271 2691 334 2740 qna,
351 2688 421 2738 quae
433 2672 602 2736 singularum
618 2674 738 2735 gentium
751 2671 811 2722 iue-

271 2747 328 2795 rint
349 2758 441 2803 arma,
464 2747 555 2793 restes
571 2744 712 2805 omnisque
728 2756 812 2806 appa-

270 2820 364 2873 ratus,
385 2822 439 2862 tarn
461 2816 588 2861 accurate
609 2811 759 2870 indicatur,
781 2816 812 2860 at

270 2885 338 2933 haec
348 2883 438 2932 omnis
446 2882 492 2931 rix
503 2880 613 2930 aliunde
625 2888 709 2944 atque
718 2896 734 2929 a
744 2880 811 2930 seri-

272 2956 326 3019 ptis
347 2940 529 3000 monumentis
553 2965 575 3001 s.
594 2949 738 2998 annalibus
762 2951 811 2999 tlu-

272 3025 345 3071 xisse
355 3019 483 3070 credibile
494 3020 540 3068 sit.
570 3019 701 3083 Equibus
716 3019 810 3068 iisdem

272 3106 334 3140 nam
358 3105 391 3138 ea
414 3088 557 3149 fluxerint,
582 3102 653 3152 quae
670 3087 811 3138 Choerilus

272 3160 381 3211 Samius
395 3162 422 3207 in
434 3158 602 3207 Persicorum
617 3158 744 3220 carmine,
758 3174 811 3222 qtto

273 3229 370 3279 Xerxis
382 3227 581 3291 expeditionem
595 3226 811 3292 Graecorumque

271 3298 413 3350 victoriam
440 3295 643 3357 celebraverat,
667 3296 812 3361 protulerit

272 3369 305 3418 de
317 3365 431 3431 singulis
445 3365 572 3429 gentihus
585 3367 613 3414 ia
622 3367 722 3416 Xerxis
736 3382 812 3417 exer·

273 3439 330 3487 citu
342 3435 534 3497 militantibus,
549 3451 660 3500 quarum
673 3451 812 3486 recensum

273 3507 403 3557 carminis
418 3506 495 3555 initio
509 3506 656 3556 exhibitum
671 3520 731 3555 esse
746 3521 813 3570 pau·

272 3575 814 3642 ca,quaeadhucsupersunt,iragmeuta

272 3646 418 3696 ostendunt
443 3646 489 3710 (ei.
518 3646 614 3695 Naeke
639 3645 674 3695 ad
695 3645 813 3695 Choerili

272 3718 407 3781 Fragmm.
430 3733 456 3780 p.
470 3715 504 3765 80
518 3730 575 3779 seq.
593 3716 649 3765 trit.
665 3714 714 3764 tta
727 3715 811 3780 seq,):

273 3787 300 3836 id
323 3786 430 3851 quidem
451 3788 478 3834 in
501 3789 580 3834 tenta
601 3785 813 3849 fragmentorum

273 3857 414 3921 paucitate
432 3861 507 3905 certo
528 3854 694 3904 constituere
716 3855 762 3903 vix
781 3853 813 3902 li-

273 3926 353 3975 cebit.
393 3924 512 3974 Choerili
535 3928 624 3973 autern
647 3938 754 3973 carmen
778 3923 812 3972 ab

272 3995 412 4045 Herodoto
435 3999 462 4044 et
486 3993 585 4047 lectum
609 3997 636 4041 et
661 3991 812 4042 adhibitum

273 4067 359 4116 inisse
384 4070 415 4114 ut
436 4063 545 4114 credam
571 4061 655 4125 (coni.
675 4061 811 4112 Niebuhr:

271 4137 406 4196 Vortriige
418 4134 462 4182 iib.
470 4132 519 4182 alt.
528 4131 624 4182 Gesch.
635 4131 725 4181 Berlin
736 4133 810 4182 tritta

272 4206 295 4255 Ι.
306 4222 332 4270 p.
340 4205 391 4254 387
402 4203 463 4252 coll.
478 4200 548 4265 105),
562 4216 700 4264 nunquam
713 4202 810 4251 adduci

272 4290 391 4339 possum.
413 4274 506 4335 Longe
517 4276 606 4321 autem
619 4271 758 4321 Herodoto
771 4272 812 4320 in·

273 4345 354 4393 serior
368 4346 395 4391 in
407 4341 448 4389 hia
465 4341 561 4390 merito
577 4339 715 4390 iudicetur
726 4341 810 4390 Choe-

859 726 952 790 copias
971 725 1131 776 recensendi
1148 726 1273 787 modam„
1299 726 1347 790 qui
1366 726 1402 774 ah

857 796 997 846 Herodoto
1010 797 1037 845 h.
1047 796 1065 846 Ι.
1075 796 1202 855 traditur,
1217 811 1264 860 per
1276 796 1401 859 singalas

859 866 995 929 myriades
1014 866 1068 914 iarn
1086 866 1230 929 attigimus
1243 865 1279 915 ad
1292 866 1348 923 tr,
1358 865 1402 921 81.

859 950 945 999 eoque
959 937 1042 985 etiam
1057 939 1166 999 spectat
1182 933 1275 984 Schol.
1287 936 1403 983 Aristid.

858 1019 921 1068 pag.
935 1004 985 1054 222
1003 1004 1046 1055 ed.
1063 1003 1209 1054 Frommel.
1227 1003 1288 1053 coll.
1306 1004 1403 1053 Curtio

859 1075 900 1122 De
917 1074 973 1123 reb.
993 1080 1062 1138 gest.
1083 1073 1232 1125 Alexandr.
1254 1072 1315 1135 111,
1334 1076 1366 1129 2,
1387 1073 1402 1120 ΖΙ

859 1141 917 1203 (uhi
943 1144 1031 1193 simile
1052 1143 1117 1207 quid
1140 1141 1281 1206 narratur)
1303 1148 1334 1191 et
1352 1146 1404 1191 Ae-

858 1211 944 1276 schyl.
959 1214 1034 1262 Pers.
1046 1214 1107 1269 att.
1122 1212 1169 1262 uhi
1181 1212 1235 1260 rid.
1251 1212 1400 1261 Blorafield.

856 1283 885 1330 in
897 1282 1048 1332 Glossario.
1074 1283 1168 1347 Neque
1182 1283 1254 1330 enirn
1271 1279 1317 1330 ilie
1331 1285 1403 1330 iaso

858 1350 901 1400 liti
916 1352 980 1416 quid
995 1351 1090 1411 habet,
1109 1366 1163 1415 quo
1177 1350 1337 1401 offendaris.
1369 1351 1404 1399 li-

857 1420 902 1470 lud
919 1422 1005 1484 magis
1020 1422 1183 1486 quibasdam
1201 1422 1295 1470 mirum
1313 1420 1401 1469 rideri

858 1496 886 1539 et
898 1492 945 1539 vix
958 1490 1089 1540 credibile
1104 1492 1210 1551 sentio,
1232 1489 1323 1555 quod,
1342 1506 1403 1539 cum

859 1565 900 1609 tot
918 1560 1005 1623 copiis
1022 1562 1051 1610 ia
1065 1560 1208 1610 Graeciam
1223 1560 1328 1609 Xerxes
1344 1560 1404 1608 iae·

859 1631 896 1678 rit
910 1629 1063 1694 proiectus,
1079 1631 1144 1694 quia
1155 1628 1325 1694 singularum
1340 1644 1404 1693 gen·

858 1699 926 1747 tium
945 1705 973 1749 et
986 1700 1124 1763 copiarum
1144 1700 1351 1762 computatione
1363 1700 1402 1747 fs-

858 1775 885 1817 ct
897 1770 1012 1833 singens
1022 1768 1085 1818 inde
1094 1770 1200 1818 exsistit
1213 1783 1349 1829 uumerus,
1357 1770 1402 1833 qai

858 1837 901 1888 vel
916 1841 1046 1904 quinquies
1065 1843 1092 1887 et
1108 1841 1184 1888 rr‘rt'es
1204 1847 1309 1887 restem
1327 1840 1402 1887 mitiis

859 1909 987 1958 excedat.
1022 1907 1085 1958 Vid.
1102 1908 1169 1962 vit.
1185 1907 1250 1958 led:
1271 1922 1348 1972 quem
1365 1907 1402 1955 lo·

859 1992 919 2027 cnm
934 1993 988 2027 una
997 1992 1058 2027 eum
1070 1976 1183 2042 reliquis
1193 1978 1359 2027 testimoniis
1369 1977 1401 2027 de

859 2062 970 2097 numero
981 2046 1033 2096 hoc
1049 2047 1142 2096 retulit
1152 2048 1276 2097 Brisson.
1290 2047 1333 2096 De
1345 2062 1401 2110 reg.

858 2117 966 2167 Persar.
985 2116 1102 2182 princip.
1114 2117 1174 2178 ΙΙΙ,
1193 2118 1236 2165 tr.
1279 2117 1403 2180 Namque

859 2185 928 2236 alios
943 2192 974 2236 ut
994 2192 1097 2235 taceam
1116 2192 1257 2246 suctores,
1276 2185 1402 2235 dissentit

859 2256 1029 2321 potissimum
1046 2255 1081 2305 ab
1096 2255 1238 2305 Herodoto
1252 2254 1359 2305 Ctesias
1375 2256 1401 2303 in

859 2326 978 2375 Persice.
1004 2327 1148 2389 Excerptt.
1175 2328 1199 2387 ς.
1223 2324 1257 2373 23
1276 2328 1400 2389 ceroptata

859 2399 964 2444 tantum
975 2397 1101 2457 ›repr-iader
1110 2395 1197 2444 inisse
1210 2409 1335 2443 narrans:
1350 2395 1403 2444 nisi

859 2465 887 2513 in
899 2465 975 2528 ipsos
988 2465 1069 2513 hosce
1083 2479 1223 2523 numeros,
1243 2466 1284 2513 uti
1296 2464 1341 2525 tit,
1361 2466 1403 2512 ri·

862 2535 930 2583 tium
957 2534 1106 2598 irrepserit.
1145 2533 1218 2595 Quia
1242 2534 1402 2596 septospr'sts

862 2602 941 2652 ruodo
959 2604 1087 2667 myriades
1103 2605 1181 2668 ponit
1196 2602 1303 2653 Aelisn.
1319 2604 1351 2653 V.
1366 2604 1402 2651 tt.

861 2673 938 2731 XIII,
954 2674 970 2719 {i
983 2676 1103 2737 itemque
1115 2671 1257 2722 Cornelius
1269 2673 1361 2737 Nepos
1376 2674 1402 2721 ia

860 2744 910 2791 vit.
929 2741 1108 2792 Themistocl.
1126 2744 1142 2790 2
1161 2739 1339 2806 (‚,terrestres
1357 2758 1404 2793 su·

860 2817 914 2861 tern
933 2812 1068 2861 exereitus
1090 2812 1324 2876 septingentorum
1345 2812 1404 2861 mil·

860 2881 926 2930 liunr
941 2882 1076 2945 peditum,
1088 2883 1209 2946 equitum
1225 2880 1406 2946 qusdriugen-

861 2957 950 3000 torum
967 2950 1078 3000 millium
1091 2950 1245 3015 irrerunt“):
1270 2951 1305 3000 ad
1326 2966 1404 3015 quem

861 3019 950 3069 locunt
975 3020 1080 3085 reliqua
1104 3026 1226 3071 veterum
1246 3022 1405 3070 testimonia

862 3089 954 3139 attulit
968 3090 1074 3140 Bosius.
1117 3092 1149 3140 ln
1168 3090 1267 3155 quibus
1284 3092 1404 3140 numeris

862 3160 979 3210 diversis
998 3174 1088 3210 secum
1106 3161 1297 3223 comparandis
1320 3165 1404 3225 atque

862 3227 1041 3278 conciliandis
1052 3228 1134 3278 nolirn
1148 3231 1302 3291 immorari,
1316 3234 1347 3280 ut
1357 3232 1405 3295 qni

863 3299 946 3362 probe
960 3300 1059 3357 seiam,
1083 3300 1111 3348 in
1128 3297 1230 3349 talibus
1242 3301 1289 3349 rix
1302 3300 1349 3349 uni
1366 3302 1406 3348 si-

864 3368 970 3433 teriqne
984 3370 1113 3431 scriptori
1128 3369 1275 3419 convenire
1291 3384 1351 3419 curn
1366 3370 1406 3418 si-

864 3443 932 3487 tero.
958 3438 1102 3488 Numerum
1118 3438 1271 3488 seruilium
1284 3439 1406 3489 Herode

863 3511 936 3557 teum
950 3508 971 3555 si
984 3508 1094 3557 nirniuru
1107 3513 1136 3557 et
1149 3514 1344 3573 exaggeratum
1358 3526 1406 3574 po·

863 3591 973 3631 namus,
995 3591 1050 3627 non
1067 3576 1222 3639 Herodoto,
1240 3578 1288 3627 sed
1308 3579 1407 3629 Persa-

863 3661 921 3695 rum
936 3646 1047 3703 scribis,
1064 3662 1206 3713 equorum
1221 3647 1407 3697 voluminibus

863 3716 995 3781 inspectis
1017 3714 1062 3766 ille
1083 3715 1223 3773 retulerit,
1250 3716 1407 3780 hociuerit

864 3784 1059 3849 imputandum.
1078 3788 1119 3837 Ac
1128 3786 1229 3836 dudum
1241 3787 1348 3851 quidem
1361 3789 1408 3837 ob-

864 3860 989 3904 servarat
1003 3854 1110 3905 Gibboa
1133 3854 1251 3922 (Hister.
1266 3856 1295 3917 Ι,
1314 3858 1352 3907 li.
1372 3858 1405 3906 Τ.

866 3926 912 3974 IV.
921 3940 947 3989 p.
962 3925 991 3974 tt
1006 3940 1063 3990 seq.
1075 3925 1308 3989 vers.Gertnan.),
1318 3926 1404 3975 rideri

863 3993 1046 4044 Herodotenm
1064 3994 1166 4045 huncce
1178 3996 1319 4060 copiarum
1335 3996 1405 4044 indi·

864 4079 921 4114 cem
933 4066 1002 4114 satis
1016 4070 1143 4114 accurate
1156 4064 1269 4126 iactum,
1285 4065 1333 4116 sed
1342 4066 1405 4114 Per-

863 4149 953 4182 sarum
968 4149 1054 4197 aeque
1065 4149 1097 4183 ac
1107 4134 1272 4183 Graecorum
1285 4134 1403 4183 vanitati

862 4203 977 4253 dirersis
990 4204 1115 4268 quamvis
1133 4220 1147 4253 e
1168 4204 1322 4253 rstionibus
1340 4219 1402 4253 eon·

861 4273 985 4325 venisse.
1004 4279 1034 4322 ut
1056 4275 1083 4322 in
1103 4275 1191 4323 maius
1207 4278 1317 4324 ornnem¹
1332 4272 1400 4321 hune

861 4351 1021 4405 apparatum
1035 4342 1159 4391 bellicum
1173 4344 1330 4393 extulerint.
1354 4343 1400 4391 Sic

271 4413 354 4464 ritus.-
370 4411 425 4463 vid.
436 4410 529 4462 Naelte
539 4409 554 4463 1,
569 4409 586 4463 l.
597 4426 623 4476 p.
636 4410 695 4461 tao.
718 4411 808 4475 ipsam
859 4426 966 4477 quoqne
984 4412 1078 4461 Leuke
1098 4413 1226 4477 (Travels
1249 4414 1277 4463 in
1302 4410 1396 4462 North.
