3048 5130
429 362 800 474 rnursrononu'.
821 408 860 471 v.
883 418 1036 473 ιιι-ιιι.

1242 400 1304 469 217

166 586 280 679 φαλην
301 585 460 674 ἐκόμισαν
480 588 513 666 ές
536 583 765 675 Ἀμαθοῦντα,
798 591 858 654 καί
876 613 935 672 μιν
963 579 1195 673 ἀνεκρέμασαν
1220 582 1306 676 ύπέρ

165 698 235 763 τοῖν
250 694 397 762 πυλέων.
433 693 641 780 κρεμαμένης
661 691 697 761 δὲ
712 695 769 780 τῆς
788 695 935 779 κεφαλῆς
953 691 1009 760 καί
1024 688 1142 779 ἐούσης
1155 688 1220 782 ἤδη
1234 698 1306 761 κοί·

165 807 226 887 λης
253 794 352 886 έσμός
373 800 559 883 μελισσέων
584 793 685 876 έσδύς
712 797 745 874 ἐς
766 791 873 883 αὐτὴν
900 802 1028 884 κηρίων
1046 823 1105 885 μιν
1132 798 1304 884 ἐνέπλησε.

166 902 288 971 τούτου
310 900 348 970 δὲ
368 901 554 988 γενομένου
574 894 746 984 τοιούτου,
779 901 941 986 ἐχρέωντο
963 896 1027 986 γὰρ
1049 900 1126 988 περὶ
1149 897 1252 988 αύτῆς
1277 903 1310 969 oi

165 1002 402 1094 Ἀμαθούσιοι,
427 1001 621 1091 ἐμαντεύθη
645 1024 724 1092 σφι,
755 1000 818 1091 τὴν
843 1003 906 1092 μὲν
932 1000 1086 1092 κεφαλὴν
1109 1001 1308 1084 κατελόντας

166 1110 295 1191 θάνοι,
317 1105 480 1199 Ὀνησίλῳ
504 1106 540 1175 δὲ
561 1106 664 1176 θύειν
691 1102 735 1185 ὡς
760 1102 847 1195 ἥρωι
864 1104 929 1176 οίνύ
951 1112 1019 1176 πᾶν
1039 1113 1126 1188 ἔτος·
1161 1115 1223 1178 καί
1245 1129 1306 1197 σφι

169 1217 304 1283 ποιεῦσι
334 1215 439 1280 ταῦτα
463 1207 605 1297 όμεινον
633 1217 862 1280 συνοίσεσθαι.
906 1209 1124 1300 Ἀμαθούσιοι
1151 1216 1214 1302 μέν
1240 1213 1376 1282 νυν115

171 1321 309 1387 ἐποίευν
325 1320 431 1384 ταῦτα
444 1317 501 1383 καὶ
515 1313 551 1385 τὸ
566 1317 662 1405 μέχρι
681 1316 771 1402 έμεῦ.
801 1310 916 1395 Ἴωνες
930 1316 968 1385 δὲ
982 1320 1017 1385 oi
1028 1319 1065 1385 ἐν
1078 1315 1209 1410 Κύπρῳ
1223 1344 1307 1387 νου·

170 1419 396 1509 μαχήσαντες,
417 1421 493 1487 έπεί
509 1445 544 1487 τε
566 1425 697 1505 ἔμαθον
716 1416 757 1488 roi
777 1417 953 1508 πρήγματα
972 1416 1012 1487 τό
1040 1417 1215 1509 Ὀνησίλου
1239 1428 1308 1490 διε-

173 1525 356 1612 φθαρμένα
384 1521 440 1590 καὶ
467 1519 524 1601 τὰς
545 1522 663 1601 πόλιας
683 1527 751 1591 τῶν
765 1530 931 1606 Κυπρίων
950 1529 1234 1613 πολιορκευμένας
1253 1522 1311 1604 τοὶς

170 1626 275 1707 ἄλλας
289 1623 378 1713 πλὴν
391 1633 600 1712 Σαλαμῖνος,
623 1624 750 1714 ταύτην
764 1626 802 1695 ot
816 1624 933 1719 Γόργῳ
954 1633 1000 1720 τῷ
1016 1632 1166 1722 προτέρφ
1180 1630 1314 1717 βασιλέϊ

170 1730 250 1811 τοὺς
276 1736 507 1817 Σαλαμινίους
534 1729 766 1816 παραδόντας,
802 1726 922 1799 αὐτίκα
945 1730 1112 1819 μαθόντες
1139 1738 1174 1803 οί
1200 1728 1313 1812 Ἴωνες

171 1840 279 1905 ταῦτα
303 1831 484 1902 ἀπέπλωον
511 1835 544 1913 ές
569 1831 631 1921 τὴν
650 1829 790 1921 Ἰωνίην.
828 1838 896 1902 τῶν
923 1834 961 1905 δέ
981 1838 1019 1905 έν
1033 1812 1162 1930 Ιίύπρφ
1184 1842 1313 1906 πολίων

172 1936 312 2025 ἇυτέσχε
332 1936 456 2025 χρόνον
471 1938 698 2029 έπίπλείστον
717 1940 982 2027 πολιορκευμένη
997 1939 1117 2025 Σόλοι,
1137 1937 1199 2029 τὴν
1218 1942 1313 2027 πέριξ

172 2040 423 2130 ὑπορύσσοντες
437 2037 474 2110 τὸ
488 2054 594 2128 τεῖχος
608 2041 746 2135 πέμπτφ
765 2042 845 2130 μηνί
860 2037 952 2112 εἷλον
965 2047 999 2113 οί
1009 2044 1147 2134 Πέρσαι.

173 2251 213 2304 bil
225 2265 337 2316 prorsus
347 2249 504 2302 huiusmodi
516 2265 550 2299 ex
559 2249 717 2302 Herodoteo

174 2322 227 2373 boe
241 2321 302 2373 Ιοοο
315 2319 442 2372 eonoiudi
456 2335 537 2386 posse
549 2319 669 2371 oredsm.

356 2495 422 2545 Cir.
443 2492 539 2543 CXIV.

209 2590 315 2661 έούσης
330 2587 387 2661 ἤδη
402 2594 511 2663 κοίλης]
540 2597 651 2647 Retinui
661 2596 721 2646 vul·

176 2676 270 2737 gutum
291 2668 449 2729 tectionem,
471 2682 487 2715 ιι
500 2666 719 2731 Schweigheens.

176 2747 205 2793 et
218 2738 308 2792 Gaias.
323 2754 355 2789 ex
367 2737 536 2788 suetoritete
549 2735 722 2787 oodioisFlo·

176 2809 279 2862 rentiui
308 2812 439 2858 mutatam
468 2806 495 2856 in
523 2795 581 2871 ἤδη
608 2796 719 2868 έούσης.

176 2877 304 2931 Dietsoh.
327 2876 469 2929 Sunoroiti
490 2875 588 2928 librum
610 2880 721 2941 secutus

179 2948 304 3002 exhibuit
318 2937 430 3011 οὔσης,
446 2946 517 3012 quod
533 2947 567 2996 nb
582 2946 721 2997 Herodoto

178 3020 299 3071 alienum
314 3017 436 3075 videtum
457 3016 512 3069 vid.
529 3017 644 3070 Bredov.
658 3030 721 3080 ρος.

178 3091 240 3142 404.
264 3088 374 3139 Retinui
387 3101 495 3153 quoque
508 3077 651 3150 ένέπληοε
661 3122 668 3143 ,
678 3101 723 3135 en-

179 3163 224 3211 inr
236 3160 299 3209 loeo
307 3174 341 3209 ex
352 3173 406 3207 uno
419 3156 489 3206 libro
497 3155 722 3216 Sehsei.‚Mstth.

180 3235 208 3282 et
221 3227 348 3279 Dietseb.
365 3230 526 3290 receperunt
540 3216 689 3289 ένέπληοα
697 3240 723 3275 ν.

179 3301 276 3354 Utitur
293 3298 320 3352 ir.
340 3298 358 3349 l.
380 3296 502 3348 Boebert
520 3296 675 3345 Hierozoio.
691 3296 722 3344 P.

180 3371 220 3422 Π.
237 3368 284 3420 lib.
298 3368 353 3428 IV,
369 3366 408 3415 10.
423 3382 486 3431 pag.
502 3364 554 3416 505
572 3365 606 3415 ud
621 3364 724 3417 Iudico.

180 3440 257 3499 XIV,
269 3439 296 3498 9,
313 3437 368 3486 elie
378 3436 518 3498 complure
532 3436 623 3486 citans
636 3450 725 3485 exem·

180 3511 228 3577 pin
249 3523 329 3570 epum
347 3507 374 3556 in
396 3506 555 3572 corporibus
578 3505 725 3556 exsiccatis

181 3577 410 3632 mellificantium.

216 3639 382 3711 έμαντεύθη
394 3643 456 3712 oros]
473 3645 535 3709 „Ad
545 3659 605 3695 eum
615 3643 724 3693 morium

183 3719 311 3784 superins
329 3733 392 3781 οιιρ.
412 3718 445 3765 45
464 3708 499 3765 τοὶ
516 3710 727 3778 μεμαντευιιένοι

184 3795 212 3841 et
228 3787 374 3840 Heliodori
393 3777 428 3835 τό
440 3774 470 3834 έκ
490 3781 604 3839 νεκυίας
622 3796 727 3847 μεμαν-

183 3852 305 3921 τευμένα
321 3856 449 3921 Aethiop.
468 3855 521 3906 VII
539 3854 644 3918 prino..
669 3854 727 3918 qni·

183 3931 235 3980 bns
253 3944 326 3978 unuo
346 3926 467 3991 adiungo
487 3916 590 3980 λουτρὰ
609 3925 669 3979 τοῖς
687 3936 728 3971 τε·

184 3991 341 4061 τρωιιένοις
355 3988 496 4059 μαντευτοὶ
515 3999 542 4043 et
556 3991 727 4046 Philocteteo

185 4059 345 4134 μαντεντὸν
364 4066 425 4122 τοῖς
442 4055 560 4127 Ἀχαιοῖς
585 4079 617 4112 ex
638 4061 728 4112 Philo·

185 4140 267 4189 strati
275 4138 400 4189 Heroieo.
408 4136 445 4193 ΙΙ,
454 4134 487 4186 18
499 4140 527 4183 et
537 4136 569 4195 V,
580 4133 624 4183 i.“
642 4134 730 4184 Wes-

185 4212 301 4274 ιτίίιιρ.
327 4207 466 4256 Hammer.
482 4205 510 4253 in
524 4202 631 4253 Annali.
645 4204 729 4253 Vien-

187 4295 263 4329 nens.
285 4279 318 4326 T.
336 4276 411 4325 LIX.
427 4290 489 4338 pag,
502 4274 534 4321 77
548 4271 672 4323 Oneeilsi
684 4272 729 4324 be·

186 4350 242 4398 rois
261 4347 364 4399 unitum
382 4359 469 4407 neque
489 4346 572 4407 etque
583 4342 730 4393 Astrebsoi

188 4417 303 4482 (v1‚oo)
319 4416 354 4466 nd
363 4414 523 4464 cabirorum
536 4412 619 4462 reiert
633 4426 727 4462 suern:

768 2267 804 2302 ns
819 2265 879 2302 esse
893 2251 1029 2311 videntur,
1042 2252 1091 2302 ubi
1104 2253 1137 2304 de
1152 2251 1251 2303 mortni
1264 2252 1311 2302 ho·

769 2321 851 2372 minis
867 2326 996 2388 tanquam
1014 2322 1104 2373 herois
1120 2322 1196 2373 snitu
1210 2324 1312 2387 rigitur,

769 2391 841 2441 haud
868 2391 1033 2457 infrequenti
1059 2391 1107 2443 illo
1129 2409 1177 2458 per
1197 2394 1313 2443 (λι-τοτο-

769 2478 828 2513 rum
843 2460 1000 2521 historiam
1019 2462 1055 2514 ei.
1068 2462 1148 2513 modo
1161 2461 1190 2511 Ο.
1203 2462 1233 2511 F.
1242 2462 1313 2513 Her-

770 2547 867 2582 mann:
898 2530 1106 2582 Gottesdiensti.
1127 2531 1242 2583 Alterth.
1266 2532 1313 2583 der

771 2601 880 2651 Grieoh.
897 2604 922 2663 5.
941 2601 987 2651 lo:
1010 2616 1063 2666 quo
1083 2602 1136 2651 ism
1151 2617 1235 2666 supre
1247 2616 1313 2653 usus

772 2687 831 2722 snm
841 2670 877 2720 ud
887 2672 922 2733 V,
934 2672 977 2721 47.

806 2766 860 2837 τὴν
875 2764 926 2837 μέν
940 2768 1068 2837 κεφαλὴν
1080 2766 1249 2832 κατελόντας
1259 2768 1314 2822 θεέ-

772 2842 839 2909 om]
855 2846 874 2897 i.
891 2861 913 2895 e.
930 2851 958 2894 ut
968 2852 1045 2905 οοριιι
1056 2842 1149 2907 (super
1162 2845 1237 2895 urbis
1250 2861 1312 2910 por-

773 2920 827 2964 tam
841 2911 1015 2980 suspensum)
1031 2914 1315 2976 auferrentbwnareni·

773 3001 829 3050 φιτ.
851 2984 919 3034 Num
927 2982 1080 3044 καθαιρεῖν
1091 2985 1123 3034 de
1133 2986 1168 3035 iis
1179 2985 1313 3051 frequens,

775 3070 844 3121 qnae
860 3054 992 3117 superiori
1007 3069 1039 3106 ex
1054 3053 1114 3104 loeo
1126 3055 1315 3116 detrahuntur,

774 3125 943 3175 auferuntur.
978 3125 1020 3173 De
1038 3125 1121 3177 verbo
1136 3117 1260 3174 θάπτειν
1278 3126 1313 3176 ef.

776 3199 844 3244 nott⁴
863 3194 897 3243 ud
911 3193 980 3253 V,8
998 3199 1025 3242 et
1047 3193 1081 3244 sd
1096 3195 1179 3245 verbe
1196 3186 1316 3254 ἄμεινον

775 3261 960 3313 συνοίσεσθαι
973 3264 1011 3324 V,
1025 3264 1059 3314 82
1076 3263 1168 3330 ibique
1184 3269 1253 3315 nott.
1283 3265 1315 3315 in

774 3333 827 3384 fine
840 3349 899 3397 υιιμ.
915 3349 963 3397 pro
977 3329 1073 3400 μέχρις
1091 3350 1150 3384 oum
1166 3352 1235 3386 reue,
1253 3335 1315 3385 edd.

776 3404 887 3456 exhibui
901 3397 989 3467 μέχρι.

959 3589 1025 3643 Gir}
1044 3591 1125 3645 CXV.

812 3707 915 3776 Σόλοι,
939 3704 992 3778 τὴν
1010 3709 1091 3775 πέριξ
1104 3703 1318 3772 ὑπορύσσοντες

776 3776 808 3833 τὸ
823 3785 915 3845 τεῖχος
926 3783 1044 3831 πέιιπτω
1061 3797 1086 3836 κ.
1100 3800 1124 3834 τ.
1137 3781 1171 3845 λ.]
1200 3781 1244 3831 Itu
1256 3796 1317 3832 ourn

777 3853 875 3905 Mettb.
884 3853 1007 3908 distinxi,
1016 3852 1120 3903 duobus
1130 3852 1318 3909 eommutibns,

778 3939 848 3987 quse
861 3929 925 3974 ente
942 3915 1022 3982 πέριξ
1036 3926 1064 3971 et
1073 3918 1187 3984 πέμπτα
1200 3923 1263 3985 poni
1275 3937 1319 3972 so·

777 3995 844 4053 lent,
857 3993 972 4043 abiectis
992 3998 1019 4042 et
1032 3993 1129 4042 mniori
1144 3991 1320 4043 distinctione

778 4068 841 4127 post
857 4055 945 4111 Σόλοι
964 4064 992 4113 in
1011 4062 1140 4113 minorem
1156 4068 1271 4112 mutate.
1285 4086 1319 4096 -

778 4136 820 4185 De
834 4138 971 4185 structura
980 4126 1093 4195 ύντέοχε
1105 4160 1140 4170 -
1154 4134 1319 4194 πολιορκευ-

779 4198 866 4266 μένη
885 4195 995 4263 Σόλοι,
1013 4194 1076 4266 τὴν
1091 4231 1124 4240 -
1142 4195 1234 4262 εἷλον,
1249 4214 1319 4275 quse

779 4275 819 4324 sis
833 4274 962 4323 institute
982 4277 1039 4333 est,
1058 4278 1090 4324 ut
1108 4268 1320 4325 devocemus

779 4344 908 4393 Nostrum
919 4344 1055 4407 cogitasse
1067 4344 1210 4405 appareat,
1225 4354 1319 4388 monu-

779 4415 802 4462 it
817 4412 952 4464 Matthiae
962 4412 1009 4463 Gr.
1022 4413 1068 4463 Gr.
1083 4414 1107 4474 ἕ.
1118 4410 1178 4465 434,
1194 4409 1216 4461 1.
1230 4435 1262 4443 -
1277 4408 1319 4458 De

188 4503 257 4554 quse
270 4486 336 4538 mihi
349 4484 386 4535 ub
398 4483 450 4534 hoo
463 4482 523 4533 Ιοοο
537 4496 647 4547 prorsus
664 4481 730 4532 elie·
778 4498 846 4535 vooe
860 4479 941 4547 πέριξ
956 4483 1012 4535 vid.
1026 4485 1096 4534 nott.
1111 4481 1146 4532 ed
1160 4479 1209 4540 IV,
1223 4477 1266 4528 15.
