3048 5130
470 366 841 431 TERPSICHORE.
865 368 903 431 V.
926 376 971 434 92.
987 380 1008 426 t.
1247 365 1305 432 181

168 556 295 626 ψαυτες
316 543 349 622 ἐς
368 540 505 630 ζήτησιν
518 538 710 629 άπικολατο,
730 541 840 612 πάντα
859 537 1055 633 ἐρευνήσειν
1068 541 1239 631 μέλλοιεν·
1267 540 1309 612 τά

169 742 258 794 fuerit
269 745 407 805 servatus,
419 741 555 802 tradatur,
566 758 658 794 verum
667 742 715 793 ha·
764 742 844 794 elren.
858 741 894 792 sd
905 742 1008 794 Herod.
1020 740 1041 794 l.
1057 741 1087 807 1.‚
1107 758 1194 807 nuper
1213 746 1305 794 antem

167 813 230 863 beri
243 813 347 877 possit:
372 811 401 862 id
412 826 477 861 vero
490 812 617 864 credibile
637 814 714 863 vide-
764 812 900 863 Welclrer.
919 814 947 861 in
964 811 1052 874 libro,
1071 814 1119 877 qui
1132 812 1304 863 inscribitur:

167 884 289 932 turrito
303 881 400 943 docto,
414 880 559 945 Cypselum
579 887 608 932 et
625 883 714 946 ipsum
763 881 924 933 Zeitschrit't
936 881 980 931 fiir
993 880 1092 934 Gesch.
1105 897 1132 934 u.
1146 880 1305 948 Aualegnng

167 952 340 1013 insidiarum,
355 965 424 1015 quas
438 966 505 1015 puer
517 950 714 1003 adolescensve
764 951 790 1001 d.
804 951 851 1001 alt.
865 953 965 1002 Kunst.
982 952 1020 1002 ΙΙ.
1036 967 1099 1016 pag.
1115 952 1243 1013 272,tam
1255 968 1303 1002 an-

166 1040 184 1073 a
201 1019 369 1071 Bacchiadia
382 1035 480 1085 passus
501 1021 546 1083 sit,
564 1022 714 1085 gloriosam
764 1037 827 1086 ceps
842 1035 902 1071 esse
914 1020 1062 1083 iudicarit,
1075 1025 1106 1071 ut
1117 1020 1150 1070 de
1163 1021 1224 1086 ipso
1237 1037 1304 1086 qno·

166 1090 309 1158 quandam
319 1089 484 1139 mentionem
496 1095 593 1155 postea
603 1092 712 1153 iecisse,
763 1105 815 1154 que
822 1089 933 1154 Cypseli
941 1089 987 1140 illo
997 1090 1072 1139 ritae
1083 1090 1239 1141 discrimine
1249 1091 1304 1141 sibi

167 1175 226 1226 qna
238 1160 383 1224 probaret,
398 1174 428 1208 se
441 1158 550 1210 deorum
564 1162 713 1224 operiser·
761 1159 941 1210 dubitandum
961 1159 1150 1212 arbitraretur.
1183 1160 1303 1211 Pruden-

165 1235 264 1282 vatum
279 1234 307 1279 et
321 1228 475 1279 admaiora
490 1230 656 1281 destinatum
673 1245 713 1279 es·
762 1228 987 1294 terillequidem.
1011 1230 1048 1278 Et
1062 1228 1190 1279 licetnon
1204 1230 1302 1292 isaim,

166 1315 213 1362 se,
234 1299 353 1363 indeque
368 1299 451 1348 etiarn
464 1299 574 1349 oracula
585 1315 663 1349 snum
683 1301 711 1349 in
761 1301 808 1363 qui
818 1298 962 1364 Cypselum
975 1299 1064 1362 ipsum
1077 1313 1092 1348 e
1103 1312 1196 1362 regum
1208 1298 1303 1349 Corin·

165 1385 247 1420 nsum
263 1367 424 1434 protulisse:
444 1368 477 1419 de
490 1384 602 1434 quorum
616 1373 711 1419 ancto-
760 1368 880 1419 thiornm
890 1370 960 1419 serie
973 1367 1069 1419 tollere
1079 1368 1211 1433 gestiamt
1230 1368 1302 1419 idem

165 1441 252 1490 ritate
270 1438 343 1488 haud
357 1439 444 1502 magis
460 1444 587 1489 constare
602 1439 711 1489 videtur
760 1442 853 1489 tamen
865 1438 1041 1503 pronuntiare
1053 1451 1107 1487 non
1117 1451 1221 1499 vereor,
1238 1438 1303 1502 ipsi-

164 1508 330 1569 Dunclrero,
348 1507 416 1558 adeo
434 1512 466 1556 ut
480 1507 583 1557 oraculi
595 1523 656 1558 mox
673 1506 708 1572 (ξ.
758 1523 792 1558 ns
808 1507 952 1557 historiam
976 1523 1009 1556 ex
1024 1507 1142 1557 Herculis
1159 1506 1302 1571 Bacchique

165 1578 194 1643 5)
217 1577 320 1642 prolati
340 1579 450 1627 tertium
469 1592 575 1627 versum
595 1578 711 1628 subditi·
760 1577 818 1628 sire
829 1575 938 1627 Osiridis
956 1575 1057 1626 tabulis
1075 1574 1192 1625 colorem
1209 1574 1302 1625 duxis-

165 1648 286 1698 cinmac
299 1651 500 1711 posterentum
514 1648 647 1697 insertum
662 1646 710 1696 ha·
761 1662 801 1697 se.
832 1646 875 1697 Ad
897 1645 1042 1696 Herculem
1060 1647 1132 1694 enirn
1151 1644 1220 1694 haec
1239 1646 1301 1708 ipsa

163 1717 242 1767 beat.
282 1717 325 1766 De
345 1731 398 1781 qua
415 1732 445 1767 re
463 1720 526 1767 utut
544 1718 658 1767 statuis:
683 1717 711 1768 id
760 1716 907 1781 pertinere,
921 1730 954 1765 ea
969 1714 1078 1777 docent,
1093 1728 1163 1778 quae
1176 1712 1208 1763 de
1222 1713 1302 1765 Tele-

164 1794 241 1839 certe
255 1786 414 1848 tenendum,
428 1785 496 1835 nihil
510 1786 645 1837 eiusmodi
658 1786 711 1836 fer·
760 1784 813 1851 pho
827 1785 952 1835 diximus.
971 1783 1109 1835 Bacchum
1118 1787 1211 1833 antem
1219 1782 1302 1833 Eleu-

163 1873 209 1908 me
221 1858 293 1907 inter
304 1854 425 1906 Graecos
437 1856 538 1921 peragi,
549 1857 604 1906 nisi
613 1872 711 1906 oracu-

163 1926 192 1977 lo
202 1927 320 1991 quodam
329 1926 514 1977 intercedente
525 1930 711 1991 autpraennn·

162 1997 254 2046 tisnte
270 1995 308 2055 id,
329 1994 402 2060 quod
415 2001 512 2059 postea
530 2011 625 2047 revera
638 1996 707 2046 acci·

163 2067 239 2117 disse
259 2065 423 2129 putabatur,
448 2064 565 2130 indeque
591 2066 674 2115 etiam
693 2081 710 2115 a

162 2134 277 2201 Cypseli
289 2140 316 2183 et
326 2134 528 2184 Corinthiorum
537 2134 620 2185 rebus
632 2136 710 2186 abes·

164 2220 263 2256 senon
277 2219 357 2268 posse
374 2203 542 2254 oraculorum
555 2205 609 2255 vim
624 2209 652 2255 et
662 2220 709 2254 au·

163 2275 335 2327 ctoritatem.
365 2271 442 2335 Alia,
458 2288 527 2338 qnae
541 2274 577 2323 ad
592 2274 710 2325 Graeco·

162 2361 223 2395 rum
243 2342 392 2408 religiones
414 2344 552 2408 pertinent
573 2348 656 2409 atque
679 2344 708 2393 in

162 2414 206 2466 his
220 2415 310 2464 latere
320 2417 460 2478 putantur,
474 2412 545 2463 hunc
557 2413 586 2462 in
599 2412 708 2462 modum

163 2487 325 2548 persecutns
342 2486 384 2533 est
396 2482 579 2533 Creozeras
593 2481 707 2547 (Comm.

164 2553 311 2604 Herodoti.
328 2567 356 2617 p.
368 2552 402 2602 62
419 2551 522 2618 seqq),
544 2553 590 2616 qni
607 2553 636 2601 in
654 2552 707 2602 hac

164 2624 197 2674 de
204 2622 317 2688 Cypseli
330 2622 410 2671 rebus
422 2623 580 2672 narratione
596 2621 707 2672 feralem

164 2694 237 2743 illam
256 2691 374 2741 Osiridis
388 2706 480 2741 arcam
496 2706 604 2757 quoqne
622 2693 708 2755 respi-

163 2767 188 2814 ci
201 2761 261 2811 vult
279 2772 309 2811 et
322 2763 351 2810 in
364 2763 459 2811 matris
470 2760 580 2825 Cypseli
597 2762 707 2811 nomine

163 2826 288 2898 (Λάβδας
310 2831 365 2880 rid.
387 2835 457 2880 nott.
474 2830 508 2879 ad
522 2831 561 2893 V,
577 2832 620 2883 92.
639 2833 663 2893 §-
677 2828 705 2895 2)

162 2918 204 2963 ea,
215 2916 289 2966 quae
299 2901 333 2950 de
342 2901 440 2950 claudie
451 2900 502 2950 diis
512 2901 641 2965 Aegyptii
651 2905 708 2949 tra·

162 2973 302 3022 diderunt.
325 2971 380 3033 Qui
392 2969 462 3019 idem
476 2969 539 3020 dein
552 2970 592 3020 sic
604 2970 706 3036 pergit:

161 3043 274 3105 „Atque
290 3043 316 3090 si
334 3040 504 3103 memineris,
519 3039 569 3089 illa
586 3040 649 3104 ipsa
664 3039 706 3089 lu·

160 3111 263 3175 gubria
279 3104 394 3159 fliverso
418 3109 497 3159 modo
518 3109 622 3159 tradita
645 3123 706 3160 esse

160 3179 234 3245 apud
254 3179 406 3244 Aegyptios
431 3179 570 3244 fuisseque
595 3179 705 3239 famam,

161 3265 233 3315 quoe
257 3249 293 3299 ad
311 3248 394 3297 lilium
415 3249 514 3298 Horum
533 3247 705 3310 transferret,

160 3335 232 3385 quse
243 3317 329 3380 vulgo
343 3324 421 3382 pater
431 3317 512 3369 Osiris
523 3318 632 3367 atrocia
646 3333 706 3383 per-

161 3403 260 3454 pessus
280 3386 382 3437 dicitur
403 3384 559 3451 (Plutarch.
576 3387 647 3451 Opp.
666 3386 704 3436 II.

160 3474 224 3524 pag.
236 3457 328 3508 35813.
344 3472 405 3520 pag.
416 3457 467 3509 470
474 3454 643 3521 Wyttenb.)‚
658 3455 704 3506 de·

159 3530 235 3579 sines
251 3526 360 3585 mirari,
373 3528 401 3574 in
415 3527 580 3577 Graecorum
593 3525 704 3575 relatio-

159 3597 242 3647 nibus
259 3594 402 3660 puerulum
419 3596 521 3661 inipso
541 3597 636 3646 mortis
649 3595 704 3644 dis-

159 3667 274 3717 crimine
289 3668 412 3729 potuiese
425 3670 452 3715 st
465 3666 493 3714 in
505 3679 596 3714 arcam
619 3663 705 3714 inclu-

159 3737 187 3786 di
200 3741 229 3787 et
243 3735 280 3784 ab
293 3750 359 3784 arca
375 3750 472 3785 nomen
491 3734 624 3786 invenire.
651 3734 705 3783 He-

159 3806 275 3856 rodotns
295 3794 353 3852 άπὸ
373 3802 424 3866 τῆς
441 3796 575 3867 Κυυὲλης
596 3794 705 3852 ἐπωνυ-

160 3877 230 3939 μίην
259 3871 289 3922 K
297 3864 443 3931 άψελος
469 3867 580 3936 οὔνομα
610 3863 705 3935 ἐτέθη.

159 3945 318 3995 Pausanias
339 3942 400 3993 loco
420 3943 527 4008 gemino
545 3943 583 4003 V,
605 3942 638 3993 16
655 3934 705 3999 τὰς

161 4010 193 4062 δὲ
215 4004 361 4075 λάρνακας
383 4005 413 4061 ol
434 4003 496 4061 τότε
514 4001 632 4061 ἐκάλουν
648 4012 705 4060 Κο-

758 1854 949 1906 therolacones
961 1853 1088 1905 ferebant
1101 1853 1157 1902 unt
1169 1867 1230 1902 cnm
1242 1867 1302 1902 ma·

759 1930 801 1975 tre
817 1924 923 1975 Semela
942 1924 970 1973 in
989 1938 1082 1974 arcam
1100 1912 1140 1987 (te
1158 1917 1299 1988 λάρνακα)

760 1994 903 2056 inclusum,
911 1992 1126 2044 marisfluctibus
1135 1991 1169 2042 ad
1179 1992 1300 2056 ipsorum

759 2061 1298 2128 oremedvectum(Pausan.Lscon.cap.

760 2132 814 2198 24).
835 2133 903 2184 Nolo
913 2132 1129 2184 Bacchiadarum
1142 2130 1299 2191 admonere,

759 2205 794 2254 ad
808 2218 875 2268 quos
891 2201 1002 2268 Cypseli
1020 2217 1063 2252 res
1079 2204 1221 2265 spectant,
1241 2202 1298 2265 qui,

759 2289 819 2324 cum
845 2273 949 2337 origine
965 2271 1129 2322 Heraclidae
1154 2274 1260 2333 essent,
1280 2284 1298 2319 s

757 2342 896 2394 Bacchide
913 2356 1011 2392 novum
1029 2355 1128 2391 noman
1147 2354 1299 2404 assumpse-

758 2418 834 2462 rsntr
859 2427 909 2461 nec
928 2409 1065 2475 mugistis
1083 2408 1235 2471 Amphione.
1248 2407 1299 2472 Cy-

758 2481 828 2547 pseli
845 2496 912 2540 avo,
933 2480 1036 2541 dicam,
1055 2477 1121 2528 licet
1143 2492 1193 2526 nec
1213 2477 1262 2527 illa
1280 2492 1298 2527 a

756 2549 944 2614 metaphorica
957 2549 1064 2598 ratione
1074 2546 1253 2606 abhorresnt3
1266 2546 1299 2595 il-

756 2620 803 2670 lud
814 2619 951 2683 adiiciam,
965 2616 1111 2683 Cypselum
1122 2632 1155 2666 ex
1165 2631 1230 2666 arca
1244 2631 1299 2666 non

757 2691 846 2739 minus
865 2687 982 2739 alacrem
999 2687 1136 2737 vindicem
1158 2684 1299 2736 exstitisse

756 2758 872 2811 claudae
882 2758 964 2808 matri
972 2756 1093 2817 Labdac,
1108 2771 1189 2820 quarn
1200 2756 1299 2805 Horma

757 2835 785 2879 et
798 2830 895 2894 ipsum,
910 2829 981 2879 sicut
995 2826 1068 2876 fama
1082 2825 1202 2885 ferebat,
1218 2839 1298 2874 arcae

756 2898 906 2962 inclusum,
923 2898 1069 2948 debilitatae
1085 2896 1152 2947 Isidi
1168 2893 1212 2945 vel
1229 2895 1298 2945 Bac·

757 2969 835 3021 chum
862 2966 983 3018 Semelae.
1020 2967 1177 3029 Usurpasse
1206 2968 1297 3014 autem

755 3041 859 3104 priscos
873 3037 935 3088 illos
949 3036 1068 3087 Graecos
1084 3034 1135 3084 hoc
1149 3033 1296 3099 allegoriae

756 3123 857 3174 genus,
871 3112 904 3156 ut
920 3113 1032 3167 mortem,
1043 3119 1159 3165 romaica,
1173 3110 1201 3154 et
1220 3103 1297 3168 quid-

756 3178 821 3243 quid
830 3176 1001 3228 debilitatam
1012 3177 1138 3224 naturam
1147 3172 1249 3224 hahere
1258 3174 1298 3223 vi-

756 3248 849 3309 detur,
862 3262 910 3311 per
925 3246 1065 3310 incpeditunr
1078 3258 1192 3309 pressum
1206 3242 1298 3293 decla-

756 3320 865 3377 rarent,
879 3330 977 3380 magno
997 3317 1156 3377 argumento
1172 3312 1219 3362 illa
1235 3313 1297 3377 ipsa

757 3401 821 3435 arca
834 3385 944 3450 Cypseli
958 3384 1101 3448 Olympiae
1115 3387 1173 3443 est,
1191 3383 1219 3431 in
1242 3397 1296 3446 qua

756 3455 911 3506 Pausanias
928 3453 996 3503 dicit
1017 3453 1146 3503 feminam
1163 3466 1222 3501 esse
1242 3451 1297 3501 elli-

755 3529 844 3585 ctam,
856 3527 1007 3585 gestantem
1018 3522 1085 3573 duos
1097 3536 1210 3586 pueros,
1228 3521 1297 3569 alte·

754 3610 813 3645 rum
829 3591 936 3655 album,
960 3592 1065 3658 nigrum
1086 3591 1217 3652 alterum,
1234 3589 1296 3640 dor-

755 3665 870 3715 mientes
890 3668 1029 3727 utrosque,
1044 3654 1222 3724 ἀμφοτέρους
1240 3655 1296 3709 διε-

756 3730 950 3797 στραμμένους
967 3724 1033 3788 τούς
1046 3724 1153 3791 πόδας,
1166 3730 1185 3778 i.
1199 3745 1224 3779 e.
1237 3729 1295 3797 val-

756 3818 820 3868 gos,
845 3807 920 3852 recte
939 3800 1095 3864 explicante
1110 3799 1251 3848 Viscontio
1267 3800 1296 3848 in

756 3875 827 3925 Mus.
840 3871 1045 3922 Pio-Clement.
1060 3871 1093 3924 T.
1106 3869 1158 3921 ΙΙΙ.
1174 3883 1235 3933 pag.
1252 3867 1296 3931 59,

755 3947 830 3992 recte
848 3942 912 3991 item
934 3940 1074 3991 iudicante
1095 3938 1218 4002 Hcynio,
1243 3938 1296 3987 hoe

758 4012 818 4075 ipso
836 4011 934 4075 pedum
951 4009 1022 4059 vitio
1041 4008 1229 4058 infirmitatem
1251 4008 1296 4057 de·

163 4081 276 4143 ptailros
292 4080 426 4142 κυψέλας.
453 4080 531 4145 Quod
549 4097 615 4132 vero
632 4080 704 4145 apud
755 4080 864 4131 clarari.
882 4082 918 4131 Et
926 4079 1086 4129 mirabimur
1094 4078 1245 4144 priscarum
1255 4091 1296 4126 re·

164 4152 359 4217 enudem'pag.
375 4152 537 4202 altercat
556 4151 625 4201 haec
642 4150 705 4216 ipsa
754 4150 884 4216 ligionum
911 4150 1018 4199 monitu
1044 4147 1205 4213 Cypselidas
1233 4145 1295 4195 illos

165 4224 249 4283 cista,
263 4222 292 4270 in
308 4238 362 4287 qna
377 4219 498 4271 inclusus
513 4220 646 4285 Cypselus
664 4220 704 4270 fe·
756 4218 859 4269 Bacchi
878 4223 965 4269 cistam
982 4219 1091 4282 feralem
1109 4218 1217 4280 aliquam
1236 4214 1294 4265 sire

97 4346 106 4369 ·
166 4291 283 4351 rebatur,
300 4292 414 4341 Iunonis
429 4290 599 4355 intemplum
613 4289 705 4355 Olym·
755 4289 864 4341 Osiridis
878 4289 1019 4340 dedicasse
1032 4289 1060 4337 iu
1073 4285 1194 4337 sacrario
1204 4283 1296 4348 Olym-

168 4360 228 4424 piae
240 4358 370 4411 dedicata
380 4361 507 4426 ambigue
519 4361 650 4422 traditur,
664 4376 704 4409 re·
755 4359 802 4425 pio
820 4359 933 4409 lunonis
953 4363 981 4410 et
1004 4362 1100 4424 postea
1121 4355 1223 4404 famam
1244 4352 1294 4402 ali-

169 4434 211 4481 cte
223 4431 279 4481 iam
298 4431 328 4481 in
347 4430 459 4482 dubium
479 4434 627 4482 vocaverat
642 4430 705 4481 Val—
756 4445 836 4496 quam
848 4430 1044 4492 increbruisse,
1056 4440 1125 4492 quae
1138 4423 1295 4475 feminame
