2916 5130
391 388 665 451 rouruure.
688 389 760 449 vu.
783 397 843 452 rra.
866 397 928 452 rra.
1136 410 1141 419 ·
1165 384 1226 447 773

83 572 163 652 βον,
183 561 420 652 ἐπιστάμενοι,
442 560 486 643 ὣς
505 564 560 632 ἐπὶ
581 566 685 649 σφέας
699 557 908 651 ύρμήθησαν
922 557 1045 651 άρχήν,
1067 560 1123 628 καί
1137 583 1224 646 παρ-

84 666 297 737 εσκευάδατο
322 664 366 746 οἱς
386 664 617 755 άπολεόμενοι.
653 656 746 734 ούτοι
769 665 832 754 μὲν
852 665 893 754 δή
915 671 1020 734 ταῦτα
1041 663 1222 752 ἐφρόνεον·

82 776 118 840 ot
128 772 167 841 di
181 768 277 859 ἀμφὶ
292 768 469 859 Ἐπιάλτην
482 773 538 842 καὶ
554 766 714 857 Ὑδάρνεα
724 774 852 859 Πέρσαι
863 774 1010 839 Φωκέων
1022 768 1085 857 μὲν
1098 763 1222 836 οὐδένα

83 875 187 962 λόγον
202 877 398 960 ἐποιεῦντο,
415 880 451 943 οί
461 876 498 944 δέ
512 875 711 961 κατέβαινον
725 872 762 944 τδ
775 865 875 961 οὖρος
890 871 974 943 κατά
988 868 1093 959 τάχος.

170 986 270 1047 Τοῖσι
291 979 328 1047 δὲ
349 981 386 1047 ἐν
401 979 639 1068 Θερμοπύλῃσι
659 982 752 1047 ἐοῦσι
774 973 940 1066 Ἑλλήνων
960 981 1095 1062 πρῶτον
1121 974 1183 1063 μέν
1203 969 1290 1043 δ219

81 1082 201 1170 μάντις
217 1089 423 1169 Μεγιστίης,
438 1081 560 1151 ἐσιδέιν
574 1086 608 1163 ἐς
620 1078 660 1150 τά
674 1079 746 1167 ipsi,
762 1086 888 1169 έφρασε
901 1078 960 1149 τὸν
972 1086 1136 1170 μέλλοντα
1150 1084 1221 1146 ἐσε-

82 1196 164 1253 σθαι
179 1183 253 1274 ἅμα
267 1182 322 1275 ήοῑ
335 1206 396 1273 σφι
410 1186 576 1256 θάνατον·
604 1187 658 1254 ἐπὶ
674 1186 710 1254 δέ
725 1186 780 1253 καί
790 1182 969 1272 αὐτόμολοι
983 1176 1069 1272 ἦσαν
1082 1187 1118 1252 ολ
1128 1186 1222 1268 ἐξαν-

83 1298 262 1376 γείλαντες
282 1294 350 1358 τῶν
371 1293 533 1378 Περσέων
552 1287 613 1379 τήν
635 1295 811 1376 περίοδον·
844 1278 935 1358 οὗτοι
956 1287 1018 1377 μὲν
1036 1294 1084 1356 ἔτι
1103 1284 1223 1365 νυκτὸς

85 1392 277 1481 ἐσήμηναν,
298 1401 403 1480 τρίτοι
426 1393 462 1462 δὲ
482 1399 518 1462 οί
526 1389 766 1483 ἡμεροσκόποι,
793 1391 1062 1480 καταδραμόντες
1075 1387 1141 1459 άπὸ
1155 1394 1223 1458 τῶν

84 1493 215 1583 innon,
241 1494 308 1585 ήδη
329 1497 574 1586 διαφαινούσης
593 1492 733 1586 ἡμέρης·
770 1498 919 1564 ἐνθαῦτα
948 1494 1170 1582 ἐβουλεύοντο
1190 1496 1226 1562 ολ

85 1684 133 1735 que
161 1668 297 1735 legimus:
327 1662 457 1718 καθόλου
481 1663 576 1718 πάντα
599 1661 633 1719 τά
681 1667 770 1728 ierus,
787 1684 865 1734 quem
880 1666 1222 1733 sequiturSchweighaeu·

85 1737 208 1802 μετέωρα
229 1734 280 1787 καί
296 1733 337 1795 είς
355 1727 432 1802 detor
445 1730 631 1789 ἀνατείνοντα
681 1753 775 1802 serus,
793 1738 825 1789 da
836 1753 886 1788 suo
900 1737 1012 1789 dederat
1027 1731 1149 1787 ἐπειτενι
1167 1753 1219 1802 quo

86 1805 250 1875 κορύμβους
275 1802 394 1871 λέγουσι.
436 1809 533 1874 Itaque
557 1816 631 1861 reete
682 1815 772 1857 tamen
790 1809 944 1873 elegantius
961 1809 1068 1859 videtur
1086 1807 1220 1858 Bredovio

88 1878 171 1928 tradit
180 1878 303 1930 scheon,
316 1879 344 1927 in
357 1877 506 1930 comment.
523 1880 556 1929 de
570 1896 631 1944 per·
680 1894 744 1943 pag.
754 1876 803 1929 199
814 1878 850 1938 id,
861 1878 932 1944 quod
944 1878 1149 1929 aValckenario
1158 1893 1221 1942 pro·

87 1964 158 1998 sonu.
177 1950 207 1998 iu
219 1948 350 2012 Euripid.
362 1948 462 1998 Bacch.
477 1964 503 2013 p.
519 1951 564 2001 101
583 1941 630 1998 κύ·
680 1947 1219 2012 positum,aGaisfordio‚Bekkero,Din·

88 2014 193 2083 ρνμβον
207 2018 267 2068 dici
282 2020 314 2066 de
332 2033 377 2080 eo,
397 2019 527 2084 quidquid
540 2022 568 2068 in
580 2034 629 2068 sua
679 2017 762 2067 dortio
774 2023 802 2067 et
811 2018 955 2068 Dietschio
964 2025 1100 2081 receptum
1111 2022 1162 2079 est,
1173 2007 1220 2066 ἐπὶ

87 2102 114 2137 re
126 2090 283 2152 promineat
296 2086 433 2138 celsumve
444 2089 489 2138 sit.
516 2089 560 2138 Tu
572 2090 629 2140 vid.

89 2170 192 2222 quoqne
212 2158 342 2208 Perizon.
363 2158 398 2206 ad
418 2158 524 2208 delion.
545 2160 575 2208 V.
592 2160 628 2209 H.

92 2226 134 2287 111,
146 2230 186 2290 22,
203 2240 287 2294 quern
297 2227 396 2276 dudum
409 2228 527 2278 conferri
536 2228 630 2279 volue-

92 2300 132 2344 rat
142 2297 310 2347 Valckenar.

124 2357 315 2431 ἐπιστάμενοι]
330 2366 410 2416 Velia
423 2366 526 2417 reddit:
536 2369 628 2432 pueri,-

92 2433 295 2501 Wesselingius:
302 2438 449 2493 credentes,-
456 2436 546 2486 malim
556 2439 629 2503 equi·

92 2501 291 2568 demorantes,
311 2507 481 2557 existimantes
496 2507 531 2556 ob
544 2508 629 2558 verba

92 2588 174 2640 ειτηερ,
198 2591 273 2641 qnae
293 2574 447 2639 declarant,
473 2576 628 2628 Phocenses

92 2656 120 2692 es
140 2647 167 2693 in
188 2648 321 2711 opinione
341 2645 440 2708 fuisse,
467 2653 499 2696 ut
519 2648 627 2710 Persae,

93 2715 132 2776 qni
141 2713 343 2779 Thermopylae
356 2717 500 2766 circumire
514 2717 625 2781 veilent,

94 2790 180 2834 contra
199 2801 229 2835 se
246 2786 322 2848 ipsos
341 2799 402 2836 esee
415 2786 553 2849 proiectos
569 2802 627 2837 ere·

93 2850 191 2914 dorent,
211 2854 333 2918 indeque
351 2861 464 2919 paratos
485 2856 570 2906 fuisse
592 2857 626 2906 ad

91 2930 195 2974 mortem
205 2924 370 2976 obeundum.
389 2916 482 2989 άρχὴν
491 2928 567 2976 valet
578 2942 628 2976 om-

90 2993 154 3056 nino,
163 3009 291 3057 prorsus,
307 3000 338 3043 ut
346 2995 408 3053 VII,
418 2997 478 3054 220,
492 3011 527 3046 ne
539 2996 626 3061 plura.

89 3059 126 3110 De
144 3065 227 3114 verbo
248 3056 435 3128 ἀπολεόμενοι
461 3066 534 3120 conf,
554 3072 623 3118 nott.

90 3131 121 3180 sd
132 3133 193 3194 Vll,
206 3135 271 3185 209.

122 3195 150 3248 σι’
164 3197 201 3253 δέ
219 3197 391 3267 κατέβαινον
409 3193 442 3251 τό
464 3189 561 3269 ούρος]
583 3205 625 3254 Do

89 3272 218 3331 particula
227 3266 260 3321 δὲ
271 3270 339 3336 (sed)
350 3272 404 3320 vid.
415 3274 513 3323 Matth.
521 3272 567 3324 Gr.
578 3275 623 3325 Gr.

91 3340 113 3397 5.
123 3342 186 3403 289,
203 3345 251 3409 qui
264 3342 334 3393 idem
346 3342 443 3393 cere.
460 3350 516 3393 not.
530 3344 545 3393 3
558 3349 586 3393 et
599 3347 624 3407 ξ.

90 3408 152 3473 199,
164 3413 181 3461 4
193 3413 227 3463 δε
246 3417 387 3463 structura
403 3414 480 3463 verbi
492 3410 626 3480 καταβαί-

91 3490 146 3526 νειν
158 3481 264 3535 consuli
276 3483 389 3546 poterit.
420 3544 424 3551 ι

255 3653 320 3705 cm.
340 3653 458 3706 CCXIX.

122 3747 167 3804 ἐπὶ
181 3753 212 3807 δὲ
222 3752 271 3807 καί
283 3750 436 3823 αύτόμολοι
450 3748 547 3823 diuus]
562 3759 624 3810 Om-

91 3836 135 3874 ues
143 3826 205 3878 libri
215 3831 311 3894 scripti
322 3820 384 3878 ἐπεὶ
393 3828 534 3894 praebent.
561 3830 624 3880 Vsi-

91 3892 237 3961 ckenarius‚
253 3914 331 3964 quem
347 3901 508 3949 secutisunt
522 3903 624 3964 posteri

92 3963 165 4026 edd,
184 3970 303 4019 correxit
321 3958 367 4018 ἐπὶ
381 3959 427 4031 δέ,
452 3969 541 4019 deiude
553 3987 622 4034 vero,

91 4046 147 4083 cum
160 4038 304 4089 antecedat
317 4034 511 4159 πρῶτονμὲν,
525 4040 623 4092 adver·

91 4098 129 4151 bii
140 4104 199 4157 loco
214 4110 366 4159 adhibitum
377 4126 425 4175 pro
454 4105 486 4160 πί
500 4104 622 4165 τούτοις.

93 4168 166 4224 Cous.
181 4178 234 4243 1v,
247 4180 281 4230 59
300 4180 392 4244 ibique
412 4187 482 4233 nott.
495 4182 547 4230 VH
556 4219 563 4242 ‚
578 4180 621 4232 92.

93 4238 136 4319 ix,
152 4245 183 4296 35
196 4253 223 4298 et
236 4249 336 4299 Matth.
347 4249 393 4300 (ir.
407 4249 452 4301 Gr.
464 4253 489 4313 ξ.
503 4250 563 4313 594,
576 4251 623 4316 qui

94 4315 358 4379 iuterpretatnrdrrzu‚
366 4323 517 4371 ausserdem.
528 4321 624 4371 Lamb.

95 4377 154 4435 Bos.
173 4386 214 4438 De
233 4388 319 4454 ellips.
339 4391 369 4440 L.
384 4390 430 4439 Gr.
447 4407 474 4456 p.
489 4390 539 4440 491
560 4390 623 4441 coll.

95 4446 140 4500 391
155 4461 181 4504 et
190 4458 321 4511 Observv.
336 4460 410 4510 critt.
420 4475 446 4525 p.
460 4460 500 4511 15.
527 4460 626 4512 Schoe-

679 2080 724 2150 δέ,
740 2087 866 2153 quodque
877 2089 937 2152 ipse
951 2103 1022 2138 nunc
1032 2086 1219 2151 recipiendum

679 2157 752 2209 duxi.
784 2159 891 2207 Etenim
907 2156 980 2219 olim,
994 2157 1065 2223 quod
1077 2156 1140 2206 libri
1153 2158 1220 2208 scri-

678 2228 718 2291 pti
731 2227 868 2286 ferebant,
886 2228 1056 2277 retinendum
1069 2243 1129 2277 esse
1140 2233 1219 2291 puta·

677 2312 771 2347 veram
785 2287 846 2345 ἐπεὶ
857 2291 904 2359 δὲ,
917 2296 990 2361 qnod
1003 2312 1063 2345 cum
1079 2296 1162 2347 verbo
1174 2287 1218 2360 ἧι.

678 2379 732 2415 σαν
741 2368 864 2431 protasiu
876 2369 1040 2427 constituat,
1052 2366 1098 2415 cui
1107 2381 1218 2429 respon·

678 2436 742 2486 deat
766 2436 911 2500 epodosis,
933 2435 1067 2500 incipiens
1090 2451 1106 2484 a
1126 2435 1216 2485 verbis

678 2497 806 2555 ἐνθαῦτα
821 2497 1017 2573 ἐβουλεύοντο,
1040 2504 1216 2555 distinctione

678 2577 790 2636 maiori,
815 2591 885 2641 quae
900 2576 949 2624 hae
968 2590 1050 2625 voces
1068 2576 1216 2637 antecedit,

679 2645 779 2695 deleta.
817 2647 884 2695 Turn
901 2645 985 2695 rerba
1007 2633 1087 2694 οὗτοι
1104 2638 1156 2707 μέν
1175 2637 1215 2694 ἐτι

677 2708 780 2772 νυκτός
801 2706 947 2777 ἐσήμηναν
969 2730 1017 2780 per
1037 2715 1216 2780 parenthesin

675 2786 754 2850 quasi
766 2785 857 2849 posita
870 2784 1031 2849 accipienda
1047 2790 1126 2835 erunt
1140 2789 1168 2834 et
1181 2783 1216 2835 ad

676 2855 760 2905 verbe
771 2870 845 2920 seqq.
860 2853 950 2916 τρίτοι
969 2849 1000 2904 δὲ
1020 2847 1050 2903 ei
1060 2845 1216 2917 ἡμεροσκό-

676 2938 726 2972 ποι
736 2941 750 2976 ε
761 2924 927 2989 praegressis
942 2923 1148 2988 intelligendum
1164 2924 1217 2973 erit

674 2989 770 3059 ἤϊσαν,
784 2999 815 3044 ut
827 2993 885 3043 soil.
897 2992 1068 3057 Schaeferus,
1080 2993 1217 3059 Schweig-

675 3065 824 3115 haeuserus
843 3067 872 3112 et
890 3063 1061 3114 Gaisiordiua
1083 3062 1216 3114 dederunt

675 3133 815 3185 Sancroiti
830 3132 889 3183 cod.
904 3148 936 3183 er
952 3134 1134 3196 auctoritate,
1154 3149 1216 3183 oum

675 3193 762 3268 ἦσαν,
786 3203 821 3253 ad
840 3202 911 3268 quod
932 3203 994 3253 olim
1015 3203 1127 3269 vulgata
1148 3197 1216 3252 ἐσαν

676 3275 766 3338 ducit,
785 3273 982 3323 restituendum
1000 3274 1052 3335 sit,
1070 3279 1144 3324 recte
1159 3290 1215 3324 mo·

675 3349 756 3393 neute
769 3342 884 3393 Bredov.
900 3359 962 3409 pag.
978 3344 1039 3396 408.
1071 3344 1147 3405 Quae
1160 3342 1214 3393 loci

676 3412 838 3478 expediendi
869 3413 955 3476 ratio,
986 3412 1052 3462 iicet
1078 3412 1215 3477 particula

676 3474 738 3532 ἐπεὶ
757 3475 788 3530 δέ
814 3483 894 3532 initio
912 3483 1083 3547 periodorum
1101 3483 1142 3532 sic
1161 3482 1214 3532 fre·

675 3553 804 3618 quentiae
817 3554 969 3617 reperiatur
982 3554 1090 3618 posita,
1109 3557 1139 3600 nt
1154 3551 1214 3616 piu·

675 3623 749 3672 ribus
767 3621 875 3672 demum
891 3623 982 3673 verbis
1002 3622 1153 3673 interiectis
1171 3638 1213 3671 se·

675 3698 776 3757 quatur
788 3692 915 3755 apodesis
937 3690 1005 3758 (viu.
1020 3696 1088 3742 nott.
1100 3690 1134 3739 ad
1149 3691 1214 3740 Piu-

675 3762 761 3812 taroh.
775 3761 940 3824 Philopoem.
959 3762 998 3812 16.
1013 3776 1066 3825 pag
1088 3758 1149 3825 58),
1164 3761 1214 3810 du-

673 3834 729 3883 rior
743 3837 834 3882 tamen
846 3830 898 3879 hoo
912 3831 972 3881 ioco
986 3830 1118 3895 nimisque
1127 3846 1213 3895 quae·

674 3902 727 3953 sita
738 3917 797 3952 cum
810 3899 957 3958 videretur,
970 3900 1053 3951 malui
1064 3901 1141 3965 sequi
1150 3899 1214 3949 Val-

673 3971 845 4032 ckenarium,
860 3985 910 4035 pro
919 3960 979 4018 ἐπεὶ
992 3964 1024 4019 δέ
1033 3971 1213 4035 corrigentem

674 4033 731 4089 ἐπὶ
744 4033 790 4100 δέ,
805 4044 888 4105 atque
901 4041 1028 4092 maiorem
1040 4040 1103 4090 inde
1115 4040 1214 4090 distin-

674 4112 791 4162 ctionem
818 4110 896 4173 posui
921 4115 984 4160 ante
1009 4102 1151 4161 ἐνταῦθαι
1176 4109 1213 4160 ad

674 4180 759 4232 verba
786 4178 876 4240 τρίτοι
907 4174 938 4229 st
964 4173 994 4229 οί
1019 4172 1213 4243 ἡμεροσκόποι

675 4255 764 4300 mente
787 4251 962 4314 repetendum
987 4249 1041 4300 erit
1061 4264 1075 4299 e
1092 4250 1213 4313 proxime

674 4319 899 4385 praecedentibus
907 4311 1060 4385 ἐσήμηναν.
1068 4345 1101 4354 -
1111 4319 1212 4369 Vocem

674 4386 810 4451 περίοδον
819 4390 882 4440 hinc
893 4390 973 4441 affert
982 4388 1080 4439 Snidas
1091 4405 1112 4439 ε.
1120 4405 1146 4439 v.
1159 4389 1211 4439 111.

675 4476 737 4527 pag.
750 4460 794 4512 ro.
825 4462 867 4512 De
886 4459 1037 4526 transfugis
1056 4459 1129 4511 coni.
1147 4460 1212 4509 Dio-
