3008 5128
448 382 816 451 TERPSIOHORE.
836 382 874 445 V.
897 392 941 450 71·
1202 389 1261 455 13³

123 565 183 659 μὶν
194 570 230 637 οἱ
240 564 425 653 πρυτάνιες
437 568 506 634 τάν
522 543 742 651 νοιυιιράρων,
764 567 860 653 οἵιιερ
875 570 994 654 ἔνεμον
1007 560 1081 635 τότε
1093 563 1151 648 τάς
1163 563 1260 659 Ἀθή-

122 757 669 829 adrumetinorum,iubenttbnsnin-
717 771 778 833 tyas
790 805 797 830 ‚
811 783 881 831 quae
894 768 973 832 ipsae
983 766 1109 830 siuqnlae
1120 772 1260 833 quaternis

122 839 191 891 dori.
203 840 232 889 in
243 839 428 889 Commentat.
441 837 474 887 de
486 836 550 888 dial.
563 835 667 887 Herod.
718 838 883 889 constabant
902 842 1062 891 cannariis:
1084 839 1155 890 unde
1172 845 1259 892 totum

122 926 183 976 pag.
197 908 343 960 XXXVIII
358 914 387 959 et
399 908 515 958 Bredor.
529 922 591 971 pag.
606 904 667 967 398,
717 909 847 975 populum
866 909 894 959 in
910 909 1091 975 quadraginta
1108 915 1171 961 octo
1193 927 1260 963 nau·

122 996 182 1031 cum
197 980 266 1030 haec
281 978 369 1029 forma
380 994 436 1029 una
447 976 665 1037 sitHerodotea3
717 980 823 1030 crarIas
841 979 994 1044 antiquitus
1016 980 1189 1031 distributum
1215 982 1261 1033 iu-

122 1051 241 1113 itemque
265 1048 329 1100 dedi
349 1038 502 1104 πρυτάνιες
522 1063 571 1113 pro
590 1047 665 1110 vulg,
716 1049 772 1100 isse
786 1055 998 1100 consentaneum
1014 1053 1070 1111 est,
1089 1051 1188 1116 quibus
1203 1053 1259 1102 sine

120 1110 275 1182 rranoivrc,
288 1133 360 1183 quae
370 1118 459 1168 torma
468 1116 560 1168 aliena
573 1121 617 1167 est
630 1117 665 1167 ab
716 1118 787 1183 gulis
800 1120 913 1169 totidem
931 1118 1065 1184 praefecti
1083 1137 1104 1171 a.
1119 1122 1258 1183 praesides

120 1190 215 1240 Nostri
235 1187 376 1252 scriptoris
398 1203 466 1247 usu;
489 1186 526 1237 ci.
546 1186 664 1237 Bredov.
716 1188 833 1249 fuerint,
855 1182 886 1237 οῖ
896 1179 1068 1254 ναάιιραροι,
1084 1205 1194 1242 nurnero
1208 1193 1258 1253 igi·

121 1275 148 1324 p.
166 1258 220 1309 266
240 1257 302 1308 cell.
323 1258 384 1311 263.
420 1248 539 1313 τούτους
560 1256 605 1306 hic
630 1255 665 1305 ad
715 1263 760 1308 tur
785 1258 970 1324 qnadraginta
989 1262 1051 1309 octo
1071 1266 1098 1309 at
1114 1261 1178 1325 ipsi.
1215 1261 1258 1312 Da

119 1327 251 1393 Gyiouem
265 1329 378 1394 eiusque
397 1327 504 1386 socios,
525 1317 577 1389 τὴν
593 1318 665 1376 ἔται·
717 1343 829 1395 quorum
841 1344 950 1379 munere
962 1333 989 1378 et
999 1329 1090 1379 officio
1102 1332 1258 1380 accuratius

120 1393 208 1461 ρηΐην
223 1395 283 1447 τοῖν
297 1390 470 1462 ἡλικιωτέων
482 1396 581 1448 refero.
612 1396 666 1458 Qui
716 1414 850 1463 exponere
861 1398 935 1448 haud
947 1397 1056 1461 licebit,
1069 1414 1130 1448 cum
1143 1397 1176 1449 de
1190 1401 1257 1464 ipsis

118 1467 254 1520 Herodoti
263 1474 328 1519 sunt
337 1461 367 1517 oi
377 1459 530 1528 πρυτάνιες
538 1463 595 1514 τιάν
602 1480 669 1513 vnv-
715 1469 869 1518 naucrariis
887 1483 1035 1532 earumque
1053 1472 1153 1518 natura
1169 1485 1201 1518 ac
1212 1469 1256 1520 vel

119 1530 248 1601 ιιράρων.
262 1553 353 1589 corum
364 1536 426 1587 loco
440 1537 511 1601 apud
525 1535 664 1600 Thucydi·
715 1538 747 1588 de
767 1540 827 1602 ipso
844 1538 951 1588 nomine
972 1538 1015 1587 his
1035 1537 1163 1601 imposito
1184 1538 1258 1590 baud

118 1609 179 1660 dem
193 1609 222 1668 1,
239 1607 289 1658 lue
302 1607 431 1672 Cylonem
449 1607 561 1671 eiusque
573 1606 663 1683 socios
714 1608 782 1657 satis
796 1612 912 1658 constet.
933 1607 997 1657 Vid.
1009 1606 1088 1657 mode
1100 1606 1185 1657 allata
1197 1623 1213 1657 a
1225 1608 1255 1658 Ο.

118 1678 246 1729 dicuntur
268 1671 427 1741 άναστῆσαι
451 1669 482 1725 οἴ
503 1672 559 1724 τοῖν
584 1673 664 1739 Aeq—
713 1678 922 1730 F.Hermanno:
937 1676 1256 1727 Grieehetaatsalterth.

118 1739 449 1808 rmletretqnunivot
458 1738 511 1809 τὴν
521 1736 661 1807 φυλακὴν,
715 1751 739 1811 §-
758 1747 809 1807 98,
827 1747 973 1812 praecipue
989 1751 1048 1797 not.
1065 1749 1091 1796 2.
1109 1746 1134 1798 3.
1154 1748 1255 1810 §.102

117 1818 164 1883 qui
176 1818 260 1868 iidem
269 1816 351 1883 paulo
361 1822 425 1867 ante
434 1819 570 1866 vocantur
582 1807 613 1863 oi
621 1806 664 1863 ἐν·
715 1821 773 1868 not.
794 1817 841 1876 15,
864 1815 1055 1867 Wachsmuth:
1081 1816 1257 1869 Hellenischc

118 1879 168 1936 sia
191 1875 329 1950 ἄρχοντες
353 1884 412 1951 (qni
437 1889 502 1936 tnnc
532 1885 662 1947 temporis
712 1885 908 1939 Alterthumsk.
925 1888 949 1937 1.
965 1903 991 1950 p.
1004 1887 1055 1939 366
1068 1902 1124 1952 seq.
1145 1887 1196 1938 437
1211 1889 1254 1938 ed,

116 1955 234 2023 plurima
248 1957 275 2006 in
288 1955 429 2019 republica
441 1952 610 2019 tractabant)
626 1953 663 2003 si·
713 1971 778 2017 sec..
794 1956 919 2007 Bneckh:
931 1956 1122 2011 Staatshansh.
1136 1957 1157 2006 Ι,
1166 1972 1192 2021 p.
1204 1958 1255 2009 708

116 2043 163 2087 va,
180 2031 214 2076 nt
226 2026 267 2076 ait
280 2028 433 2076 Pausanias
445 2026 516 2085 VII,
532 2026 574 2076 25.
591 2028 615 2088 §-
633 2025 661 2074 l:
714 2041 770 2091 seq.
802 2025 843 2076 ad
861 2042 965 2077 omnem
983 2027 1151 2091 reipublicae
1170 2026 1255 2076 admi·

116 2090 147 2146 oi
162 2089 277 2161 ἔχοντες
296 2086 346 2152 τάς
366 2085 465 2159 άρχάς.
497 2095 574 2156 Quae
594 2109 661 2158 quo·
712 2094 872 2146 nisti-andus
885 2111 992 2157 curam,
1013 2097 1139 2160 inprimis
1158 2095 1193 2145 ad
1208 2097 1255 2147 tri·

115 2167 195 2218 medo
210 2181 272 2217 cum
287 2163 453 2216 HerodoteIa
468 2162 661 2223 concilientur,
711 2166 778 2215 buta
791 2170 818 2215 et
831 2166 899 2223 ulia.
913 2183 982 2231 quae
995 2165 1162 2231 reipublicae
1177 2181 1256 2230 prae·

116 2253 170 2288 nou
195 2238 267 2287 satia
292 2235 412 2300 perspici
435 2249 515 2295 nosse
536 2235 578 2284 ait
597 2232 661 2282 Val·
713 2235 811 2287 stands
825 2236 1040 2288 essent.horum
1055 2236 1254 2298 praefectorum

116 2308 212 2369 chem,
242 2306 296 2355 nisi
318 2302 506 2369 Thucydidem
530 2304 560 2353 in
584 2302 660 2354 hisce
710 2322 806 2356 munus
827 2310 967 2370 spectasse
988 2305 1111 2368 equidem
1134 2305 1255 2355 credide-

113 2376 197 2427 alium
226 2380 310 2439 atque
339 2375 509 2424 Herodotum
537 2377 659 2423 secutum
710 2375 1034 2439 rtmdclectorqueessa
1049 2374 1255 2424 exiisdemali-

114 2462 174 2497 esse
190 2451 301 2497 statuas
318 2449 465 2497 auctorem.
493 2443 660 2495 Herodoteis
710 2448 777 2509 quot
790 2445 865 2496 viros
880 2443 950 2510 (sive
967 2449 1098 2509 quat-tuor
1116 2442 1174 2493 sive
1188 2444 1253 2508 duo·

113 2518 202 2568 utitur
218 2515 404 2578 Harpocratio
426 2529 448 2564 s.
469 2530 496 2563 v.
514 2508 660 2576 δήιιαρχος
711 2512 1255 2578 decimiuisaeetatuas)‚quiquotIdiana

112 2602 176 2651 pag.
199 2584 252 2636 120
271 2588 299 2635 et
321 2574 499 2643 ναυκοαριιιά
517 2599 580 2648 pag.
598 2583 659 2644 250,
711 2589 839 2634 curarent
859 2585 969 2648 negotia
985 2597 1171 2646 summamque
1190 2583 1254 2633 inde

113 2656 160 2708 ubi
173 2655 256 2705 docet
267 2654 447 2715 magistratus
463 2653 524 2703 olim
540 2652 660 2718 appella·
709 2654 843 2704 haberent
860 2658 1040 2718 potestatem:
1064 2652 1115 2701 bos
1130 2668 1194 2703 vero
1208 2652 1254 2703 de·

113 2733 157 2776 tos
184 2724 272 2775 fuisse
295 2714 489 2785 ναυκράρους,
519 2722 599 2786 plura
626 2738 659 2773 ex
709 2723 795 2774 lectos
812 2729 860 2772 ant
879 2725 961 2774 etiarn
983 2722 1188 2787 certoqnodam
1211 2739 1253 2772 or-

112 2793 272 2844 Aristotelie
309 2808 397 2842 rernm
432 2791 548 2854 publico.
581 2791 659 2842 lIbris
711 2794 773 2844 dine
792 2794 895 2844 adhoc
914 2809 1012 2843 munus
1031 2796 1161 2843 evocatos
1182 2808 1253 2853 πρυ-

112 2880 186 2915 uunc
206 2862 358 2925 deperditis
379 2862 510 2921 auersam
537 2862 610 2912 unde
625 2876 658 2911 ea
709 2858 804 2920 reione
817 2854 986 2924 ναυκράρων
1000 2862 1027 2913 Ιι.
1040 2862 1058 2915 1,
1072 2862 1125 2912 dici
1139 2878 1253 2914 consen-

112 2950 224 2999 quoque
244 2934 396 2993 tinxerunt,
416 2946 487 2994 qnae
503 2932 576 2993 cnud
596 2931 659 2981 Pol·
709 2939 819 2984 taneum
836 2938 891 2993 eat,
907 2932 1132 2997 quemadmodum
1147 2926 1252 2992 πρυτά-

110 3004 166 3054 luc.
180 3003 258 3064 VIII,
272 3002 320 3052 108
335 3001 460 3052 etSchol.
472 3000 507 3050 ad
517 3000 658 3065 Aristoph.
709 3017 769 3060 νεις
784 3021 891 3070 qunque
907 3004 990 3063 vulno
1008 3003 1149 3053 dicuntur.
1171 3004 1219 3065 qni
1237 3020 1251 3053 e

111 3074 185 3124 Ἠοῖ).
198 3073 249 3129 37,
269 3071 332 3123 con.
346 3070 424 3123 Snid.
445 3087 467 3122 s.
481 3086 507 3120 v.
522 3069 658 3129 Ναυκρα-
709 3078 806 3125 senatu
824 3075 1032 3139 quincentorum
1049 3072 1169 3123 virorum
1188 3087 1252 3123 evo-

111 3135 179 3203 ριιιά
188 3144 224 3193 Τ.
238 3142 276 3191 11.
292 3157 319 3203 p.
331 3141 383 3191 55¹9
395 3146 423 3190 et
435 3140 549 3201 Photio‚
564 3141 658 3203 legun·
709 3145 765 3193 cati
784 3160 833 3209 per
846 3149 946 3193 certum
962 3149 1067 3206 tempus
1079 3143 1192 3202 negotia
1204 3158 1252 3207 pu·

110 3220 173 3274 tur,
188 3214 265 3261 recte
282 3210 366 3261 allata
385 3211 412 3260 in
426 3211 582 3262 Aristotelei
594 3209 658 3261 libri
708 3214 782 3263 blica
795 3214 1066 3264 quotidiauacnrant
1079 3216 1251 3262 attractant.

107 3281 275 3349 fragmentis
294 3296 311 3330 ιι
324 3282 354 3331 C.
372 3283 531 3332 Neumanno
545 3296 608 3345 pag.
624 3278 658 3330 88
708 3283 772 3334 Vid.
791 3283 890 3347 Bergk.
910 3285 951 3332 in:
975 3281 1088 3333 Jahrbb.
1111 3282 1131 3332 f.
1152 3280 1249 3331 Philnl.

106 3370 170 3418 neq,
204 3353 285 3413 Quae
296 3350 420 3415 longiora
431 3365 513 3411 sane¹
531 3366 611 3414 quam
627 3353 658 3399 ut
709 3369 735 3403 ιι.
755 3353 874 3417 Pacdag.
892 3354 953 3403 Vol.
971 3353 1052 3402 LXV,
1072 3367 1098 3415 p.
1117 3351 1185 3407 ³87.
1205 3352 1251 3414 qui

106 3422 134 3474 h.
153 3423 172 3472 Ι.
194 3423 304 3485 integra
323 3425 511 3485 apponantur,
535 3420 561 3469 id
584 3424 658 3471 certe
710 3423 742 3473 de
756 3423 799 3473 bis
815 3424 855 3472 ita
868 3422 993 3484 scripsit:
1014 3422 1116 3482 „Dicae
1129 3421 1163 3469 48
1175 3421 1251 3470 Nan·

107 3494 239 3543 evincere
254 3490 395 3547 videntur,
415 3496 480 3540 aute
493 3481 658 3553 δημάρχους
708 3493 822 3548 kraren.
846 3493 967 3542 offenbar
988 3490 1177 3555 urspuiinglich
1199 3505 1251 3539 nur

107 3580 130 3617 ιι,
151 3558 325 3623 singulorum
346 3558 484 3609 demotum
503 3560 657 3624 praefectos
708 3562 893 3627 verpilichtct,
923 3562 990 3612 eben
1019 3577 1049 3611 so
1075 3559 1129 3609 viel
1150 3559 1250 3609 Schiffe

107 3649 124 3682 a
141 3631 300 3690 mistheus,
321 3634 353 3679 ut
376 3628 486 3689 volunt,
513 3630 657 3679 institutos
709 3648 768 3682 anm
781 3633 865 3691 Kricq
878 3648 913 3682 zu
928 3631 1024 3682 stellen
1035 3629 1091 3679 und
1103 3645 1136 3678 au
1148 3628 1249 3679 diesem

106 3701 226 3753 Athenin
238 3699 324 3749 luisse
338 3689 532 3759 vsvuodeove.
546 3701 591 3764 qui
602 3700 658 3750 sin·
707 3702 798 3753 Behnf
809 3703 952 3752 Beistener
973 3716 1026 3750 von
1042 3700 1118 3749 ibren
1136 3697 1249 3747 Mitbiir·

106 3773 181 3833 gulis
198 3769 356 3820 naucrarIis
376 3767 559 3832 praefuerint,
579 3769 657 3819 inde·
707 3788 773 3837 gem
795 3772 865 3823 nacb
884 3771 1050 3835 Manasgabe
1076 3768 1123 3817 dea
1139 3768 1250 3818 Vermii-

107 3830 656 3908 queiamaPhotiol.l.cumdqqminqorc
705 3858 771 3897 cens
796 3858 830 3891 nu
858 3842 990 3899 erbehen.
1017 3839 1158 3901 gewinnen
1188 3837 1250 3888 sehr

107 3910 310 3978 quiedammodo
320 3914 514 3975 comparantur
522 3904 655 3973 (ναάιιρα-
705 3911 769 3963 bald
780 3912 990 3962 entechiedenen
1000 3909 1119 3959 Einflnss
1132 3907 1186 3956 und
1199 3906 1250 3956 bil-

105 3997 157 4040 coe
172 3974 206 4030 dd
220 3972 327 4029 ὁποῖόν
342 3994 370 4027 τι
388 3970 403 4027 ὅ
418 3971 590 4044 δήμαρχος),
611 3995 656 4029 eo·
706 3983 759 4031 den
772 3982 833 4032 eine
847 3982 894 4031 Art
908 3971 1009 4051 βουλή,
1027 3976 1129 4028 welche
1145 3976 1186 4025 als
1205 3976 1249 4027 die

105 4052 167 4102 dem
179 4050 262 4100 modo
277 4065 331 4114 quo
344 4045 519 4109 sarracenice
533 4064 592 4098 cum
603 4040 653 4108 δή·
705 4052 871 4102 Vertreterin
885 4051 931 4101 des
942 4046 1178 4099 demckratischen
1188 4045 1249 4095 Ele·

103 4137 172 4184 μοις
189 4120 238 4171 ille
257 4119 401 4171 contendit
418 4117 589 4182 (ναυκρορίοι
603 4112 655 4180 μὲν
705 4126 794 4175 ments
817 4123 845 4171 in
863 4120 951 4170 Athen
977 4135 1010 4169 uu
1030 4115 1192 4167 betracbten
1213 4116 1249 4163 ist

103 4181 213 4242 ὁκοῖόν
225 4206 252 4239 τι
266 4181 285 4252 ἡ
297 4187 441 4253 συμμορία
454 4177 527 4237 καὶὸ
541 4184 653 4251 diune).
705 4191 760 4240 und
778 4192 805 4240 in
824 4190 913 4241 dieser
926 4189 987 4238 Zeit
1001 4189 1037 4238 im
1053 4183 1248 4238 wesantlichen

102 4262 214 4313 Etenim
223 4260 299 4312 hunc
312 4263 401 4324 ipsum
411 4259 538 4310 Photium
551 4273 584 4308 ac
593 4256 654 4308 Pol·
705 4261 749 4311 die
760 4260 843 4311 Stella
860 4260 1017 4313 einnimmt.
1036 4254 1137 4306 welche
1154 4257 1248 4318 sphter

102 4330 191 4381 lucam
210 4330 230 4379 l,
253 4329 273 4378 l.
295 4331 320 4379 si
341 4332 479 4394 sequimur
497 4332 582 4379 testes
602 4327 655 4378 hac
705 4322 1246 4388 damliathederldtlangewiesenward.

103 4402 132 4451 in
149 4418 181 4452 re
199 4401 365 4465 primarios,
386 4414 509 4462 quaeque
523 4398 612 4447 tribus
630 4414 653 4448 s.
704 4392 1246 4453 NichtnurdasSecwesennnddiebus-

101 4464 180 4537 φυλὴ
190 4469 443 4535 comprehendebat
453 4473 582 4537 quattuor
594 4469 654 4518 trit·
704 4472 820 4537 riistung
836 4470 883 4520 der
901 4468 1036 4529 Reiterci,
1061 4461 1177 4516 eundern
1198 4461 1246 4512 das
