2916 5130
390 385 456 447 An
481 382 741 448 nnnonou.
765 383 819 462 vr,
844 394 901 448 me.
1152 380 1213 445 aaa

77 561 143 616 tulit
156 562 201 615 air
215 562 323 629 doctus,
340 560 435 613 harum
449 560 593 628 regionum
612 564 640 610 et
653 558 715 629 ipse
730 558 802 611 bene
820 573 925 625 gnarus
940 557 1060 626 itemque
1077 557 1213 623 Graecus,

76 647 210 716 Rangabd
225 646 268 699 in:
283 644 443 714 Antiquitas
457 643 595 713 Helleniq.
611 642 649 695 11.
667 659 731 713 pag.
747 643 808 696 867.
837 641 938 711 Neque
954 642 1100 695 enimcum
1117 641 1215 708 locum,

77 733 106 784 in
123 749 178 801 quo
194 749 267 784 nunc
281 730 424 782 invenitur
434 728 627 781 monasterium
642 727 710 780 illud
720 727 859 781 desertum
873 742 1001 778 unacum
1015 726 1087 778 casis
1098 727 1212 795 quibus-

78 816 139 869 dam
154 816 309 882 vilissimis,
330 813 411 867 talem
436 832 499 867 esse
519 813 563 865 hic
582 812 759 883 pronuntiat,
783 810 812 864 in
833 827 888 882 quo
910 811 1038 881 oppidum
1059 809 1101 862 vel
1125 811 1213 864 vicum

78 902 187 954 omnino
199 900 304 953 exstrui
318 899 445 969 potuisse
456 897 598 968 probabile
613 899 659 962 sit,
675 914 735 949 cum
748 896 821 967 aqut
834 911 951 966 prorsus
962 901 1068 949 careat:
1083 895 1214 964 angulum

78 1004 142 1038 esse
167 986 285 1037 affirmat
308 983 396 1036 totius
420 982 544 1053 planitiei
572 983 684 1035 maxime
711 980 833 1034 sterilem
864 979 1027 1051 minimeque
1061 987 1154 1049 aptum
1179 979 1214 1033 ad

51 1106 55 1114 -
77 1069 211 1123 culturam
228 1085 316 1138 neque
332 1067 415 1120 ullum
436 1067 567 1137 antiquae
582 1065 758 1119 habitationis
775 1065 921 1133 vestigium
937 1081 1011 1116 rrunc
1025 1065 1214 1135 praebentem:

78 1155 129 1207 sed
145 1153 325 1207 recentiorem
340 1153 428 1205 vicum
443 1151 633 1204 Marathonem
648 1150 718 1203 idem
734 1156 854 1202 testatur
869 1150 897 1201 in
915 1147 986 1201 valle
1000 1150 1069 1202 satis
1091 1150 1215 1220 spatiosa

78 1248 108 1291 et
122 1256 243 1309 amoena,
258 1255 338 1308 quam
354 1236 514 1290 Charadrus
529 1253 653 1306 aquosus
670 1242 793 1306 permeat
815 1233 987 1305 fertilemque
1002 1233 1110 1301 reddit,
1133 1234 1215 1287 sitnm

78 1342 142 1376 esse
155 1339 313 1394 omnemque
325 1340 382 1376 eam
396 1322 543 1390 regionem,
560 1337 630 1390 quae
642 1320 707 1373 inde
718 1321 752 1373 ad
767 1318 907 1389 planitiem
921 1319 1026 1387 tendat,
1039 1319 1216 1389 antiquorum

76 1408 265 1461 aedificiorum
286 1406 434 1460 ruderibus
455 1405 586 1476 repletam
603 1422 713 1459 esseae
733 1404 881 1475 perspicua
900 1403 1076 1473 antiquitatis
1095 1406 1217 1473 vestigio

76 1485 146 1562 prae
164 1511 195 1544 se
208 1493 298 1544 ferrer
316 1492 385 1543 adeo
398 1498 429 1544 ut
444 1491 481 1542 ibi
503 1489 595 1560 potius
613 1490 728 1560 antiqua
742 1489 809 1541 urbs
829 1492 970 1541 exstructa
991 1489 1079 1541 fuisse
1093 1492 1217 1557 putanda

77 1577 127 1630 sit.
171 1577 269 1647 Itaque
285 1575 320 1628 ad
339 1594 396 1629 earn
413 1574 577 1628 seutentiam
602 1574 772 1628 redeundum
793 1573 861 1639 erit,
883 1591 954 1644 quae
978 1579 1099 1626 veterem
1121 1577 1216 1628 urbem

77 1661 279 1714 Marathoniam
299 1661 376 1713 iuxta
391 1660 532 1713 recentius
548 1660 676 1730 oppidum
692 1664 857 1712 exstructam
876 1657 965 1710 fuisse
984 1658 1072 1728 ponit.
1116 1659 1216 1730 Neque

77 1747 185 1809 obstat,
207 1745 282 1814 quod
306 1745 368 1814 ipsa
388 1761 482 1814 pugna
501 1745 530 1796 in
555 1743 724 1797 meridionali
744 1742 869 1812 planitiei
890 1748 996 1815 tractu,
1022 1744 1069 1814 qui
1095 1745 1129 1796 ab
1149 1746 1216 1799 urbe

76 1830 255 1883 Marathonia
269 1830 399 1882 remotior
414 1838 466 1897 est,
483 1830 625 1882 commissa
639 1835 699 1881 est:
715 1846 775 1880 nam
791 1828 856 1879 haec
872 1826 997 1896 planitiei
1018 1845 1083 1897 pars
1107 1848 1123 1881 a
1138 1831 1215 1899 palu-

77 1915 162 1967 dibus
193 1931 279 1967 vacua
300 1914 425 1985 ipsisque
444 1913 660 1967 Atheniensibus
685 1913 772 1981 magis
796 1901 935 1965 commoda*
953 1921 1028 1980 erat,
1053 1915 1100 1984 qui
1124 1915 1151 1966 in
1170 1933 1216 1968 ex·

77 2008 166 2052 trema
181 1997 304 2068 planitiei
321 2004 399 2068 parte
415 1998 449 2050 ad
462 1997 598 2051 meridiem
613 2007 746 2066 vergente
768 1996 894 2050 collocati
910 1996 944 2049 ad
965 1997 1066 2050 montis
1091 1999 1216 2067 Argaliki

76 2088 127 2154 (ut
150 2100 224 2135 nunc
245 2083 373 2151 vocatur)
394 2083 565 2135 declivitates
588 2083 653 2135 inde
674 2089 702 2136 et
725 2082 854 2134 tutiorem
873 2080 962 2135 locum
981 2083 1127 2153 tenebant,
1143 2085 1217 2137 unde

76 2168 176 2221 melius
193 2168 358 2239 faciliusque
379 2168 481 2220 Persas
503 2168 739 2235 aggrederentur,
760 2166 896 2238 quamsi,
915 2168 1142 2238 omniequitatn,
1162 2186 1217 2238 quo

77 2253 182 2305 Persae
199 2252 391 2318 abundabant,
409 2252 552 2319 destituti,
568 2253 596 2305 in
614 2253 701 2305 media
723 2252 835 2322 planitie
851 2251 935 2304 aciem
952 2252 1167 2320 instruxissent,
1190 2259 1218 2306 et

77 2356 146 2390 sero
163 2337 243 2390 etiam
256 2339 418 2389 commodam
437 2338 560 2388 Athenas
579 2337 712 2390 redeundi
732 2338 817 2403 riam,
834 2355 863 2389 re
879 2336 1026 2389 infeliciter
1040 2345 1135 2406 gesta,
1158 2355 1218 2391 cum

78 2439 113 2475 ea
129 2422 182 2490 vin,
198 2439 269 2493 quae
284 2423 318 2475 ab
335 2422 397 2490 ipso
414 2421 514 2491 oppido
532 2421 704 2475 Marathonio
722 2441 771 2492 per
792 2429 908 2475 montem
924 2422 1060 2474 Aforismo
1080 2426 1127 2492 (ut
1144 2439 1218 2476 nunc

79 2506 235 2576 appellant)
251 2508 372 2559 Athenas
388 2506 473 2572 ducit,
489 2506 568 2559 nimis
584 2523 683 2577 aspera
697 2513 726 2558 et
742 2524 876 2576 praeceps
893 2506 938 2573 sit,
954 2523 1033 2576 quam
1048 2514 1123 2558 totus
1140 2525 1217 2561 exer·

79 2592 156 2644 citus
172 2592 308 2644 commode
322 2609 464 2661 permeare
480 2592 526 2644 rix
544 2599 636 2661 queat.
680 2591 749 2644 Inde
776 2591 848 2645 haud
864 2591 974 2660 mirum,
1004 2591 1218 2662 inipsapugna

80 2694 143 2729 cum
162 2676 248 2729 inedia
269 2676 476 2728 Atheniensium
499 2677 572 2730 acies
598 2677 626 2729 in
649 2678 742 2744 fugam
765 2693 900 2729 conversa
920 2683 1011 2743 esset,
1034 2677 1218 2729 Athenienses

77 2761 242 2828 confugisse
257 2756 285 2822 ἐς
299 2756 351 2831 τὴν
367 2754 527 2831 μεσόγαιαν,
544 2768 575 2814 ut
592 2761 697 2813 Noster
717 2761 803 2813 tradit
818 2760 865 2814 Vl.
883 2763 942 2827 113,
959 2778 1050 2830 neque
1072 2761 1100 2812 in
1122 2761 1219 2815 vallem

77 2845 296 2912 Marathoniam,
320 2864 336 2897 a
360 2863 414 2916 qna
434 2845 546 2913 longius
567 2847 696 2913 oberant3
719 2846 768 2898 sed
787 2846 925 2899 meridiem
943 2863 1043 2898 versus
1064 2847 1162 2913 fugere
1176 2847 1215 2898 in·

78 2930 237 2982 stituerunt
251 2930 285 2983 ad
301 2935 389 2982 terras
406 2930 512 2982 Atticae
527 2931 685 2995 interiores,
705 2947 775 3000 quae
793 2930 881 2982 tutius
896 2931 966 3001 ipsis
988 2932 1123 2998 refugium
1139 2949 1219 3001 prae·
1286 2968 1289 2973 -

78 3016 148 3066 bere
163 3020 305 3081 poterant,
327 3022 355 3067 et
371 3015 444 3067 unde
459 3014 567 3067 facilius
589 3016 623 3068 ad
644 3016 730 3085 ipsam
753 3032 872 3085 pugnam
893 3025 1040 3068 revertere·
1053 3015 1165 3068 licebat:
1191 3016 1217 3067 id

79 3098 158 3169 quod
174 3116 271 3152 revera
284 3102 387 3152 factum
402 3106 453 3152 est.
499 3100 531 3152 ln
548 3101 597 3152 hac
610 3102 697 3169 igitur
715 3100 885 3153 meridionali
901 3099 1025 3169 planitiei
1039 3110 1116 3170 parte
1132 3118 1219 3172 eaque

80 3190 203 3237 extrema
218 3184 426 3237 Atheniensium
443 3186 516 3238 acies
531 3184 669 3238 instructa
683 3191 757 3238 erat:
780 3187 808 3238 io
831 3186 881 3237 hac
895 3202 988 3254 pugna
1004 3186 1147 3239 commissa
1162 3193 1219 3239 est:

78 3270 110 3322 in
127 3268 177 3320 bac
193 3285 334 3321 caesorum
350 3286 460 3339 quoque
476 3270 571 3323 tumuli
592 3270 725 3323 exstructi
740 3278 821 3338 sunt,
845 3272 893 3341 qui
916 3272 1005 3325 adhuc
1022 3278 1187 3341 cernuntur,
1204 3289 1219 3324 e

80 3352 199 3425 planitie
215 3354 379 3407 eminentes:
395 3355 451 3407 vid.
472 3362 541 3407 nott.
557 3354 590 3407 ad
611 3354 657 3425 Vl,
676 3358 735 3408 117.
