2970 5128
522 428 701 490 ERA'I'O.
723 430 779 491 Vl.
801 438 843 492 56.
1185 426 1247 490 295

128 582 263 692 άόλεμρν
276 629 313 690 γε
327 604 500 691 ἐκφέρειν,
522 599 576 672 ἐπ’
591 598 635 691 ἣν
648 595 691 672 άν
704 602 893 691 βούλωνται
907 602 1036 692 χάρην·
1067 602 1190 673 τούτου
1208 602 1247 672 δὲ

126 711 242 796 μηδένα
256 706 341 777 εἶναι
352 710 593 796 Σπαρτιητέων
608 706 836 796 διακωλυτήν·
859 713 891 777 εἰ
905 707 941 776 δὲ
955 704 1018 795 μὴ,
1033 703 1137 777 αάτδν
1151 709 1189 777 ἐν
1200 711 1248 799 τῷ

125 809 194 898 άγει
211 813 395 899 ἐνέχεσθαι.
424 813 701 901 στρατευομένων
721 810 758 881 δὲ
780 810 934 900 πρώτους
953 812 1040 881 ἰέναι
1053 808 1132 892 τοδς
1149 819 1246 899 βασι-

124 918 210 1000 λέας,
242 911 407 995 ὑστάτους
431 915 468 984 δὲ
493 911 645 985 ἀπιέναι·
681 911 799 985 ἑκατὸν
823 915 859 984 δὲ
882 912 1009 1001 ἄνδρας
1025 914 1170 1001 λογάδας
1191 915 1246 984 ἐπὶ

123 1026 289 1108 στρατηΐης
312 1018 499 1108 φυλάσσειν
522 1014 655 1100 αὐτούς.
689 1017 884 1108 προβάτοισι
900 1017 937 1087 δὲ
950 1022 1096 1106 χρᾶσθαι
1116 1022 1154 1088 ἐν
1168 1023 1246 1108 τῇσι

122 1217 309 1269 exdrietotelie
321 1223 348 1269 et
358 1219 520 1286 Diotogenie
530 1218 598 1270 looie
608 1235 654 1270 eu·
702 1211 845 1283 πόλεμοντ
868 1235 921 1285 quo
935 1217 1001 1268 mihi
1019 1217 1093 1270 haud
1105 1234 1171 1284 opus
1184 1234 1244 1272 oeae

121 1303 164 1352 pra
180 1287 270 1339 alletia
294 1289 482 1353 cognoscitur,
504 1289 653 1354 Spartano·
702 1288 821 1342 videtur.
851 1290 917 1354 ipen
932 1289 1066 1340 Herodoti
1086 1290 1171 1340 verba
1189 1305 1244 1340 non

119 1358 298 1422 νεωτερίσειε
322 1359 475 1423 antiquitat
496 1359 652 1410 sacerdotia
701 1357 783 1410 aliter
810 1359 914 1424 accipit
937 1360 1037 1410 Grote:
1071 1359 1186 1423 Hietory
1215 1359 1246 1410 ol

120 1427 252 1477 commitaa
265 1426 389 1491 suerunt,
405 1428 440 1478 erl
449 1422 552 1494 regiain
565 1429 652 1494 digni·
702 1429 804 1479 Greeee
816 1430 852 1479 11.
867 1444 894 1493 p.
909 1429 969 1480 469.

119 1502 194 1546 tatem
202 1498 344 1561 pertinuit,
354 1497 461 1563 qualem
471 1499 561 1563 prisca
568 1498 652 1549 Grae·
736 1491 766 1547 ἐν
777 1494 818 1563 τῷ
828 1491 891 1563 ἄγεϊ
902 1489 1061 1561 ἐνέχεσθαι]
1075 1496 1094 1546 ἰ.
1107 1512 1131 1549 e.
1140 1500 1243 1559 piaculo

119 1581 201 1617 eorum
212 1571 309 1618 aetate
326 1568 505 1618 constitutam
518 1567 650 1633 Spartae·
700 1584 722 1621 ι.
742 1571 850 1620 mantuo
870 1570 972 1618 nimine
992 1583 1045 1617 ειινι
1064 1568 1154 1617 teneri.
1187 1566 1243 1617 Ubi

118 1650 162 1701 qne
173 1641 307 1688 retentam
318 1652 378 1688 eaee
388 1640 552 1702 accepimus,
565 1642 597 1688 ut
606 1653 650 1689 aa·
701 1637 734 1687 de
744 1638 946 1702 praepositione
957 1627 988 1686 ἐν
999 1636 1117 1702 repetita
1126 1634 1169 1701 (ut
1178 1636 1242 1699 VII,

118 1709 165 1757 oria
186 1706 350 1772 quibusdam
367 1706 498 1772 publicis,
521 1723 592 1772 quae
613 1707 650 1757 ad
703 1708 781 1771 128),
807 1707 878 1759 alias
904 1722 986 1772 reepe
1011 1706 1112 1756 omissa
1136 1707 1243 1756 monuit

118 1790 211 1826 ornnem
224 1777 395 1840 pertinerent
407 1778 557 1840 civitatem,
571 1792 649 1841 regen
699 1777 829 1828 Valcken.
846 1778 936 1829 eitane
950 1774 1125 1828 Demosthen.
1144 1792 1168 1826 o.
1182 1776 1242 1826 Ari-

116 1845 291 1911 iungerentur.
318 1846 398 1898 Unde
407 1862 515 1912 quoque
527 1853 651 1911 repeten-

116 1915 184 1977 dum,
203 1917 274 1981 quod
295 1932 376 1982 reges
394 1916 522 1981 Spartani
540 1917 576 1967 ad
595 1915 651 1966 bel·

116 1983 162 2034 lum
173 1986 324 2051 profecturi
336 1984 457 2051 Apollini
469 2002 550 2037 saera
566 1986 651 2036 faeie-

115 2053 174 2105 bant
189 2061 271 2121 atque
294 2056 323 2105 in
344 2056 414 2122 ipeia
432 2055 652 2120 expeditionibus

116 2125 310 2177 nidificabant.
329 2125 406 2177 Cous.
419 2125 540 2179 Mueller.
552 2126 570 2176 l.
582 2125 600 2176 1.
612 2126 652 2176 Il.

114 2208 129 2258 p
143 2255 261 2327 πόλεμόν
275 2278 309 2327 γε
323 2254 463 2328 inploro]
482 2263 605 2313 Pertinet
622 2266 651 2313 et

114 2331 159 2383 huo
173 2333 362 2398 Xenophontio
382 2332 458 2383 loeus
488 2335 516 2383 in
534 2330 648 2397 Republ.

114 2401 262 2458 Iueedaem.
292 2403 353 2453 XV.
377 2405 401 2466 ἕ.
420 2406 451 2453 2:
480 2394 567 2466 ἔθηκε
592 2393 647 2464 γάρ

115 2469 177 2535 (teil.
194 2462 209 2522 δ
222 2470 420 2536 Λυκοῦργος),
433 2464 520 2521 δυέιν
533 2463 585 2535 μὲν
598 2468 648 2536 βα-

114 2536 181 2590 σιλέα
199 2538 269 2606 πρὸς
285 2539 340 2604 τῆς
354 2531 648 2604 πό1εωςτάδημόσια

114 2597 229 2676 ἅπαντα,
242 2606 282 2669 ὥς
297 2603 422 2660 ἀπὸτοῦ
433 2608 507 2660 θεοῦ
518 2601 587 2659 ὅντα
597 2606 647 2660 καὶ

114 2674 271 2743 στρατιὰν
289 2673 374 2732 ὅποι
394 2671 647 2744 άνὴπάλιςέιι-

113 2744 234 2816 πέμπῃ,
247 2742 437 2817 ἡγεῖσθαι·
455 2743 542 2800 ἔδωκε
555 2744 646 2798 &luat

113 2814 170 2881 γέρα
183 2811 238 2870 άτιδ
252 2818 313 2869 τῶν
329 2818 483 2882 θυομένων
493 2810 648 2886 λαμβάνειν

113 2884 154 2936 eol
168 2888 220 2954 γῆν
233 2904 262 2939 τε
276 2880 312 2940 ἐν
329 2889 446 2946 πολλοῖς
462 2885 520 2939 τῶν
541 2886 648 2951 περιοί-

114 2971 163 3007 ιιιιν
189 2951 302 3010 πόλεων
326 2954 475 3020 ἀπέδειξεν
502 2949 648 3022 ἐξαίρετον

113 3021 255 3093 τοσαύτην,
276 3017 350 3079 (ὅττι
368 3020 438 3092 μήτε
454 3026 569 3078 δεῖσθαι
590 3026 648 3078 τῶν

113 3097 220 3159 μετρίων
237 3091 312 3164 μήτε
332 3093 445 3165 πλούτῳ
462 3092 646 3161 ὑπερφέρειν.

114 3167 181 3228 Quod
205 3170 240 3219 ad
265 3169 405 3219 Herodoti
428 3168 511 3219 verba
536 3169 646 3231 attinet,

113 3235 168 3287 belli
195 3239 333 3290 inferendi
364 3238 506 3289 arbitrium
536 3239 647 3301 regibus

113 3309 297 3372 eoueedentia,
318 3309 346 3359 id
363 3324 417 3358 non
435 3309 475 3358 ita
494 3307 646 3372 intelligen-

112 3375 181 3440 dum,
193 3395 225 3430 ao
237 3381 262 3430 ei
276 3393 362 3444 penes
376 3393 454 3442 reges
468 3377 541 3430 eoloe
550 3377 644 3437 fuerit,

112 3442 200 3497 bellum
216 3450 339 3500 indicere
360 3448 565 3512 quibuscunque
585 3446 644 3513 pla·

112 3518 201 3579 ouerit3
218 3518 269 3570 hoe
282 3520 354 3569 enim
369 3518 412 3568 ius
424 3518 497 3582 apud
507 3519 593 3568 Doroa
608 3516 643 3567 ud

113 3600 206 3638 omnem
224 3588 367 3639 civitatem
387 3589 533 3653 pertinuit,
553 3603 570 3637 a
589 3601 643 3652 qna

113 3658 208 3718 quando
226 3658 328 3710 bellum
348 3659 486 3709 decretum
505 3662 579 3719 erat,
601 3673 643 3707 re-

113 3739 165 3787 gum
181 3728 297 3778 arbitrio
319 3733 401 3793 utque
421 3728 532 3793 imperio
551 3727 643 3776 omnia

113 3795 147 3843 ita
157 3800 299 3849 commissa
312 3802 391 3859 aunt,
407 3805 454 3861 ut,
469 3796 558 3862 prouti
572 3798 643 3862 opti·

113 3877 175 3914 num
192 3868 258 3931 ipaie
276 3867 430 3925 videretur,
455 3870 569 3932 agerent
587 3866 643 3918 bel·

112 3930 218 4001 lamque,
232 3952 394 4003 quoeunque
405 3939 539 4005 placeret,
554 3940 644 3988 trane·

113 4001 217 4064 ferrent,
252 4023 313 4059 oum
344 4009 396 4072 1ρεί
422 4023 526 4059 summo
552 4010 643 4060 eneent

113 4073 220 4135 praediti
238 4079 361 4142 imperio.
395 4080 438 4128 'l'n
456 4077 512 4129 vid.
533 4079 643 4141 potissi·

700 1852 783 1897 etoor.
797 1863 823 1912 p.
840 1848 901 1910 408,
913 1847 956 1899 51.
972 1846 1009 1912 [p.
1023 1844 1082 1907 1132,
1098 1845 1240 1901 tlteiek.;

700 1916 765 1967 add.
785 1917 818 1967 In
832 1920 978 1969 Macartat.
996 1932 1023 1982 p.
1041 1915 1121 1977 1069,
1134 1915 1160 1967 9.
1187 1916 1241 1965 Pro

701 1985 799 2038 (loton.
818 1987 906 2037 Trier.
924 2002 950 2053 p.
967 1986 1048 2047 1231,
1068 1982 1120 2049 ln]
1150 1985 1243 2035 Ando-

699 2056 752 2107 oid.
765 2072 827 2122 pag.
842 2058 881 2117 12,
894 2058 936 2110 26.
954 2055 1028 2122 [pag.
1042 2054 1089 2116 46,
1103 2052 1238 2120 orient]

698 2124 739 2176 Ae
752 2127 821 2177 eatis
834 2133 942 2187 notum,
958 2131 1074 2190 utroque
1086 2123 1182 2187 modo,
1195 2123 1240 2174 vel

699 2194 796 2245 addita
809 2195 853 2247 vel
868 2198 969 2246 omieea
981 2194 1185 2261 praepositione
1199 2185 1238 2253 ἐν,

697 2264 782 2315 verba
795 2258 925 2329 ἔχεσθαι,
942 2262 1126 2329 συνέχεσθαι,
1139 2264 1196 2314 alia
1210 2262 1240 2312 id

697 2350 785 2399 genua
801 2337 874 2397 poni.
904 2335 987 2385 Plura
997 2333 1053 2384 vid.
1066 2332 1140 2397 apud
1155 2333 1240 2383 Hein-

697 2403 766 2454 dori.
777 2404 924 2455 adPlaton.
934 2404 1051 2455 Phaedr.
1064 2418 1091 2467 p.
1101 2400 1152 2452 223
1164 2407 1192 2452 et
1203 2402 1239 2452 ad

697 2472 819 2537 Sophiet.
843 2490 869 2537 p.
888 2473 954 2535 346,
982 2473 1013 2523 C.
1031 2473 1063 2521 F.
1084 2471 1238 2523 Hermann:

696 2542 806 2607 Symbb.
821 2544 856 2593 ad
867 2543 983 2593 dootrin.
995 2544 1047 2593 iur.
1056 2541 1142 2591 Attici
1155 2541 1188 2591 de
1198 2541 1238 2590 in·

697 2615 761 2663 iurr.
783 2613 901 2663 aetionn.
925 2629 988 2677 pag.
1008 2612 1051 2662 27.
1087 2611 1124 2660 Et
1144 2611 1237 2661 οοιι1οε

696 2697 803 2747 qnoque
818 2688 887 2735 nott.
903 2683 938 2733 ad
953 2683 1006 2747 IV,
1023 2680 1069 2732 131
1086 2686 1114 2732 et
1132 2679 1168 2730 ad
1185 2679 1238 2742 111,

731 2810 832 2870 ἑκατὸν
850 2813 881 2869 δὲ
899 2812 1008 2884 ἄνδρας
1022 2814 1155 2883 λογάδας]
1174 2818 1238 2869 Gen·

697 2894 796 2941 renerio
810 2890 855 2940 bie
866 2889 1025 2941 offendimur
1037 2903 1162 2950 numero,
1176 2903 1236 2938 eum

696 2960 777 3022 vulgo
797 2968 923 3011 trecentos
937 2960 1010 3025 regie
1027 2960 1176 3023 stipatores
1192 2973 1237 3008 ou-

695 3030 841 3095 etodesque
865 3030 951 3081 iniere
979 3033 1105 3091 narrent,
1137 3042 1239 3091 eosque

696 3097 1236 3220 ilild‘dtiii‘iil‘dildlllvii}

925 3207 931 3227 ι
1070 3206 1075 3217 ·
1153 3205 1160 3230 τ
1230 3209 1235 3219 ·

696 3239 819 3290 Mueller.
837 3238 855 3289 1.
878 3238 895 3290 l.
912 3239 948 3288 11.
967 3253 1030 3303 pag.
1045 3239 1105 3290 241.
1137 3237 1236 3302 ltaque

695 3309 749 3358 nini
762 3309 858 3360 vitium
875 3309 1001 3372 irrepsit,
1018 3325 1050 3359 ex
1067 3307 1120 3357 illis
1132 3312 1236 3357 treoen·

695 3380 731 3428 tie
742 3383 850 3428 eentum
862 3377 964 3430 electos
976 3378 1060 3428 inisse
1071 3381 1235 3438 statuamus,

694 3449 858 3513 praecipuos
872 3448 945 3513 regie
960 3447 1095 3498 eatellitee
1109 3447 1236 3496 comiter-

693 3533 756 3583 que.
783 3520 825 3570 Tu
837 3518 893 3570 rid.
906 3533 1014 3583 quoque
1025 3518 1058 3568 de
1072 3517 1115 3566 his
1127 3531 1236 3566 monen-

694 3593 748 3638 tem
758 3589 872 3639 Kortiim
883 3590 923 3637 ini
937 3587 1077 3637 Schloeeer
1088 3590 1116 3636 et
1125 3584 1234 3637 Bereht.

693 3658 803 3711 Archiv.
823 3659 870 3708 lv.
892 3673 954 3722 pag.
977 3656 1034 3709 169.
1053 3683 1086 3692 -
1108 3657 1141 3706 ln
1157 3670 1234 3720 eeqq.

693 3743 741 3792 pro
756 3728 829 3793 vulg.
843 3718 889 3776 tut
902 3723 1034 3791 στρατιῆς
1047 3741 1108 3777 eum
1120 3724 1234 3776 Reiekio

693 3802 721 3847 et
737 3798 853 3848 Bredov.
873 3812 936 3862 pag.
958 3796 1006 3848 184
1025 3797 1138 3861 ropoeui
1155 3806 1236 3855 στρα-

692 3863 788 3929 τηΐης,
804 3868 875 3931 quod
885 3867 1069 3918 neceesarium
1080 3864 1234 3916 videbatur.

693 3938 773 3989 Conf.
787 3938 849 4014 Vll,
864 3936 1001 4002 ternique
1014 3940 1084 4016 poti.
1194 4004 1207 4016 ,

693 3995 1234 4142 diditi.instillet

114 4157 176 4194 tuum
188 4145 217 4197 C.
230 4146 263 4199 Ο,
273 4147 396 4199 Mueller.
408 4146 427 4196 l.
437 4146 456 4199 l.
467 4147 505 4197 11.
517 4161 578 4211 pag.
592 4148 641 4197 104
692 4152 821 4212 poterent
831 4146 1029 4212 Spartanorum
1043 4161 1136 4211 reges,
1153 4147 1232 4209 quot-

114 4216 138 4260 et
148 4212 267 4267 Gabriel:
287 4218 328 4267 De
339 4218 504 4282 magistratt.
518 4217 639 4267 Laconn.
691 4222 759 4281 quot
780 4216 849 4281 iprie
870 4216 1012 4280 placuerat
1037 4232 1086 4281 pro
1108 4213 1232 4266 sacerdo-

114 4278 233 4343 (berolin.
247 4286 323 4349 1845)
337 4303 363 4351 p.
377 4288 395 4338 8
407 4303 497 4352 τερα,
517 4288 563 4351 qui
580 4303 639 4338 eam
691 4287 743 4336 teli
759 4285 807 4336 illa
818 4287 967 4352 dignitate,
989 4301 1043 4352 qua
1058 4300 1105 4336 eos
1121 4287 1232 4335 ornatos

114 4351 256 4405 obeaueam
268 4357 374 4420 probat,
388 4357 459 4422 quod
469 4356 640 4421 Goettlinpio
690 4355 776 4407 fuisse
788 4357 867 4407 modo
878 4356 1006 4408 vidimus.
1033 4356 1108 4417 ροσε
1122 4351 1231 4403 eoadem

113 4419 138 4469 in
149 4430 260 4474 nentem
273 4427 346 4477 veuit
359 4425 425 4490 (vid.
435 4427 550 4477 Hermes
562 4426 639 4478 182³.
691 4442 795 4476 omnem
807 4441 945 4477 eaorornm
961 4439 1052 4476 euram
1070 4439 1118 4489 per
1129 4421 1231 4472 exerci-

113 4503 138 4554 ρ.
150 4491 207 4557 lto)
220 4495 361 4548 articulum
375 4491 426 4546 τὸν
437 4496 565 4548 inferenti
576 4501 641 4548 ante
690 4500 748 4546 tum
761 4512 865 4547 summo
877 4496 938 4548 loeo
951 4495 1094 4557 babuisse,
1110 4508 1143 4543 ex
1156 4491 1230 4541 bieoe
