2916 5130
252 414 312 481 804
670 418 978 484 EXCURSUSI

252 602 341 645 autent
357 593 445 646 Mileti
466 594 579 647 colonos
601 594 704 663 luisse,
721 595 820 671 ¹lonico
835 595 922 663 igitur
943 594 1031 663 stirpe
1048 592 1197 659 oriundos,
1222 609 1290 643 neno
1308 593 1353 642 iere

253 680 351 731 nescit.
368 680 495 747 Accedit,
519 680 592 750 quod
612 681 640 732 in
656 681 766 733 decreto
781 681 882 752 βουλῆς
898 677 973 746 lepris
992 674 1021 732 iv
1032 675 1164 732 Ἐλευσῖνι
1188 694 1271 745 nuper
1282 693 1354 746 reper-

253 771 280 815 to
290 762 317 829 *J
339 765 459 817 occurrit
481 764 610 817 sacerdos
622 758 718 832 ’Ἄρεως
733 757 876 819 Ἐνυαλίου
890 764 938 818 καλ
950 758 1064 825 Ἐνυοῦς
1077 760 1125 816 nol
1141 758 1225 824 Διὸς
1240 760 1356 815 Γελέον-

252 868 325 909 τοςε
345 850 393 920 qui
408 849 533 919 luppiter
547 849 674 903 tutelaris
690 851 759 903 deus
774 851 855 901 huius
870 851 960 902 tribus
974 850 1064 902 fnisse
1079 849 1200 903 videtur.

337 934 390 986 His
406 934 501 1003 igitur,
518 952 588 1004 quse
603 936 782 1005 protulimus,
804 953 900 987 nomen
923 935 1011 1004 ipsum
1033 935 1115 986 huius
1128 933 1221 986 trihus
1241 948 1294 983 cum
1306 930 1357 981 satis

254 1026 340 1071 tntum
362 1018 486 1088 ipsisque
506 1026 629 1071 veterum
652 1020 816 1073 testimoniis
835 1020 966 1072 munitum
990 1018 1130 1073 videatur:
1155 1028 1316 1069 transeamus
1334 1014 1358 1065 nl

255 1105 371 1155 nominis
409 1104 541 1170 originem
571 1112 654 1173 atque
686 1105 923 1173 significationem.
982 1103 1189 1171 Wesselingius
1220 1100 1260 1154 rel
1288 1101 1358 1170 potius

253 1186 549 1255 Hemsterhusius**),
575 1190 608 1240 od
631 1207 711 1261 quem
738 1189 811 1242 hicce
838 1195 983 1259 provocat,
1005 1206 1100 1242 nomen
1120 1182 1276 1241 Γελεόντων
1294 1184 1358 1253 repeti

254 1276 345 1324 vulta
368 1274 452 1324 verbo
479 1277 577 1343 γελεῐν,
603 1275 677 1343 quod
697 1274 923 1341 testeHesychio
945 1275 968 1325 Ι.
984 1291 1047 1343 pag.
1067 1277 1116 1327 811
1144 1272 1214 1325 idern
1235 1277 1277 1324 est
1298 1278 1357 1338 atque

253 1353 379 1428 λάμπειν,
390 1352 501 1427 ἀνθεῖν,
517 1364 649 1428 notatque
660 1360 730 1412 idem
740 1359 953 1427 Wesselingius,
966 1360 1078 1411 verbum
1089 1358 1174 1427 γελᾶν
1186 1358 1215 1414 in
1225 1356 1356 1428 splendente

253 1461 284 1494 sc
296 1446 440 1497 residendo
449 1443 578 1497 usitatum
586 1462 647 1497 esse
655 1442 732 1512 ***):
746 1445 905 1513 undeplurs
915 1444 1095 1513 perhibentur
1107 1444 1216 1496 nomina
1227 1443 1309 1507 duom,
1318 1456 1354 1491 st

256 1526 347 1583 Γέλων
363 1528 408 1580 ille
418 1529 617 1596 Syracusarum
631 1548 688 1597 rex,
706 1529 815 1600 ipsique
832 1530 857 1581 hi
867 1526 1008 1590 Γελέοντες
1023 1529 1177 1581 incivitate
1192 1528 1286 1591 Attica,
1300 1523 1357 1583 Tele

255 1614 403 1682 Cyzicena,
422 1614 439 1671 i.
450 1633 474 1665 e.
491 1616 626 1684 splendidi,
644 1618 757 1669 illustres
773 1615 891 1683 indeque
906 1616 1013 1679 nobiles,
1030 1615 1223 1685 optimates-l),
1238 1612 1309 1664 iidem
1318 1610 1358 1660 irre

255 1700 303 1768 qui
324 1699 506 1751 Romanorum
531 1701 710 1768 Luceres-iffi.
757 1701 853 1769 Aqua
873 1698 1044 1751 derivatione
1062 1717 1117 1751 non
1139 1699 1251 1751 multum
1269 1690 1358 1757 recedit

256 1802 368 1836 censum
384 1784 462 1836 modo
474 1784 498 1835 si
511 1786 652 1854 respicias,
668 1786 704 1853 id,
721 1784 794 1855 quod
808 1802 897 1853 nuper
908 1782 1024 1853 protulit
1040 1783 1229 1849 Haasoffl)‚
1241 1782 1285 1852 qui
1295 1781 1360 1850 regin

255 1868 610 1939 interpretaturGeleoutes
619 1871 652 1921 ob
663 1888 754 1922 vocem
766 1866 853 1937 γέλας,
866 1885 937 1939 quoe
950 1877 1022 1923 teste
1028 1868 1170 1938 Stephano
1177 1864 1358 1935 Byzantion)

256 1955 328 2023 apud
342 1954 429 2006 Cares
444 1974 535 2025 regern
551 1954 671 2007 denotat.
715 1954 785 2006 Utut
799 1955 900 2005 statuis
915 1954 949 2006 de
961 1955 1038 2007 vocis
1054 1955 1179 2022 origine,
1196 1956 1289 2006 nobiles
1298 1959 1358 2017 atqie

256 2042 395 2111 optimates
410 2039 527 2107 intelligi
539 2039 698 2104 Geleontes,
714 2039 776 2108 ipss
789 2038 859 2091 ratio
876 2038 1003 2091 evincere
1016 2039 1137 2107 videtur,
1155 2037 1306 2108 praesertim
1316 2049 1357 2085 com

256 2126 284 2176 in
300 2124 471 2191 singularum
485 2124 606 2177 tribuum
621 2125 834 2191 enumeratione,
852 2140 922 2193 quse
938 2124 1010 2193 opud
1021 2124 1204 2191 Herodotum,
1221 2120 1359 2191 Euripides,

257 2207 393 2261 Pollucem
408 2210 448 2275 fit,
464 2209 577 2279 primum
593 2209 680 2262 locum
695 2210 837 2261 obtineant
851 2205 879 2260 oi
893 2207 1043 2279 Γελέοντες,
1062 2225 1182 2279 quorum
1197 2225 1285 2261 nornen
1301 2204 1338 2275 qui
1347 2218 1358 2251 t

259 2294 373 2346 vocibus
387 2295 422 2362 γῆ
438 2298 465 2345 et
484 2292 549 2356 λέως
566 2295 685 2361 ducunt,
711 2294 855 2362 indigenas
869 2294 1020 2362 significari
1037 2295 1088 2345 rati
1103 2294 1147 2346 vel
1172 2294 1262 2363 potius
1279 2292 1358 2361 egrico

258 2378 383 2445 los*††),
395 2379 443 2449 qui
454 2388 628 2449 opponantur
639 2378 834 2449 quodammodo
846 2377 888 2444 iis,
899 2395 969 2447 quos
977 2372 1125 2448 Ἐργαᾶεῖς,
1134 2379 1155 2432 i.
1164 2399 1190 2431 e.
1200 2377 1297 2448 opificis
1306 2384 1357 2426 trac·

258 2469 365 2530 tsntes‚
386 2465 476 2516 vocari
498 2481 582 2533 supra
599 2464 731 2531 vidimus,
755 2462 910 2533 neutiquam
928 2481 1022 2516 rernm
1045 2464 1150 2516 vidisse
1172 2464 1234 2518 mihi
1248 2462 1355 2514 ridentur.

260 2549 320 2600 Nec
338 2548 423 2616 magis
439 2567 487 2601 eos
505 2550 615 2619 probari
636 2548 869 2619 posseeristimo,
887 2548 933 2619 qui
951 2549 1045 2601 falsam
1060 2565 1142 2618 quam
1157 2549 1271 2602 diximus
1289 2544 1356 2598 lectio

260 2650 320 2685 nem
330 2631 472 2695 Τελέοντες
488 2652 548 2687 cum
563 2642 724 2704 sequantur,
740 2633 874 2702 agricolas
890 2634 1073 2688 mercenarios
1089 2626 1355 2703 vectigalesqoefflil

260 2717 377 2787 intelligi
393 2719 498 2786 volunt,
513 2720 532 2772 i.
548 2738 572 2772 e.
590 2719 711 2771 homines
733 2717 861 2785 rusticos,
879 2718 979 2771 liberos
995 2719 1111 2788 quidem,
1129 2720 1180 2773 sed
1195 2720 1291 2773 tribune
1300 2728 1354 2784 pror

330 2953 356 3019 ¹¹¹)
370 2954 431 3006 Vid.
452 2956 533 3003 lloss:
553 2954 605 3003 Die
623 2954 727 3005 Demen
745 2969 770 3006 v.
789 2954 882 3004 Attice
904 2969 967 3020 pag.
980 2957 1041 3007 v11.
1065 2957 1247 3023 Archaeolog.
1265 2954 1348 3008 zeton·

263 3022 338 3074 1844.
352 3040 414 3090 pag.
428 3026 487 3081 247,
501 3023 590 3088 Bergk
603 3023 747 3073 inzlshrb.
760 3024 786 3073 d.
798 3022 931 3089 Philolog.
944 3039 970 3073 u.
982 3025 1102 3093 Psedsg.
1116 3027 1179 3079 Vol.
1189 3016 1346 3088 valqlll·

260 3094 338 3142 Haec
359 3094 503 3157 inscriptio
521 3101 666 3156 antequam
683 3094 709 3142 in
731 3092 817 3143 lucem
830 3095 963 3158 products
977 3101 1033 3158 est,
1050 3098 1134 3148 hleier
1144 3100 1189 3149 De
1201 3096 1350 3163 gentilitwl·

260 3164 286 3213 4.
303 3164 343 3210 its
359 3163 538 3224 indicaverat,
553 3167 583 3211 ut
597 3156 749 3219 Τελέοντας
762 3164 904 3229 antiquius
921 3165 999 3215 huius
1014 3167 1101 3217 tribus
1113 3184 1213 3219 nomen
1228 3183 1282 3217 esse
1293 3158 1353 3213 velet,

261 3232 332 3297 quod
348 3231 462 3281 Athenis
472 3231 535 3281 olim
548 3232 576 3280 in
588 3245 639 3281 usn
650 3248 710 3283 com
719 3233 818 3284 fuisset
830 3239 927 3284 etcum
939 3237 1131 3300 antiquissimo
1142 3225 1354 3305 religiossimi·

261 3301 437 3363 cohaesisset,
450 3302 477 3350 in
491 3301 592 3351 Ionicis
605 3300 721 3352 coloniis
733 3302 866 3368 paulatim
878 3305 906 3353 in
922 3298 1076 3365 Γελέοντας
1090 3307 1199 3359 abierit.

330 3370 373 3435 **)
386 3370 657 3460 Schweighaeuserus
679 3372 756 3422 addit
769 3375 916 3439 Lennepii,
933 3376 978 3440 qai
997 3392 1012 3425 e
1029 3377 1124 3428 schole
1145 3370 1356 3430 nemetensis·

263 3447 305 3492 ”t
322 3442 658 3575 llossriii⁸biiisiii⁰ii
672 3444 860 3579 flffifflg
876 3445 983 3577 illiniri
994 3447 1054 3567 iiii
1068 3519 1124 3576 rso,
1138 3518 1182 3569 31.

329 3581 359 3646 †)
374 3581 494 3631 Probent
513 3581 639 3632 Creuzer.
656 3583 775 3647 Symbol.
795 3583 847 3633 Ill.
863 3598 926 3649 pag.
940 3584 974 3635 53
991 3584 1034 3636 ed.
1052 3602 1124 3648 seo,
1138 3584 1225 3651 Bergk
1238 3583 1255 3631 l.
1269 3568 1356 3641 ,uprsl

261 3652 377 3717 aliique,
390 3667 457 3716 quos
469 3652 572 3702 excitat
583 3651 612 3700 O.
626 3654 671 3700 Fr.
680 3653 833 3703 Hermann:
853 3653 961 3706 Grieoh.
974 3654 1181 3709 Stsatsaltertb.
1199 3659 1221 3719 ξ.
1235 3652 1274 3702 ot.
1286 3638 1357 3721 noti·

260 3723 437 3783 Schoemsnn,
451 3722 534 3786 quiin
548 3721 656 3773 librode
668 3722 792 3772 Comitiis
805 3738 867 3789 pag.
880 3723 931 3774 356
943 3724 1013 3775 idem
1026 3727 1201 3793 probaverat,
1212 3726 1297 3789 postet
1306 3724 1356 3764 ¹⁰¹*

260 3794 312 3853 cit,
327 3792 383 3844 vid.
398 3792 544 3856 Antiquitt.
558 3792 609 3840 inr.
624 3791 724 3856 public.
739 3793 852 3843 Grseco.
867 3810 930 3859 pag.
947 3794 1003 3849 lob.

330 3860 379 3926 ††)
393 3861 455 3909 vid.
468 3860 566 3926 Bergk.
580 3860 598 3909 Ι.
611 3860 629 3910 l.

329 3930 644 4077 lilllviulliriroiyplblii,
653 3932 711 4051 7tilii
723 4000 790 4051 lrseo
807 4000 907 4065 legitur
921 4001 1029 4067 glossa:
1053 4002 1170 4054 καλοῦαι
1185 3995 1235 4070 γὰρ
1246 3990 1272 4048 ol
1285 3988 1355 4051 nent

262 4067 352 4119 σοῦαν
368 4085 420 4118 τον
433 4085 539 4133 zomon,
553 4063 657 4134 γέλαν
669 4065 701 4121 (ll
717 4066 779 4121 τὸν
795 4064 953 4136 βασιλέα,
1226 4088 1229 4093 ’

329 4139 396 4203 *††)
411 4140 456 4189 Its
468 4141 498 4189 0.
511 4141 555 4189 Fr.
568 4140 717 4194 Hermann.
731 4141 748 4190 1.
767 4141 782 4190 l.
798 4141 874 4191 Cous.
893 4143 975 4193 etium
985 4144 1085 4195 Meier:
1103 4145 1145 4195 De
1156 4140 1264 4210 gentilit.
1277 4145 1326 4200 μς·
1335 4122 1353 4173 ⁶·

261 4212 368 4274 atquae
380 4209 436 4258 olis
449 4208 563 4274 protulit
576 4211 609 4263 Ε.
623 4211 657 4259 Η,
672 4212 703 4259 0.
715 4211 831 4262 Mueller
845 4212 863 4265 Ι.
877 4211 894 4264 l.
906 4213 1008 4277 pag.81
1024 4230 1092 4281 seq,
1104 4214 1151 4279 qui
1163 4226 1250 4265 rocem
1262 4206 1354 4271 iP⁸⁸ffl⁰

261 4274 297 4339 γῆ
311 4285 339 4329 et
352 4274 412 4340 λέω,
427 4280 454 4327 in
466 4295 520 4344 qus
529 4279 621 4330 radios
633 4279 758 4343 volendi,
771 4283 908 4345 sumendi,
921 4284 1047 4348 capiendi
1062 4286 1199 4335 notionem
1217 4283 1294 4331 inesse
1304 4263 1352 4321 llll·

262 4350 439 4411 compositam
454 4364 514 4397 esse
527 4351 633 4400 statuit.

330 4417 416 4481 *†††)
428 4418 473 4468 Sic
486 4418 604 4469 Bosolrh.
617 4418 634 4467 1.
651 4433 734 4483 supra
747 4418 765 4467 1.
781 4435 807 4484 p.
821 4422 853 4469 54
867 4420 1135 4474 etStsstsbaushslt.
1143 4422 1169 4475 d.
1184 4420 1270 4474 Athon.
1281 4414 1352 4475 ΙΝ·

261 4484 312 4537 oto
324 4486 365 4538 ed.
381 4502 435 4538 seo.
450 4485 518 4536 nod.
533 4488 562 4537 C.
576 4487 620 4539 llr.
634 4489 783 4542 Hermann.
795 4489 813 4540 l.
826 4489 843 4540 l.
859 4498 916 4542 not.
928 4492 954 4544 8.
