3008 5128
196 349 236 410 80
631 346 901 409 HERODOTI

196 519 353 603 νεύοντος
382 521 418 591 dl
442 525 503 590 τοῦ
523 523 729 611 Κλεομένεος
756 522 936 610 προέβαινε
962 533 1048 588 τοῖσι
1068 515 1211 608 χρήμασι
1230 510 1339 606 ὑπερ-

196 625 331 714 βάλλων
352 621 369 694 ὁ
390 622 638 712 Ἀρισταγόρης,
657 628 690 704 ἐς
711 612 753 691 οὖ
773 623 981 711 πεντήκοντά
1000 650 1035 692 τε
1056 621 1200 692 τάλαντα
1212 614 1339 690 ὑποδέ-

198 735 309 799 δεκτο·
350 730 404 799 καὶ
430 727 467 797 τὸ
488 733 624 797 παιδίον
655 723 838 809 αὐδάξατο·
872 727 1005 817 Πάτερ,
1034 727 1230 813 διαφθερέει
1253 745 1290 794 σε
1317 719 1339 792 ὁ

197 837 304 915 ξεῖνος
311 886 321 920 ,
342 827 385 921 ἦν
405 828 449 920 μὴ
469 827 614 912 άποστάς
635 841 697 920 ἴῃς.
736 827 755 898 ὅ
776 858 812 899 τε
840 830 881 918 δὴ
902 833 1111 920 Κλεομένης,
1137 823 1254 916 ἡσθεὶς
1275 831 1341 897 τοῦ

198 941 335 1006 παιδίον
350 940 391 1025 τῇ
405 938 616 1022 παραινέσει,
638 933 689 1023 ἦτε
704 937 737 1013 ές
750 938 865 1022 ἕτερον
879 943 1018 1022 οἴκημα,
1041 935 1096 1002 καὶ
1111 926 1129 999 ὁ
1147 927 1338 1019 Ἀρισταγό-

199 1067 258 1130 ρης
272 1035 499 1108 ἀπαλλάσσετο
519 1036 556 1107 τὸ
576 1036 736 1127 παράπαν
756 1041 793 1107 έιι
812 1040 869 1126 τῆς
882 1036 1057 1125 Σπάρτης,
1077 1029 1158 1104 οὐδέ
1177 1039 1211 1102 ol
1228 1036 1337 1121 ἐξεγέ-

199 1169 275 1213 νετο
290 1145 343 1212 ἐπὶ
357 1143 459 1211 πλέον
473 1148 520 1211 ἔτι
534 1146 678 1230 σημῆναι
692 1143 767 1229 περὶ
782 1146 839 1230 τῆς
852 1137 978 1210 ἀνόδου
992 1144 1049 1229 τῆς
1062 1135 1152 1227 παρὰ
1165 1143 1312 1225 βασιλέα.

152 1254 193 1318 52
271 1242 360 1334 Ἔχει
383 1242 447 1335 γὰρ
473 1241 559 1334 ἀμφὶ
581 1249 623 1334 τῇ
644 1240 714 1337 ὁδῷ
735 1244 838 1335 ταύτῃ
854 1235 935 1314 τάδε·
963 1250 1111 1332 σταθμοί
1128 1267 1165 1310 τε
1185 1244 1341 1331 πανταχῆ

237 1404 346 1475 Πάτερ,
368 1403 586 1474 διαφθερέεται
608 1402 623 1459 o'
648 1404 741 1469 ξεῖνος
792 1409 876 1473 Susa,
901 1412 1070 1459 mercaturae
1095 1423 1179 1460 causa
1200 1406 1340 1473 proficisci

197 1496 224 1531 ιι.
238 1498 262 1535 τ.
274 1481 310 1548 λ]
332 1484 409 1545 Quae
421 1482 462 1531 ita
475 1481 575 1532 Doriee
589 1481 666 1531 effert
679 1478 741 1529 Plu·
792 1480 926 1531 solebant.
958 1480 1070 1529 Praeter
1087 1478 1201 1528 Bennoi.
1220 1478 1248 1526 in
1265 1475 1338 1527 Geo-

198 1551 283 1602 taroh.
301 1552 337 1602 11.
353 1567 416 1618 pag.
434 1552 534 1602 240D:
559 1549 746 1613 καταφθαρεῐ
792 1548 887 1614 graph.
911 1549 1044 1599 Herodot.
1068 1563 1129 1614 pag.
1151 1547 1203 1598 529
1222 1562 1279 1611 seq.
1307 1551 1339 1596 et

198 1635 237 1684 οι,
254 1608 276 1671 ά
289 1612 393 1684 πάτερ,
412 1612 444 1669 τὸ
458 1612 619 1684 ξενύλλιον,
636 1612 686 1669 έάν
700 1612 739 1683 μὴ
790 1620 878 1670 L'kert
890 1619 918 1668 in
936 1619 1033 1684 Geogr.
1047 1617 1092 1668 Gr.
1107 1623 1136 1668 et
1148 1618 1253 1668 Romm.
1266 1617 1295 1679 1,
1308 1618 1335 1668 1.

197 1687 298 1757 τάχιον
319 1684 407 1741 αὐτὸν
427 1691 477 1755 τῆς
497 1685 590 1748 οἰκίας
612 1683 738 1756 ἐκβάλῃς.
790 1704 855 1755 pag.
880 1689 914 1738 74
937 1704 994 1763 seq.
1023 1695 1053 1739 tu
1080 1688 1134 1741 vid.
1163 1688 1337 1752 potissimum

198 1764 289 1813 Verba
304 1754 391 1826 ἦνμὴ
409 1751 535 1817 ἀποστὰς
552 1757 598 1827 ἴῃς
611 1760 739 1811 reddunt:
791 1759 908 1812 Heeren.
926 1758 1018 1812 Ideen.
1033 1760 1056 1821 1,
1072 1759 1098 1808 2.
1112 1760 1336 1822 pag.221seqq.,

200 1834 250 1881 nisi
269 1835 339 1882 ocius
356 1833 519 1892 discesseris,
545 1831 569 1881 si
586 1831 692 1895 quidem
713 1831 741 1879 in
793 1830 839 1894 qni
852 1830 959 1894 egregie
971 1833 1076 1891 monet,
1089 1826 1256 1885 hanoniam,
1269 1842 1337 1890 pau-

201 1902 355 1966 participio
367 1899 450 1950 eundi
468 1899 559 1951 verbis
583 1901 678 1951 addito
702 1905 743 1950 ta·
794 1900 833 1949 cis
861 1898 1024 1964 quibusdam
1052 1898 1164 1947 mutatis
1190 1896 1336 1961 (siqnidem

200 1970 252 2020 lem
271 1971 328 2019 fere
345 1971 401 2019 rim
424 1970 514 2019 inesse
533 1970 641 2020 docent.
678 1970 741 2021 Vid.
793 1984 865 2018 nunc
879 1984 949 2031 non,
962 1972 993 2016 nt
1005 1967 1084 2028 olim,
1096 1966 1132 2017 ad
1142 1966 1227 2027 Susa,
1240 1965 1288 2015 sed
1299 1964 1336 2015 ad

198 2040 301 2091 Matth.
317 2039 363 2090 Gr.
377 2040 422 2089 Gr.
439 2041 463 2101 ὃ.
477 2038 539 2087 559.
563 2039 698 2097 InlraVL
709 2041 742 2089 34
793 2036 930 2103 Ispahan,
946 2053 1016 2102 quae
1029 2039 1105 2103 regia
1118 2042 1160 2087 est
1176 2036 1269 2098 sedes,
1284 2037 1338 2085 iter

200 2109 312 2174 legitur:
333 2098 453 2163 ἰόντες
472 2100 503 2155 δὲ
522 2100 574 2171 τὴν
591 2102 659 2173 spira
671 2101 743 2157 ὁδὸν
794 2107 925 2169 iaciunt),
941 2107 1053 2157 eandem
1068 2108 1150 2157 ferme
1166 2121 1241 2165 esse,
1255 2120 1336 2169 quam

199 2205 235 2214 —
248 2170 365 2242 ἤϊσαν.
398 2176 441 2226 Ad
458 2166 597 2239 ἐξεγένετο
618 2178 690 2229 conf.
705 2180 743 2229 ci·
794 2178 840 2241 qui
852 2176 932 2227 hodie
945 2193 962 2227 a
972 2178 1087 2242 Smyrna
1101 2174 1136 2226 ad
1147 2174 1265 2239 Ispahan
1275 2190 1337 2239 pro-

200 2253 260 2299 tata
270 2249 304 2298 ad
316 2247 369 2308 111,
380 2246 439 2297 142.
465 2245 507 2296 nd
517 2238 562 2296 έπλ
573 2243 659 2297 πλέον
669 2248 741 2299 conl.
793 2248 963 2311 ficiscantnr,
978 2247 1068 2297 iacere
1081 2246 1196 2307 soleant,
1206 2250 1336 2295 accurate

200 2316 442 2381 nott.adv1,42.
793 2315 957 2381 descriptam
980 2332 996 2366 a
1013 2316 1165 2375 Taverni03
1187 2316 1228 2364 ita
1246 2322 1275 2364 ut
1291 2331 1336 2365 ea·

793 2389 880 2436 trema
894 2392 999 2436 tantum
1012 2389 1073 2437 viae
1084 2402 1147 2451 pars
1160 2401 1231 2435 nuno
1247 2385 1335 2448 magis

397 2489 454 2539 cu,
482 2489 535 2539 ΠΙ
791 2458 1011 2520 septemtrionem
1031 2461 1114 2522 atque
1128 2455 1260 2506 orientem
1275 2469 1335 2505 ver·

456 2527 462 2538 '
538 2524 545 2539 ‘
791 2525 1162 2592 susfleetatnrquamolim,
1180 2523 1335 2575 nbiobSu-

234 2584 309 2659 ἀμφὶ
326 2590 362 2660 τῇ
379 2586 450 2661 ὁδῷ]
469 2592 573 2643 Eodem
592 2590 671 2641 modo
686 2593 740 2643 No·
791 2610 882 2646 sorum
892 2596 976 2646 situm
987 2596 1020 2646 ad
1030 2594 1170 2646 meridiem
1181 2594 1266 2660 magis
1277 2598 1335 2643 ten-

200 2665 350 2715 sterutitur
360 2653 688 2729 praepositiouedrsplv,
700 2662 740 2713 19.
791 2665 889 2716 decent
915 2681 1027 2717 neeesse
1053 2670 1122 2716 erat.
1159 2665 1239 2714 Hanc
1263 2663 1335 2713 enim

202 2736 279 2796 Quae
306 2734 429 2798 sequitur
452 2733 558 2783 itineris
583 2729 740 2796 descriptio,
792 2735 864 2784 riam
883 2736 952 2785 idem
965 2736 1116 2787 Haerenius
1134 2734 1210 2784 addit
1228 2739 1259 2783 nt
1277 2733 1334 2782 lon-

200 2818 233 2855 ea
250 2804 396 2853 maximam
417 2807 490 2853 certe
508 2805 612 2866 partem
630 2802 741 2852 fluxisse
791 2804 893 2869 giorem
911 2805 952 2855 ita
970 2806 1097 2855 tutiorem
1110 2820 1171 2855 csse
1189 2818 1223 2853 ac
1246 2804 1334 2866 magis

199 2873 308 2925 videtur·
329 2887 363 2922 ex
379 2872 528 2923 itinerariis
550 2878 741 2935 mercatorum,
792 2890 917 2925 securam
937 2889 954 2924 a
979 2875 1174 2939 praedonibus,
1200 2871 1335 2936 simulque

200 2957 267 3007 quos
279 2942 314 2992 ab
327 2943 421 2993 Ioniae
436 2941 548 2992 urbibus
560 2940 595 2990 ad
606 2942 743 2992 interioris
792 2944 917 2994 omnibus
929 2945 965 2995 ad
976 2947 1060 2996 vitam
1070 2943 1277 2995 sustentandam
1289 2957 1335 2991 ne·

198 3013 282 3061 Asiae
300 3016 404 3062 tractus
423 3011 458 3061 ad
472 3009 639 3076 Babylonem
656 3026 743 3075 usque
794 3016 924 3064 cessariis
941 3014 1038 3066 melius
1056 3016 1233 3073 instructam,
1255 3027 1335 3077 quam

201 3087 230 3131 et
240 3080 310 3131 Susa
326 3082 401 3131 certt
415 3081 532 3146 quadam
549 3081 594 3129 vit
609 3081 744 3144 proficisci
795 3084 819 3132 si
837 3085 913 3134 recta
929 3099 978 3148 per
995 3083 1105 3135 deserta
1124 3085 1176 3133 iter
1194 3082 1282 3133 facias
1296 3081 1333 3131 la-

200 3149 296 3201 solitos
314 3152 414 3201 Noster
432 3148 584 3211 consuluit,
612 3150 666 3200 nisi
683 3152 743 3215 ipss
793 3158 902 3204 tronum
922 3154 1024 3204 crebris
1043 3155 1184 3219 expositus
1204 3151 1334 3202 incursio·

201 3220 315 3271 eandem
331 3221 402 3271 viam
416 3234 540 3271 emensus
554 3235 586 3270 ex
600 3221 650 3281 iis,
673 3235 742 3284 quae
793 3222 874 3273 nibns
892 3227 920 3274 et
939 3226 1015 3275 victu
1031 3222 1171 3275 commodo
1187 3221 1269 3273 facile
1290 3220 1336 3271 de·

201 3291 259 3354 ipse
271 3292 414 3356 cognorit,
428 3290 497 3339 haec
508 3290 635 3340 retulisse
644 3298 742 3355 putan·
792 3294 916 3343 stitutus.
943 3294 1053 3344 Haeeee
1072 3295 1118 3344 via
1137 3292 1210 3342 inira
1227 3306 1287 3356 cap.
1300 3288 1335 3340 53

201 3359 252 3409 dus
264 3364 315 3410 est.
339 3362 379 3410 Ae
392 3358 495 3421 solent,
509 3359 580 3423 qnod
592 3374 670 3410 nemo
686 3360 741 3411 lere
792 3364 865 3426 repis
885 3365 926 3413 oia
945 3356 974 3427 (η
991 3354 1088 3427 ὁδὸςὴ
1104 3360 1249 3429 βασιληΐη)
1270 3360 1335 3410 dici·

201 3431 304 3492 neseit,
328 3445 377 3495 per
390 3429 528 3479 Orientem
547 3428 593 3493 qui
609 3438 741 3480 mercatu·
792 3436 845 3494 tur,
859 3433 877 3482 i.
886 3448 909 3482 e.
919 3448 989 3497 quae
1002 3448 1019 3482 a
1028 3435 1172 3484 Persarum
1183 3430 1293 3495 regibus
1305 3427 1335 3493 (a

201 3513 258 3548 ram
270 3505 369 3563 agunt,
382 3499 524 3550 coniuncti
535 3498 692 3565 plerumque
705 3499 741 3549 ad
791 3502 892 3565 Dario,
909 3504 1016 3567 opinor)
1032 3504 1107 3552 facta
1118 3508 1174 3563 est,
1188 3501 1213 3551 si
1226 3498 1334 3565 quidem

200 3583 305 3618 merces
335 3569 509 3621 advehendas
535 3568 741 3633 permutandae·
792 3571 1334 3637 quaeiarnantetritasereiuitriamer-

202 3653 255 3701 que
277 3639 329 3687 iter
355 3640 446 3689 facere
469 3640 544 3689 certa
569 3640 685 3705 quadam
709 3655 741 3690 ac
792 3646 915 3690 catorum
929 3657 962 3691 ex
975 3642 1071 3692 leniae
1084 3657 1132 3692 ora
1148 3639 1192 3691 rel
1210 3657 1224 3692 e
1243 3639 1335 3705 proxi·

201 3706 384 3771 denarravit,
400 3725 453 3774 qus
465 3710 518 3759 tuti
528 3708 608 3759 simul
621 3716 649 3760 et
660 3709 741 3759 rebus
793 3713 843 3760 mis
859 3711 942 3762 Asiae
960 3713 1071 3762 minoris
1091 3711 1216 3777 partibus
1230 3708 1336 3774 probel-

201 3779 364 3828 necessariis
388 3779 516 3829 instructi
544 3779 605 3829 loca
634 3781 743 3830 deserta
793 3781 927 3831 scentiam
938 3781 965 3830 in
975 3782 1208 3832 interioresAsiae
1219 3786 1334 3840 tractus,

200 3846 375 3912 perlustrent.
395 3849 453 3899 Nec
463 3848 587 3903 dubium.
602 3850 681 3914 quin,
696 3849 742 3914 qui
792 3850 974 3913 Babylonem,
999 3853 1083 3915 Susa,
1102 3857 1133 3901 nt
1153 3849 1206 3900 hoe
1226 3848 1335 3914 potissi·

200 3931 272 3966 nuno
288 3918 363 3982 viget
380 3932 452 3979 mos,
470 3917 542 3967 idem
557 3917 621 3967 olim
636 3933 742 3983 quoque
793 3935 864 3969 mum
892 3936 1114 3983 commemorem,
1144 3918 1216 3969 hano
1241 3932 1335 3983 regum

202 3985 366 4048 obtinuerit,
384 4003 445 4037 cum
461 3989 521 4052 ipsa
536 3990 677 4051 regionum
694 4004 741 4039 ns·
792 3990 939 4041 Persarum
962 3993 1028 4040 curt
1046 3991 1142 4043 molins
1166 3993 1281 4039 stratam
1301 4003 1334 4037 ac

201 4062 264 4106 tura
283 4071 315 4106 ac
335 4057 406 4107 ratio
422 4057 462 4107 sie
478 4057 605 4123 postulet.
642 4058 741 4123 Itaque
793 4061 938 4119 munitam,
955 4076 1002 4125 per
1018 4062 1143 4125 regiones
1160 4059 1229 4108 bene
1243 4056 1334 4108 cultas

199 4125 278 4176 valde
290 4125 320 4175 lit
334 4126 487 4191 probabile,
500 4127 623 4177 enarrari
634 4126 660 4177 h.
674 4128 692 4177 l.
705 4128 739 4178 ab
791 4129 900 4179 ductam
911 4132 1087 4195 omnibusque
1102 4130 1136 4180 iis
1145 4129 1224 4179 rebus
1236 4129 1335 4177 instru-

198 4196 340 4247 Herodoto
351 4211 411 4246 eam
423 4198 506 4260 viam,
519 4198 660 4261 quannes
672 4213 740 4247 mer·
791 4202 863 4248 ctam
882 4215 942 4250 esse
958 4200 1099 4265 probabile
1117 4204 1172 4261 est,
1194 4212 1265 4263 quae
1282 4197 1335 4245 iter

199 4271 306 4317 catores
324 4266 387 4316 inde
406 4266 440 4316 ab
457 4266 539 4317 Asiae
560 4267 672 4317 minoris
691 4283 740 4318 ora
789 4268 948 4319 facientium
977 4270 1188 4320 necessitatibus
1219 4267 1336 4316 inservi·

198 4336 235 4386 ad
249 4336 386 4387 interioris
396 4336 477 4386 Asiae
489 4341 603 4399 tractus,
618 4352 649 4387 ao
661 4353 738 4402 prae·
789 4342 863 4388 rent:
882 4338 985 4389 factum
1001 4345 1088 4390 autem
1103 4340 1129 4389 id
1143 4351 1203 4390 esse
1214 4335 1336 4386 eredide-

197 4406 336 4471 eipue,nt
348 4405 516 4468 videtur,ad
529 4405 696 4472 Babylonem
710 4412 738 4458 ot
789 4409 839 4458 rim
858 4410 1004 4474 praecipue
1023 4411 1050 4459 in
1077 4425 1156 4461 usum
1178 4407 1334 4458 nuntiorum
