3048 5130
431 380 803 445 TERPSIOHORE.
826 382 864 443 V.
886 390 929 447 ιι.
951 394 1001 436 ιι.

1226 383 1285 446 183

292 543 411 629 Ὄλβιος
427 535 514 624 οὗτος
529 540 623 630 ανὴρ,
639 543 671 625 ὃς
687 541 758 630 ε’μδν
774 543 864 630 δόμον
879 547 1098 630 ἐσκαταβαίνει,

300 643 436 730 Κύψελος
448 642 596 731 Ἠετίδης,
611 643 748 732 βασιιεδς
762 656 889 713 κλειτοῖο
902 654 1075 733 Κορίνθου·

140 854 282 923 Cypselus
292 855 417 922 quamvis
430 872 447 907 a
461 857 565 909 Sosicle
576 858 686 911 liberta·

139 927 178 978 tis
205 926 330 977 studioso
348 942 396 991 pro
416 932 533 992 tyranno
555 926 688 980 habeatur

136 995 371 1061 vehementerque
384 1004 537 1060 accusetur,
553 998 621 1049 alios
636 998 683 1048 ali·

138 1071 181 1117 ter
209 1071 302 1116 tamen
323 1066 356 1117 de
378 1082 410 1118 eo
433 1067 569 1118 iudicasse
594 1075 686 1119 monet

136 1136 214 1186 idem
226 1135 350 1187 Mueller.
363 1134 381 1187 l.
394 1135 411 1185 Ι.
429 1151 491 1202 pag.
511 1138 558 1189 165
576 1138 638 1189 coll.
652 1138 683 1190 C.

135 1206 272 1270 Wagner.
286 1206 328 1257 De
342 1206 492 1256 Periandro
504 1223 529 1272 p.
543 1209 567 1258 4.
580 1208 605 1258 5.
629 1209 685 1259 Pa·

135 1276 179 1325 cis
197 1276 270 1324 euim
283 1275 337 1324 tuit
347 1276 498 1339 studiosus,
510 1292 560 1328 nee
572 1277 629 1328 ulla
640 1293 684 1328 sa-

134 1343 259 1394 tellitum
285 1359 367 1395 mauu
394 1344 518 1397 firmatus
555 1362 612 1397 rem
638 1363 685 1411 pu-

133 1413 240 1464 blicam
270 1414 474 1465 administravit
499 1415 684 1480 populumque

132 1484 229 1549 ipsum
242 1484 359 1534 maxime
375 1484 462 1534 tuitus
476 1488 532 1544 est,
553 1484 621 1534 bene
636 1485 682 1537 ille

133 1554 248 1619 quidem
259 1568 374 1616 mernor,
392 1568 409 1602 a
429 1553 527 1618 quibus
540 1553 575 1603 ad
593 1554 622 1604 id
635 1571 681 1617 po-

132 1623 245 1673 tentiae
263 1621 404 1686 fastigium
422 1622 459 1670 sit
475 1628 596 1675 evectus.
629 1625 688 1686 Qui

131 1693 209 1742 idem
228 1693 284 1741 iarn
308 1695 364 1741 turn
389 1690 574 1742 aedificiorum
595 1693 680 1744 moles

131 1760 319 1813 exstruendas
331 1761 485 1824 suscepisse
502 1761 602 1826 fertur,
621 1762 679 1814 sive

130 1833 238 1882 artium
254 1830 346 1880 studio
361 1831 475 1895 quodam
489 1831 633 1895 ductus,
610 1847 679 1893 sive,

131 1906 163 1950 ut
176 1898 343 1951 Aristoteles
361 1900 446 1949 tradit
456 1899 537 1953 Polit.
550 1903 589 1962 V,
608 1902 641 1964 9,
662 1905 679 1953 4

131 1986 208 2036 seq,
219 1985 272 2034 quo
282 1968 371 2034 plebis
381 1971 488 2019 animos
499 1985 515 2018 a
527 1985 617 2020 rerum
628 1987 677 2036 pu·

129 2039 678 2105 blicarumcuraaverteretsimulquevi·

129 2116 209 2160 ctum
224 2109 316 2174 egenis
330 2110 482 2172 praeberet.
507 2107 547 2159 Ae
559 2111 592 2171 si,
605 2110 677 2174 quod

128 2179 156 2229 h.
175 2179 196 2229 l.
218 2183 299 2243 urget
313 2177 449 2241 Sosicles,
466 2193 561 2228 revera
578 2177 623 2230 ille
638 2181 676 2230 ci-

128 2266 179 2300 ves
195 2247 298 2298 multos
312 2248 401 2308 eiecit,
413 2248 513 2297 multos
525 2250 593 2309 vita,
609 2248 675 2299 mul-

128 2324 175 2370 tos
189 2317 291 2382 opibus
306 2317 435 2381 privavit,
450 2316 501 2367 hoc
512 2316 628 2369 sortasse
641 2318 675 2369 ad

129 2389 228 2438 turbas
248 2386 420 2437 referendum
440 2402 473 2436 ac
492 2387 641 2439 seditiones
659 2405 675 2437 a

128 2456 298 2508 Bacchiadis
325 2457 439 2519 imperio
459 2457 550 2507 exutis
572 2463 673 2517 motas;

130 2528 229 2593 quibus
251 2541 285 2576 ne
305 2526 430 2592 tyrannis
447 2541 541 2577 recens
562 2526 674 2577 condita

131 2602 314 2657 everteretur,
344 2601 461 2660 tyranno
489 2598 673 2648 necessarium

131 2667 215 2718 fuisse
230 2666 354 2729 videtur,
373 2670 404 2715 ιιι
417 2664 583 2716 Bacchiadas
603 2667 674 2717 sedi-

130 2737 235 2786 tionum
249 2741 376 2786 auctores
395 2733 504 2785 tolleret
518 2739 568 2785 aut
583 2738 672 2801 patria

131 2806 288 2871 expelleret.
302 2804 344 2854 cl,
352 2805 480 2870 Wagner.
491 2804 532 2855 l.l.
541 2821 566 2870 p.
577 2809 592 2853 5
604 2805 670 2873 ibiq.

129 2875 292 2926 Strabvlll
302 2873 388 2940 pure
396 2892 421 2939 p.
430 2872 490 2925 580.
507 2873 672 2926 Confirman-

129 2954 170 2994 tnr
181 2945 252 2994 haec
262 2945 418 2996 narratione
429 2944 672 2996 NischDamasce-

129 3013 669 3080 niquitestatureos,quosBacchiadae

128 3085 245 3134 inisrnit
268 3085 455 3146 notavissent,
479 3088 621 3134 revocatos
643 3091 670 3135 et

128 3157 273 3203 restitutos
290 3169 349 3204 esse
361 3169 378 3203 a
391 3151 520 3217 prselo,
534 3169 581 3204 eos
594 3170 668 3216 vero,

127 3225 171 3289 qui
185 3224 242 3289 ipsi
256 3224 345 3273 miuus
359 3223 498 3285 faverent,
518 3222 649 3274 colonos
641 3241 670 3274 m

125 3293 283 3344 Leucadem
304 3298 331 3342 et
347 3292 525 3343 Anactorium
543 3293 669 3345 dimissos

125 3363 312 3413 esseducibns
323 3363 409 3444 ipsius
420 3360 483 3411 filiis
493 3360 595 3423 nothis,
602 3364 670 3413 Bac·

125 3432 240 3483 chiadas
258 3447 323 3482 vero
339 3431 490 3482 inexilium
505 3432 602 3482 missos
622 3434 670 3483 bo·

123 3505 222 3566 nisque
235 3507 332 3551 erutos
345 3517 414 3551 esse.
438 3500 490 3549 His
504 3501 580 3551 addit
587 3502 667 3553 Nico

123 3570 198 3622 laus.
220 3562 355 3626 Κύψελος
366 3564 397 3620 δὲ
408 3567 558 3630 Κορίνθου
571 3561 669 3650 πράως

123 3630 230 3705 η’ρχεν,
243 3634 310 3690 ουτε
323 3631 506 3715 δορυφόρους
518 3628 640 3705 ἔχειν’
603 3634 666 3689 ουτ’

123 3707 294 3770 ἀκοθυιιιος
313 3725 354 3757 ων
379 3706 565 3768 Κυρινθίοιςε
595 3711 666 3775 quod

123 3780 235 3831 Nicolai
248 3779 397 3830 iudicium
389 3794 416 3828 m
426 3778 582 3829 universum
594 3796 666 3830 com·

123 3853 223 3914 probat
238 3851 369 3900 Kortiim:
395 3848 501 3900 Griech.
519 3848 617 3900 Gescb
642 3851 664 3900 I.

123 3936 184 3986 pag.
198 3920 261 3971 215.
291 3918 361 3970 Add.
375 3917 514 3969 Dunoher.
532 3917 552 3970 l.
567 3918 584 3968 l.
600 3935 664 3985 pag.

150 4080 265 4159 Ὄλβιος
281 4074 366 4146 οὗτος
380 4079 467 4154 ἀνὴρ]
488 4089 590 4140 lisdem
606 4106 664 4140 ver·

124 4160 181 4221 bis,
204 4165 332 4211 monente
346 4159 543 4223 wesselingio‚
563 4159 663 4223 Pythia

125 4229 311 4281 advenientem
321 4227 473 4279 Hesiodum
483 4228 614 4279 salutavit
623 4234 663 4278 at-

126 4315 173 4363 que
186 4302 268 4351 etiam
280 4299 430 4360 Theseum
448 4305 478 4348 ut
488 4314 554 4349 sane
567 4299 662 4350 solem-

127 4384 157 4419 ne
167 4369 216 4421 boo
228 4370 317 4420 fuisse
326 4368 453 4418 videatur
463 4368 610 4419 exordium.
629 4368 662 4418 In

127 4440 224 4491 oraculi
239 4438 366 4492 versibus
383 4436 593 4490 alliterationem
609 4440 663 4490 irc-

738 864 865 924 qucutcm
881 857 1038 909 observarit
1052 858 1184 923 Giittling.
1198 859 1278 909 Prae·

737 929 787 979 iat.
808 929 837 978 in
850 928 964 978 Hesiod.
979 944 1005 993 p.
1018 927 1136 978 XXXIV
1155 926 1197 980 ed.
1213 944 1278 991 seu,

738 999 786 1064 qui
806 998 876 1047 idem
901 998 929 1046 in
946 998 1054 1048 lenensi
1080 999 1278 1063 programmate

736 1071 802 1119 anni
815 1065 990 1119 1855-1856
1006 1066 1056 1117 boc
1069 1066 1208 1117 oraculum
1224 1072 1278 1118 tra

735 1142 814 1187 stans
831 1136 986 1199 suspicatur
1002 1136 1089 1185 altero
1111 1151 1192 1186 versu
1211 1141 1277 1187 scri-

735 1206 850 1256 bendum
875 1220 950 1255 esse:
982 1198 1114 1265 Κύψελος
1136 1196 1275 1255 Ηετίω-

735 1266 1274 1422 t.tt;ttti.'}²t:ll.l⁰tt.ttd?

734 1418 777 1464 ret
790 1407 977 1476 εἰσαφικάνει,
998 1413 1077 1462 ιιιοδο
1097 1412 1159 1464 libri
1172 1417 1274 1466 vetusti

733 1482 784 1533 hoc
799 1482 937 1533 afferrent.
965 1483 1004 1532 Ac
1022 1482 1123 1546 legitur
1141 1499 1206 1534 sane
1222 1485 1273 1535 hoe

732 1553 761 1603 in
773 1553 856 1603 Dion.
870 1551 1022 1616 chrysost,
1034 1553 1080 1617 qui
1095 1552 1176 1617 vulgo
1191 1552 1273 1605 habe·

733 1626 787 1685 tur,
804 1620 1107 1671 orationeCorintbiaca
1119 1621 1272 1688 (xxxvn)

732 1707 793 1756 pag
808 1691 873 1753 456,
894 1691 940 1740 ubi
961 1690 1043 1740 iidem
1057 1691 1161 1741 oraculi
1177 1707 1272 1744 versus

730 1760 919 1826 proferuntur,
931 1762 1054 1824 exceptis
1066 1761 1181 1813 vocibus
1197 1763 1272 1811 tertii

729 1829 878 1882 versiculi:
906 1826 1020 1880 παίδων
1045 1842 1075 1895 γε
1096 1822 1148 1895 μὲν
1177 1824 1272 1881 ουκίτι

729 1897 840 1957 παῖδες

764 1993 897 2064 Κύψελος
910 1991 1050 2070 Ἠετίδης]
1075 2005 1127 2054 Pro
1141 1994 1270 2069 Ἠετίδης

728 2075 800 2137 apud
813 2071 915 2124 Euseb
931 2075 962 2128 P.
977 2076 1011 2128 Ε.
1025 2075 1058 2138 V,
1072 2021 1267 2140 35Αίακίδης,

728 2143 872 2201 mendose,
888 2144 982 2194 seder
1003 2160 1072 2210 quo,
1086 2144 1267 2196 Valckenario

728 2212 832 2275 iudice,
855 2227 920 2262 vcra
946 2214 1027 2264 lectio
1048 2208 1179 2278 Αίετίδης
1207 2216 1266 2265 erui

726 2284 828 2365 possit,
843 2298 903 2332 cum
922 2284 1009 2365 patris
1022 2299 1120 2333 nomen
1132 2283 1218 2333 inerit
1231 2285 1266 2335 ab

725 2344 807 2408 οἲετδς
821 2353 930 2401 ductum
938 2346 1063 2413 Ἠ,ετίων
1071 2353 1142 2402 sicut
1152 2345 1214 2401 ab
1196 2369 1267 2416 αμα-

726 2420 782 2479 doc
803 2422 882 2471 firrxit
900 2412 1032 2501 ''Hpndsoc
1047 2426 1129 2498 atque
1144 2411 1266 2484 Ἠμαθί-

725 2505 775 2549 ων,
789 2491 823 2540 ab
834 2479 940 2553 ἄνεμος
952 2506 1005 2539 vox
1015 2479 1154 2554 ἠνειιόεις,
1169 2491 1225 2542 alia
1238 2491 1265 2542 id

724 2576 826 2625 genus,
839 2561 880 2610 ita
892 2565 923 2609 ut
935 2576 990 2610 non
1000 2550 1127 2622 Ἠετίδης
1140 2559 1189 2609 sed
1203 2556 1263 2610 Αίε-

723 2626 805 2693 τίδης
816 2630 1032 2704 patronymicum
1044 2628 1086 2678 sor
1089 2644 1156 2678 marr
1148 2628 1266 2681 debue-

723 2699 761 2750 rit
773 2698 808 2749 ab
819 2692 921 2755 αἰετὸς
934 2704 965 2749 ut
974 2699 1054 2749 lonas
1069 2703 1125 2781 atq
1127 2714 1151 2747 re
1164 2702 1263 2763 poie'tae

723 2769 816 2819 dixere
829 2770 946 2833 aquilam,
956 2785 1017 2819 cum
1031 2769 1067 2818 ab
1080 2760 1195 2817 Ἠετίων
1210 2785 1264 2819 ιιοιι

723 2840 778 2888 nisi
789 2828 971 2903 Ἠετιωνίδης
984 2838 1063 2888 nasci
1078 2840 1207 2902 potuerit,
1222 2846 1264 2890 te·

723 2914 764 2959 ste
785 2907 982 2959 Eustathioad
1002 2907 1045 2957 lli
1068 2907 1105 2957 ll.
1125 2923 1189 2972 pag.
1211 2908 1263 2960 288

722 2995 744 3029 s
760 2977 1146 3043 218‚130011atym01.pag
1162 2977 1219 3034 109,
1235 2979 1260 3029 8.

722 3017 837 3098 Accedit
864 3047 986 3097 adhaec
1011 3045 1068 3112 (ita
1089 3049 1176 3112 pergit
1196 3048 1261 3098 Val-

721 3116 829 3182 ckcn),
844 3118 873 3166 in
884 3117 994 3167 oraculo
1008 3118 1123 3195 primum
1135 3118 1209 3168 edito
1223 3118 1262 3169 le-

720 3204 749 3269 ηρ
740 3155 856 3243 Αίείὸς
870 3177 950 3234 ἔν’
913 3200 1031 3250 canopos
1046 3180 1107 3235 ades
1115 3184 1208 3248 ,τέξει
1228 3182 1260 3236 δὲ

720 3250 834 3306 ιεύνται
854 3255 927 3306 edito
942 3256 1060 3306 secundo
1075 3256 1185 3306 oraculo
1207 3273 1260 3306 ιιοιι

720 3325 865 3376 difficulter
875 3325 1066 3376 intellexeruut
1076 3325 1258 3390 Bacchiadae,

719 3388 819 3444 Αίετὸν
832 3410 893 3446 esse
907 3389 959 3444 τὸν
969 3386 1113 3446 ’.Ηἐτιωνα
1139 3396 1215 3447 Haec
1226 3396 1259 3446 il-

719 3466 759 3527 le,
783 3466 831 3530 qui
850 3464 921 3529 qnod
938 3465 973 3514 ab
992 3454 1108 3513 ''Herticv
1128 3480 1183 3515 non
1203 3466 1258 3516 nisi

711 3528 896 3598 Ηετιωνίδης
913 3535 1025 3584 formari
1045 3550 1125 3598 posse
1149 3535 1257 3596 statuit,

717 3621 813 3655 vereor
825 3611 856 3654 ut
866 3603 993 3655 assentiri
1006 3604 1124 3685 possim:
1138 3603 1258 3653 brevita-

717 3677 754 3725 tis
766 3689 851 3725 causa
862 3674 931 3724 talia
943 3674 1054 3723 nomina
1068 3673 1257 3737 patronymica

718 3743 811 3793 decurt
801 3748 861 3793 tata
876 3743 990 3806 reperiri
1009 3740 1051 3807 (ut
1064 3738 1193 3806 Ηετίδης
1208 3759 1255 3807 pro

714 3803 920 3878 Ἄετιωνιοίδης)
938 3816 1012 3862 τουιε
1025 3812 1153 3862 observat
1166 3812 1256 3864 Sinte-

717 3883 759 3932 nis
778 3883 814 3933 ad
830 3882 968 3933 Plutarch.
988 3881 1163 3932 Themistocl.
1185 3899 1212 3947 p.
1227 3883 1253 3936 9.

716 3955 773 4004 Nec
787 3953 874 4016 magis
894 3953 990 4016 opinor
1011 3951 1183 4002 scribendum
1194 3946 1255 4001 Alc·

714 4018 812 4104 τίδης,
829 4022 875 4071 ubi
889 4022 958 4072 satis
969 4022 1037 4072 bene
1046 4013 1173 4085 Ἠετίδης
1189 4023 1254 4072 roti-

714 4092 773 4143 neri
788 4093 940 4155 potuit.—
906 4092 1010 4141 Pro
1023 4090 1147 4140 κιεινοιο
1155 4091 1254 4155 ,quod

714 4160 853 4212 Scbaeier.
867 4166 894 4211 et
906 4160 1003 4212 Matth.
1014 4161 1193 4220 retinuerunt,
1208 4160 1254 4211 de·

713 4232 742 4280 di
756 4230 877 4279 κλειτοῖο
891 4245 953 4280 cum
964 4234 1079 4280 recentt.
1091 4229 1152 4280 edd.
1166 4228 1252 4279 eFlo·

713 4300 821 4351 sentino
832 4299 956 4364 aliisque.
973 4298 1096 4348 κλεινοῖο
1111 4297 1253 4361 legebatur

712 4369 838 4418 insimili
853 4385 933 4420 versu
949 4369 1023 4432 apud
1038 4366 1170 4419 Herodot.
1187 4366 1251 4429 Vll,

711 4440 772 4502 228,
785 4439 831 4488 ubi
843 4453 914 4489 nsmc
927 4437 1011 4489 edunt
1025 4436 1156 4487 κλειτοῖο.
