3048 5130
218 395 279 461 224
651 395 921 462 HERODOTI

218 574 319 663 λόχον
339 574 460 644 τούτου
480 569 615 663 ἡγεμών
633 566 677 664 ἦν
697 571 915 662 Ἡρακλείδης
939 571 1145 663 Ἰβανώλιος,
1166 569 1251 661 ἀνὴρ
1271 578 1355 641 Μν-

219 676 350 759 lucerio.
379 669 471 747 οὗτοι
486 680 548 766 μέν
561 706 627 747 νυν
641 683 710 747 τῶν
727 681 888 766 Περσέων
900 673 988 746 οὕτω
1004 673 1249 765 διεφθάρησαν.

155 790 214 853 122
293 778 408 869 ‘Ppe'qs
424 780 479 866 dl,
500 782 556 851 καὶ
572 779 672 861 αὐτὸς
690 779 756 849 dclv
769 787 837 850 taio
852 780 1102 862 ἐπιδιωξάντων
1115 779 1193 859 τούς
1213 782 1246 859 ἐς
1260 778 1355 866 Σοίρ·

219 891 271 965 δις
288 889 598 972 στρατευσαμένους
615 883 753 971 Ἰώνων,
776 884 982 973 τραπόμενος
1002 887 1035 965 ἐς
1054 882 1116 972 τὴν
1136 887 1356 970 Προποντίδα

219 983 286 1058 εἷλε
298 996 385 1057 Κίον
399 986 618 1077 τηνΜυσίην.
642 989 767 1077 ταύτην
781 989 817 1058 δὲ
833 988 965 1073 ἐξελών,
981 983 1026 1067 ὥς
1041 986 1188 1056 ἐπύθετο
1203 982 1407 1055 rivulum

219 1189 287 1240 civis
301 1179 399 1253 (ἀνὴρ)
412 1185 575 1251 Mylasensis
588 1186 614 1236 1ι.
627 1186 644 1236 l.
660 1185 760 1237 dicitur
811 1179 915 1253 ἤλαυνε
933 1180 984 1237 τόν
1012 1178 1132 1249 στρατὸν
1157 1174 1203 1234 lut
1221 1177 1274 1248 την
1295 1182 1354 1231 Κα-

219 1265 247 1310 et
261 1251 502 1324 1111ιιοἸβανοίίιος
515 1255 561 1321 (de
574 1272 626 1322 quo
640 1256 712 1306 coni.
725 1258 759 1321 V,
810 1258 891 1322 ρίην,
909 1269 940 1309 ιιι
957 1275 1018 1307 mox
1034 1259 1071 1310 V.
1091 1258 1140 1308 122
1160 1245 1207 1304 lul
1228 1249 1280 1302 τὸν
1293 1243 1354 1301 ‘Et-

219 1327 278 1391 37),
294 1342 383 1393 regem
394 1327 562 1390 Mylasorum
574 1328 658 1377 fuisse
666 1332 693 1375 et
704 1328 760 1393 qni·
811 1320 972 1391 ληὀποντον
982 1316 1032 1394 ἦγε
1044 1319 1094 1377 τὸν
1106 1320 1235 1387 στρατόν.
1259 1325 1299 1373 Ac
1309 1339 1355 1373 an·

220 1398 279 1448 dem
304 1413 379 1459 euru,
406 1397 484 1446 ouius
503 1412 546 1446 res
570 1395 670 1461 Scylax
691 1395 759 1460 (vid.
806 1398 963 1463 praV,98
986 1389 1191 1458 στρατεύεσθαι
1213 1386 1354 1455 ἐτιἈίηι-

219 1467 318 1519 Suidss
328 1483 350 1520 s.
362 1464 402 1531 v.)
413 1480 556 1517 enarrasse
567 1465 663 1527 fertur,
674 1469 762 1531 suspi·
811 1463 909 1533 νήτας,
927 1468 976 1518 ubi
995 1460 1184 1529 α1ἰίΑίηίνης.
1213 1463 1256 1513 Ad
1271 1477 1354 1527 urgu-

219 1544 298 1589 eatur
319 1553 373 1588 von
390 1535 578 1587 Gutscbmidt:
602 1537 658 1587 vid.
678 1551 761 1601 supra
810 1544 929 1588 mantum
952 1535 1006 1587 loci
1029 1535 1147 1586 conferri
1173 1539 1264 1599 potest
1287 1532 1354 1582 Nie-

220 1609 253 1661 Τ.
267 1606 304 1657 ΙΙ.
323 1623 349 1672 p.
366 1606 417 1656 tto
431 1610 516 1657 nostr.
533 1606 599 1657 edit.
635 1606 686 1655 Cui
706 1622 761 1655 me·
811 1606 893 1657 bubr:
912 1601 1322 1668 Roem.Gescb.I,pug.188e
1346 1641 1353 1653 .

220 1681 274 1729 rito
288 1677 444 1742 obloquitur
461 1675 492 1727 C.
509 1675 637 1726 Mueller:
660 1676 759 1741 Geogr.
811 1692 866 1727 seo.
899 1677 942 1726 De
958 1678 1019 1741 ipso
1036 1675 1104 1725 duce
1121 1674 1282 1734 Persarum,
1306 1671 1355 1735 qui

220 1748 333 1800 Greecc.
343 1747 424 1798 minn.
434 1746 493 1796 Vol.
501 1747 524 1796 Ι,
534 1745 687 1811 Prolcgom.
697 1762 761 1810 pag.

220 1817 378 1877 xxxvul;
407 1830 494 1881 neque
524 1817 596 1865 enim
620 1815 761 1880 probabile

220 1894 276 1947 eat,
299 1885 440 1951 Scylacem
459 1886 693 1949 Caryandensem,
714 1885 762 1950 qui

221 1957 273 2008 fuit
294 1953 475 2020 logographus
492 1961 520 2004 et
533 1954 761 2020 logographorum

220 2027 353 2076 rationem
373 2026 400 2073 iu
422 2024 563 2074 scribendo
580 2029 690 2075 secutus
709 2029 762 2087 est,

221 2097 255 2146 de
277 2094 329 2144 viri
357 2093 480 2158 aequetis
503 2094 583 2144 rebus
608 2094 760 2158 scripsisse.

220 2164 346 2226 Accedit,
359 2164 430 2229 quod
444 2162 519 2214 hicce
529 2162 676 2213 Heraclida
686 2154 761 2227 ἀνὴρ

222 2235 257 2286 ab
269 2233 409 2284 Herodoto
421 2233 522 2283 dicitnr
535 2226 703 2295 Molossos,
715 2250 761 2283 ne-

221 2321 273 2371 qus
285 2297 424 2370 βασιλεῦς,
436 2319 522 2369 neque
536 2293 691 2365 τύραννοςι
711 2304 762 2354 its·

811 1752 927 1797 uocatur
938 1740 1050 1808 Ὑρίης,
1064 1745 1119 1796 vid.
1132 1758 1215 1807 supra
1228 1744 1259 1806 V,
1274 1742 1333 1792 llo.

846 1809 900 1864 site
909 1814 984 1864 Κίον
997 1810 1049 1878 τὴν
1059 1810 1189 1877 Μυσίην,
1204 1813 1262 1862 θίαν
1273 1826 1290 1860 ιι
1301 1811 1354 1859 Mi-

810 1883 886 1937 lesiis
902 1884 967 1935 olim
979 1884 1008 1935 in
1023 1884 1113 1948 Mysis
1126 1882 1238 1933 condita
1251 1881 1305 1930 suit
1317 1879 1354 1929 ad

812 1954 971 2006 orientalem
991 1969 1065 2005 oram
1086 1954 1163 2004 sinus
1181 1953 1281 2013 Cissei,
1307 1951 1355 2014 qui

811 2025 874 2075 inde
900 2024 1053 2075 vocabatur
1085 2022 1168 2087 (nunc
1198 2018 1356 2086 appellatur

812 2094 952 2146 Meuaniae
964 2092 1062 2158 sinus),
1074 2092 1110 2142 sd
1123 2091 1194 2142 ostia
1205 2089 1292 2153 fluvii,
1305 2092 1355 2154 qui

813 2169 841 2214 et
857 2166 916 2229 ipse
929 2162 994 2214 Cius
1009 2162 1171 2214 vocabatur.
1203 2160 1296 2225 Ipsum
1308 2174 1355 2209 nr·

811 2235 854 2285 bis
866 2234 1026 2284 commercio
1038 2232 1101 2282 olim
1111 2233 1224 2282 florente
1237 2228 1354 2293 insignis

812 2320 909 2354 nomen
920 2306 997 2354 varie
1012 2303 1159 2363 scribitur,
1180 2300 1261 2350 modo
1271 2299 1354 2361 Κίος,

221 2391 272 2441 qne
290 2373 361 2438 apud
381 2373 493 2423 Snidam
515 2373 548 2423 de
571 2372 625 2424 alio
645 2373 761 2439 quodam
811 2373 891 2424 modo
907 2371 992 2434 Κίος;
1008 2373 1065 2423 vid.
1078 2371 1184 2436 Scylac.
1196 2374 1221 2434 ᾖ.
1233 2369 1278 2423 92.
1289 2383 1356 2434 pag.

220 2442 377 2507 Heraclide,
387 2443 486 2494 Carum
498 2458 570 2508 rege,
585 2443 761 2509 cogitandum
811 2443 845 2495 35
857 2443 946 2496 Huds.
963 2441 1022 2507 (ubi
1035 2439 1106 2498 Κίος
1126 2451 1156 2491 et
1173 2440 1239 2491 urbs
1261 2444 1290 2489 et
1304 2439 1356 2488 ilu-

222 2515 283 2565 erit.
811 2510 885 2576 vius)
901 2517 929 2563 st
944 2511 1033 2577 Apoll.
1043 2510 1130 2561 Rbod.
1147 2510 1176 2574 1,
1192 2509 1268 2560 1177.
1288 2506 1354 2558 1321

811 2583 876 2646 ibiq.
892 2580 998 2642 Schol.;
1016 2580 1095 2631 modo
1106 2581 1182 2630 Cisra.
1205 2578 1268 2631 Vid.
1279 2577 1354 2628 Mela

392 2685 447 2736 GM,
477 2684 578 2734 cml
810 2653 834 2710 1,
850 2652 890 2703 111.
903 2651 1045 2715 §.sibiq
1063 2648 1216 2700 Tzscbuck.
1233 2649 1261 2698 in
1275 2648 1354 2697 Nou,

450 2721 457 2736 ⁸
581 2721 588 2735 ‘
811 2736 905 2786 exegg.
922 2720 981 2770 Vol.
992 2721 1046 2771 111.
1058 2720 1089 2772 Ρ.
1103 2720 1126 2772 1.
1137 2734 1200 2785 ρας.
1213 2718 1263 2768 562
1274 2732 1353 2782 seqq.

256 2778 360 2846 10119311
371 2782 479 2851 Σάρδις
490 2782 759 2853 orputeounpe'vovq]
811 2799 839 2841 et
850 2791 995 2856 Forbiger:
1016 2789 1125 2839 Handb.
1141 2789 1167 2839 d.
1184 2789 1232 2838 ult.
1249 2787 1352 2847 Geogr.

221 2851 251 2907 ἐν
266 2854 386 2921 Σάρδισι
398 2857 510 2909 Wsssel.
526 2858 613 2917 dedit,
636 2857 707 2923 quod
720 2874 762 2908 rc·
811 2860 847 2910 11.
861 2877 886 2926 p.
898 2860 957 2911 382.
978 2861 1039 2922 Qua
1049 2860 1115 2910 urbs
1125 2875 1143 2909 a
1154 2857 1281 2922 Philippo
1290 2858 1354 2906 Ms-

221 2929 306 2978 tiuuit
321 2926 435 2991 Mutum,
458 2933 489 2978 nt
506 2928 541 2990 V,
559 2928 607 2978 llo
623 2927 681 2978 coll
702 2928 760 2979 102.
810 2931 929 2993 cedens,
942 2930 1074 2980 Demetrii
1087 2928 1157 2990 tilio,
1179 2928 1271 2977 diruta
1284 2927 1354 2976 Pru·

222 2999 361 3048 Suucrosti
378 2996 446 3047 liber
466 2996 546 3046 affert
558 2988 588 3044 ἐν
601 2988 709 3057 Σάρδις
732 2999 761 3045 in
811 3001 883 3057 sius,
898 2999 1042 3064 Bithyniae
1054 3014 1116 3060 rex,
1135 3013 1234 3048 novam
1246 2996 1353 3058 urbem,

222 3067 333 3133 reliquia
351 3065 420 3117 codd
446 3068 583 3116 invenitur
599 3058 626 3122 ἐς
641 3057 760 3130 Σοὲρδις,
810 3085 889 3134 quam
904 3085 920 3117 a
936 3085 965 3120 se
976 3070 1126 3121 Prusiades
1138 3069 1232 3118 vocari
1252 3066 1353 3129 voluit,

221 3139 293 3202 quod
303 3136 392 3186 Gaias.
404 3137 544 3186 revocavit
554 3150 613 3185 cnm
623 3135 739 3201 Schwgh
753 3173 760 3199 ,
809 3139 847 3188 ibi
860 3140 1004 3201 exstruxit,
1018 3144 1131 3189 auctore
1143 3137 1277 3188 Strabone
1286 3136 1353 3186 xli.

223 3208 270 3271 qui
291 3206 363 3271 quod
384 3204 436 3255 huc
457 3204 576 3255 conferri
594 3205 654 3254 vult
673 3206 724 3269 vl,
745 3208 757 3258 l
810 3224 836 3273 p.
852 3210 903 3259 5113
917 3225 938 3258 a.
948 3224 975 3274 p.
986 3210 1037 3259 844
1048 3208 1174 3259 eteius.
1198 3208 1275 3268 Quae
1287 3207 1356 3255 Pru·

221 3274 318 3340 παρῆν
336 3269 363 3331 ἐς
381 3268 489 3335 Σάρδις
516 3275 558 3338 (ut
573 3275 610 3331 V,
634 3274 709 3340 108),
732 3276 759 3325 id
808 3280 877 3338 sias,
897 3293 950 3342 quo
969 3293 987 3328 a
1005 3279 1135 3330 Prusiade
1153 3275 1188 3326 sd
1207 3276 1355 3341 Olympum

222 3347 310 3397 minus
324 3344 648 3408 hucpertiuercvidetur.
672 3346 759 3410 Atque
810 3354 928 3398 montem
949 3349 1004 3399 sita
1020 3353 1048 3398 et
1068 3363 1086 3398 e
1100 3347 1229 3397 Ρταοίαδι
1246 3344 1282 3395 ed
1295 3345 1356 3410 Hy-

222 3432 254 3465 eo
265 3416 326 3481 ipso
338 3413 545 3464 locoSannrolti
557 3414 626 3464 liber
636 3405 759 3465 habetis
809 3419 882 3483 pium
897 3418 1008 3468 fluvium
1021 3418 1132 3469 condita
1145 3415 1206 3479 (illa
1219 3431 1291 3466 nnnc
1305 3431 1355 3465 vo·

221 3475 667 3547 Σιέρδιοῑνιιιδοδ.ἐνΣάρδιοι;
688 3484 759 3549 quod
808 3492 889 3537 catur
908 3488 1010 3549 Brusa,
1036 3486 1102 3538 haee
1125 3487 1209 3536 Milan
1233 3487 1262 3534 in
1280 3500 1355 3551 pago

221 3555 320 3619 ipsum,
334 3561 364 3604 ut
378 3569 460 3618 supra
471 3554 502 3617 V,
518 3554 574 3607 llll.
588 3555 652 3605 lsrri
665 3556 760 3621 utique
812 3555 918 3623 Uelanii)
928 3558 1149 3622 distingueretur,
1160 3558 1298 3605 maritimae
1308 3571 1356 3606 co-

167 3638 169 3641 ·
220 3626 324 3689 potnit,
346 3625 397 3674 hoc
415 3631 503 3674 tamen
523 3624 582 3675 loco
601 3625 696 3676 cedere
713 3625 759 3676 de·
810 3642 926 3692 gnomen
939 3628 1053 3692 accepit.
1086 3627 1181 3692 Neque
1194 3640 1259 3676 vero
1274 3640 1354 3690 pror·

221 3694 305 3745 bebat
323 3697 348 3745 ei
367 3695 495 3756 lectioni,
516 3709 596 3759 quam
614 3694 676 3744 libri
695 3694 759 3745 olim
810 3712 857 3746 sus
881 3698 1044 3748 exstinctam
1071 3712 1131 3747 esse
1157 3700 1277 3747 veterem
1302 3711 1353 3761 up·

221 3764 289 3815 editi
301 3771 383 3830 atque
396 3764 457 3814 libri
469 3765 567 3829 scripti
580 3780 686 3829 omnes,
704 3779 759 3816 uno
810 3766 998 3832 pollutionem,
1021 3766 1183 3818 documento
1195 3770 1238 3816 est
1253 3781 1353 3816 nomen

223 3842 335 3901 excepto
354 3835 492 3885 Saucrolti
514 3833 599 3895 libro,
619 3835 760 3900 praebent,
810 3837 933 3899 Kibotos,
957 3852 1011 3902 quo
1033 3836 1082 3886 illa
1102 3835 1258 3901 frequenter
1276 3850 1355 3886 com·

222 3920 423 3970 quemquecum
433 3909 548 3957 receutt.
556 3904 616 3954 edd.
625 3920 711 3969 aeque
720 3921 760 3955 re·
811 3911 977 3957 memoratur
985 3907 1014 3956 in
1024 3905 1242 3971 expeditionibus
1252 3905 1288 3955 ud
1300 3913 1356 3955 ter-

221 3975 372 4026 vocandsm
384 3974 458 4025 duxi.
480 3975 537 4024 Neo
549 3973 671 4024 obstabit
684 3990 760 4039 sane,
810 3991 868 4025 ram
887 3981 1011 4027 sanctam
1029 3974 1243 4041 recuperandum
1260 3991 1355 4026 susce·

222 4045 293 4109 quod
308 4044 359 4095 hoc
372 4043 432 4094 loco
445 4044 544 4094 dicitur
558 4035 761 4105 στρατείισθαι
810 4047 880 4111 ptis,
895 4061 981 4111 usqne
995 4047 1058 4097 dum
1072 4062 1090 4097 a
1101 4047 1198 4096 Tuscis
1212 4050 1297 4110 capte
1309 4052 1353 4096 est

222 4113 250 4174 ἔς
262 4130 327 4163 τινα
337 4105 441 4173 τόπον,
459 4115 537 4163 cuins
547 4112 607 4162 loco
617 4116 717 4165 Noster
725 4115 759 4178 V,
811 4131 882 4166 anuo
897 4116 962 4166 1332
973 4133 998 4179 p.
1009 4116 1072 4166 cm.
1085 4132 1123 4177 u.,
1138 4132 1155 4166 a
1167 4114 1264 4182 quibus
1276 4130 1350 4165 nunc

224 4186 287 4238 123:
306 4177 351 4234 tut
364 4176 416 4248 τὴν
427 4177 539 4246 Ἰωνίην
549 4178 594 4231 καί
607 4176 661 4247 τὴν
674 4198 759 4246 προσ·
810 4192 924 4237 vocatur
955 4185 1063 4236 Kemlilr.
1111 4186 1174 4237 Vid.
1204 4184 1352 4235 Hammer:

220 4250 285 4321 ιχὲα
308 4247 425 4319 Αἰολίδα
447 4243 666 4315 στρατεύεσθαι,
687 4255 758 4306 unde
808 4254 907 4305 Gescb.
923 4255 948 4305 d.
962 4256 1071 4306 Osmau.
1093 4254 1114 4305 1.
1125 4271 1187 4321 pag.
1201 4252 1265 4315 109,
1284 4255 1351 4306 Pro-

221 4324 344 4378 nonnihil
369 4323 460 4374 differt
484 4313 686 4383 στρατεύεσθαι
712 4317 757 4373 tut
807 4325 1114 4390 kerchfflrinnerungg.
1129 4340 1178 4375 uus
1187 4324 1297 4388 Aegypt
1322 4339 1351 4376 u.

220 4393 343 4460 Καρίης,
365 4393 437 4459 qnod
457 4393 508 4442 hoc
525 4392 585 4457 ipso
600 4394 697 4459 ,eapite
719 4394 758 4443 le-
807 4395 975 4448 Kleinasien.
990 4396 1041 4445 lll.
1052 4410 1114 4460 pag.
1130 4393 1181 4444 228
1192 4408 1268 4460 seqq.
1284 4393 1347 4447 coll.

221 4467 311 4534 gitur,
337 4464 397 4518 coll.
422 4465 461 4527 V,
486 4463 551 4528 117,
574 4463 622 4513 nbi
641 4464 755 4530 legimus
805 4465 940 4516 Mennert.
955 4465 1002 4525 1v,
1018 4465 1043 4517 3.
1057 4480 1118 4530 pag.
1133 4464 1184 4516 oet
1195 4478 1253 4530 seq.
