2916 5130
475 401 541 461 AD
564 400 817 463 HERODOT.
842 402 884 473 V,
907 410 950 465 66.
1213 400 1274 461 805

140 578 248 625 stantes
260 574 427 641 (τελοῦντες)
439 574 473 627 iia
492 574 630 628 nobilibus
646 575 705 626 aive
722 574 896 644 optimatibus
916 576 978 647 (qui
1003 580 1059 627 tum
1075 583 1158 627 erunt
1169 566 1272 645 Ὅπλη-

137 661 205 725 τες),
223 675 338 728 quoram
352 659 380 712 in
403 660 478 728 agria
496 678 566 729 opua
582 660 696 713 iaciunt.
803 718 811 730 ι

223 744 367 812 Equidem,
383 747 423 798 uti
437 746 600 815 supradixi,
615 739 682 806 τούς
699 742 854 814 Γελέοντας,
868 744 915 815 qui
930 744 1041 814 primam
1055 744 1207 797 incivitate
1224 748 1270 798 ,at-

134 829 191 883 tica
206 829 306 881 tribum
322 831 536 897 corratituerunt‚
557 830 647 882 nullos
665 828 733 883 aiios
750 830 843 882 haberi
860 848 943 899 posse
959 831 1083 882 existimo
1099 830 1153 881 niai
1173 833 1272 884 nobiles

134 920 220 984 atque
236 916 383 984 optimates,
403 916 450 986 qni
466 916 540 985 quod
558 915 672 984 primum
687 915 713 967 iu
731 916 842 967 civitate
859 914 945 967 locum
964 915 1098 983 obtinent,
1114 916 1270 985 praecipuis

133 1015 246 1069 qaoque
263 999 412 1052 honoribus
429 1008 512 1069 atque
527 1000 635 1053 iuribus
657 1001 789 1053 fruuntur
804 1000 939 1069 iidemque
961 1008 1028 1052 sunt
1048 999 1198 1069 locupletes
1214 1019 1267 1052 ani-

132 1082 252 1153 piosqna
277 1084 379 1137 fundos
405 1085 565 1154 possident,
591 1085 642 1155 qui
661 1086 867 1154 magistratibus
888 1103 953 1154 prae
975 1085 1092 1138 coeteris
1113 1085 1269 1153 funguntur

132 1167 329 1240 plurimamque
358 1171 398 1222 rei
425 1169 549 1239 publicae
572 1168 803 1222 administrandae
826 1178 930 1239 partem
953 1171 1062 1222 habent.
1106 1170 1167 1221 Nee
1188 1171 1266 1239 qnid-

133 1269 215 1323 qnarn
227 1271 295 1305 aene
313 1254 431 1323 impedit,
448 1256 594 1324 quominus
606 1256 633 1322 ii,
650 1255 698 1327 qui
713 1255 773 1306 olim
797 1262 849 1307 tam
864 1254 1000 1322 insignem
1016 1255 1166 1307 incivitate
1181 1255 1265 1307 locum

134 1337 316 1390 obtinuerunt
342 1339 393 1391 viri
408 1339 596 1405 iuustrissinu,
613 1340 693 1393 iidem
711 1358 821 1410 quoqne
837 1340 1009 1409 praecipuam
1024 1340 1157 1409 oriundam
1173 1346 1265 1391 neero-

132 1440 193 1475 rum
210 1440 300 1476 curam
315 1424 474 1491 habuerint,
501 1425 625 1495 ipsisque
642 1425 803 1481 sacerdotiis
820 1424 955 1493 primariis
974 1425 1062 1477 iniecti
1085 1425 1155 1476 sint:
1178 1441 1266 1494 eoque

134 1509 234 1574 refero,
250 1508 322 1578 quod
340 1525 355 1560 a
372 1508 512 1561 nonnullis
527 1528 577 1579 pro
593 1516 675 1577 gente
691 1508 855 1561 sacerdotali
865 1510 895 1576 ⁴¹)
911 1508 994 1560 habiti
1010 1514 1085 1575 sunt
1103 1526 1173 1578 quae
1187 1527 1265 1561 secra

134 1593 195 1645 olim
210 1593 408 1646 administrarit
422 1595 593 1665 primumque
609 1594 672 1646 inde
688 1595 773 1647 locum
791 1594 817 1646 in
834 1594 946 1646 civitate
961 1594 1092 1647 tenuerit.

135 1726 250 1732 ..ῳ-,μ-
266 1726 327 1733 --ᾳ

202 1790 230 1856 *)
244 1792 285 1842 Of.
300 1792 492 1844 Waehamuth:
512 1793 617 1846 Heiian.
634 1792 829 1845 Alterthumak.
846 1794 868 1843 1.
882 1809 908 1859 p.
921 1793 981 1845 354.
994 1792 1053 1845 356.
1073 1793 1139 1844 Inde
1151 1794 1263 1844 Kortiim

131 1860 150 1911 l.
173 1861 191 1914 l.
216 1857 368 1920 Γελέοντας
386 1864 491 1913 reddit:
515 1851 871 1928 I’rr'erterade1‚“07ripru‹;:
899 1865 1075 1929 Wuffenodel,·
1094 1865 1187 1915 Haase
1206 1864 1224 1918 l.
1247 1864 1263 1914 1.

131 1947 159 1997 p.
174 1931 215 1983 79.
234 1932 364 1983 substitui
376 1933 448 1983 vult:
463 1933 515 1983 den
526 1934 679 1998 kdtaeiplirdeo
695 1936 749 1984 und
762 1936 813 1985 den
827 1935 983 1985 ritterlicden
999 1935 1075 1988 Adel.
