3048 5130
224 393 285 460 252
661 393 924 459 HERODO'PI

223 581 319 657 λους,
347 570 565 643 ἐπεκαλέοντο
584 567 662 651 τούς
673 565 791 650 Ἴωνας
813 573 846 651 ἐς
864 567 983 658 Καλὴν
999 564 1134 659 Ἆκτὴν,
1159 565 1362 656 βουλόμενοι

223 674 345 745 αὐτόθι
359 674 458 745 πόλιν
471 680 581 743 κτίσαι
593 672 724 744 Ἰάνων.
751 669 773 761 ὴ
788 674 824 743 δὲ
839 672 934 763 Καλὴ
955 667 1039 761 αὕτη
1056 669 1154 762 Ἀκτὴ
1175 673 1360 759 καλεομένη

226 786 295 848 ἔστι
314 779 376 867 μἐν
390 782 563 863 Σικελῶν,
588 775 669 865 πρός
689 778 725 847 (λλ
743 785 936 868 Τυρσηνίην
959 777 1166 864 τετραμμένη
1185 782 1242 864 τὴς
1255 783 1360 845 Σικε-

226 891 308 972 λίης.
350 881 479 952 τούτων
501 872 550 950 τόν
578 883 848 969 ἐπικαλεομένων
879 886 914 951 oi
934 884 1059 968 Σάμιοι
1087 884 1206 968 μοῦνοι
1238 874 1363 947 Ἰάνων

177 995 217 1058 23
228 986 428 1074 ἐστάλησαν,
445 983 510 1054 σύν
524 987 564 1054 δέ
574 1006 635 1069 σφι
649 990 830 1073 Μιλησίων
844 989 878 1055 oi
889 982 1143 1072 ἐκπεφευγότες.
1178 978 1233 1050 Ἐν
1249 972 1275 1073 ᾧ
1290 1009 1362 1050 τοι·

226 1090 305 1159 όνδε
326 1090 368 1177 δὴ
385 1117 416 1157 τι
437 1088 614 1178 συνὴνεικε
634 1091 805 1175 γενέσθαι.
845 1089 969 1176 Σάμιοι
999 1085 1064 1175 γάρ
1093 1084 1301 1174 κομιζόμενοι
1329 1087 1364 1163 ἐς

225 1200 388 1282 Σικελίην
405 1195 555 1279 ἐγίνοντο
571 1193 608 1260 ἐν
619 1200 780 1279 Λοκροῖσι
800 1205 885 1261 τοῖσι
902 1189 1179 1278 Ἐπιζεφυρίοισι,
1202 1189 1258 1258 καὶ
1273 1196 1362 1274 Ζαγ-

818 1407 859 1454 υτ,
868 1392 1019 1443 Siculorum
1029 1406 1087 1454 rex,
1100 1394 1132 1441 ut
1147 1388 1269 1456 pluribus
1282 1403 1364 1439 enar-

226 1393 275 1445 sub
288 1396 426 1459 potestate
439 1407 499 1444 earn
511 1392 610 1446 tenuit,
632 1376 710 1442 lianc
719 1406 768 1442 ro-

817 1468 862 1512 rat
873 1462 1010 1513 Diodorus
1024 1460 1132 1512 Siculus
1144 1460 1207 1521 xn,
1220 1458 1245 1508 8.

226 1469 305 1516 catur
319 1463 442 1515 Merrae.
469 1462 531 1515 Vid.
545 1464 680 1511 Mennert.
698 1460 768 1513 Geo-

225 1533 321 1598 graph.
334 1533 379 1584 (ir.
396 1538 423 1583 et
435 1533 467 1581 R.
485 1532 538 1593 IX,
552 1534 578 1582 2.
588 1547 615 1596 p.
629 1532 681 1582 206
696 1546 766 1596 seq.‚

226 1604 370 1667 Forbiger:
385 1600 495 1654 Hundb.
507 1600 532 1652 d.
544 1600 592 1651 alt.
601 1601 699 1666 (ieogr.
710 1600 764 1650 ΙΙΙ.

225 1671 482 1792 tantillitati
491 1670 523 1802 ,ἓξ
531 1672 674 1791 stitit
679 1668 767 1805 ..ῗξῖζ

224 1814 318 1880 Poppo
333 1812 369 1861 ad
380 1809 503 1873 Thucyd.
519 1811 542 1873 Ι,
557 1813 582 1860 2.
601 1826 627 1874 p.
641 1808 689 1860 531
708 1824 765 1874 seq.

227 1887 254 1930 et
264 1896 334 1946 quae
343 1881 377 1930 ad
390 1896 451 1945 cap.
464 1879 681 1943 requireremus.
698 1878 767 1928 Con-

226 1950 280 2000 suli
298 1960 405 2015 quoque
422 1952 549 2013 poterunt
574 1948 607 1998 de
622 1948 672 1998 hac
685 1948 765 1998 urbe:

226 2018 308 2070 Ebot:
339 2020 381 2069 De
405 2016 595 2068 Zanclcnsiuru
619 2018 767 2068 Messenio-

225 2103 337 2153 rumque
353 2087 433 2137 rebus
451 2088 535 2151 gestie
554 2094 582 2137 et
601 2086 766 2138 conditione.

226 2159 380 2222 Regimout.
398 2157 480 2219 1842,
500 2156 532 2206 Ο.
546 2156 588 2208 01.
603 2158 633 2206 B.
650 2156 764 2207 Sieiert:

225 2226 500 2288 Zankle-Messana,
522 2226 567 2277 ein
589 2227 702 2288 Beitrag
718 2240 767 2276 nur

227 2296 390 2347 Geschichts
409 2294 544 2348 Siciliane.
568 2295 668 2345 Altona
689 2295 764 2345 1854.

225 2365 714 2430 NonnullaquioqueaffertFiitterer:
725 2366 766 2416 De

225 2433 767 2501 piurimisThucydidisHerodotiquelo·

225 2508 266 2556 cis
283 2512 334 2556 etc.
352 2504 678 2589 (lisgiopol.1843)pag.
696 2504 736 2553 13.

260 2567 287 2632 ἐς
305 2567 404 2638 Καλὴν
415 2569 526 2638 Αατὴν]
548 2575 567 2623 i.
591 2589 612 2622 e.
628 2573 724 2623 Beuum
737 2575 766 2623 li-

224 2652 273 2697 tus.
303 2644 357 2708 Qui
374 2643 444 2696 idem
466 2643 543 2694 locun
562 2643 645 2693 etiam
658 2649 767 2694 coutra-

224 2719 269 2765 cte
280 2705 577 2777 νοοοοτῑοεΚαλακτὴ,
586 2714 699 2772 Calacte3
712 2712 765 2761 Ro-

226 2785 315 2835 manis
333 2784 465 2834 usitatum
482 2782 663 2844 saiwaima,
677 2787 704 2833 et
717 2782 767 2830 Ca-

225 2855 319 2911 iarliru',
332 2853 448 2915 incolae,
462 2852 535 2917 apud
552 2852 638 2902 Cicer.
653 2853 681 2900 in
687 2851 765 2902 Verr.

224 2922 278 2984 111,
287 2923 328 2973 43.
345 2922 466 2972 Aliorum
482 2921 557 2973 locos
571 2920 764 2971 debitCluver.

225 2991 300 3043 Sicil.
313 2994 406 3057 antiq.
422 2992 458 3047 11,
469 2994 494 3042 4.
506 3007 532 3056 p.
539 2991 588 3041 291
599 3006 677 3056 seqq.
691 2991 766 3054 copi-

853 1523 925 1592 πρός
938 1526 969 1580 δὲ
987 1527 1153 1595 Τυρσηνίην
1164 1553 1199 1565 -
1212 1525 1263 1590 τῆς
1278 1526 1361 1577 Σιιιε-

816 1597 890 1665 λίης]
919 1602 996 1652 Haec
1009 1600 1093 1651 verba
1109 1599 1144 1649 ad
1161 1598 1363 1649 accuratiorem

816 1670 871 1721 loci
883 1670 1093 1736 descriptionem
1116 1667 1213 1718 addita
1231 1682 1292 1717 esee
1309 1682 1363 1732 pu-

817 1746 872 1791 tem
886 1744 992 1805 epatre
1003 1739 1141 1802 historiae,
1155 1739 1203 1804 qui
1217 1752 1272 1786 non
1288 1738 1361 1787 satie

816 1810 914 1860 habuit
930 1809 1067 1869 indicare,
1086 1808 1239 1859 Siculorum
1256 1806 1284 1856 id
1296 1821 1361 1857 csse

817 1880 896 1941 lituu,
910 1878 973 1943 sed,
993 1895 1046 1945 qua
1058 1878 1170 1929 Siciliae
1183 1882 1261 1942 parte
1274 1892 1361 1927 orave

815 1950 884 1999 haec
897 1948 973 2014 regio
985 1949 1081 2015 quaeri
1094 1947 1192 1998 debeat
1202 1945 1246 2011 (ea
1257 1946 1315 1997 scil.
1329 1945 1361 1995 in

816 2019 927 2070 Siciliae
940 2033 1005 2078 ora,
1025 2032 1095 2083 quas
1110 2016 1258 2083 Tyrrhenis
1273 2031 1362 2082 oppo-

817 2089 873 2140 sita
891 2087 959 2151 est),
984 2088 1011 2138 id
1033 2090 1115 2139 etiam
1139 2085 1241 2137 addere
1261 2085 1363 2136 voluit.

817 2160 904 2221 Quem
916 2157 1011 2207 horum
1021 2158 1164 2208 verborum
1177 2170 1286 2207 sensum
1299 2170 1365 2205 seue

817 2228 885 2279 benc
904 2227 974 2277 vidit
991 2228 1120 2278 Larcher.
1141 2228 1168 2276 in
1187 2230 1257 2276 nott.
1278 2225 1312 2275 ad
1334 2225 1362 2286 1,

817 2298 868 2358 84,
891 2297 995 2348 Gallice
1013 2297 1053 2347 ita
1071 2300 1268 2360 interpretanst
1291 2300 1364 2354 „cet

817 2366 934 2427 endroit,
947 2367 1044 2431 appele
1056 2365 1178 2427 Calacte,
1192 2370 1234 2415 est
1244 2365 1260 2413 i
1272 2363 1299 2414 la
1313 2363 1364 2415 νέ-

817 2435 870 2486 ritd
884 2436 921 2487 du
936 2452 1006 2502 pays
1020 2437 1067 2488 dee
1081 2437 1222 2497 Sicilieua,
1243 2435 1311 2484 mais
1324 2434 1364 2485 de

817 2512 889 2557 cette
901 2509 988 2572 partie
997 2505 1029 2556 de
1038 2506 1066 2556 la
1076 2506 1169 2558 Sicilie
1179 2505 1224 2571 qni
1235 2509 1276 2554 est
1285 2509 1363 2554 tour-

817 2575 866 2627 nde
884 2591 945 2626 vers
961 2575 989 2625 la
1003 2575 1184 2641 Tyrrhdnie.“
1207 2574 1293 2624 Paulo
1309 2573 1366 2623 ali-

817 2652 859 2696 ter
872 2646 1022 2709 genitivum
1036 2642 1087 2710 τῆς
1097 2641 1228 2708 Σικελίης
1240 2643 1365 2706 explicat

816 2716 944 2766 Kuehuer
957 2715 1002 2766 Gr.
1018 2715 1063 2764 Gr.
1082 2718 1106 2777 ξ.
1124 2715 1192 2776 512,
1211 2716 1252 2764 εἰσ
1269 2713 1363 2763 locum

816 2785 949 2836 reddens:
966 2793 1024 2845 „esi
1029 2783 1131 2834 Siciliae
1141 2793 1238 2835 tructus
1250 2782 1365 2845 Tyrrhe-

816 2856 874 2904 κίοι
891 2855 1013 2905 obuersus
1033 2871 1049 2904 u
1070 2854 1158 2905 Sicilia
1181 2851 1239 2918 (oon
1258 2852 1365 2904 Sicilien

816 2923 907 2988 aas).“
924 2925 1080 2988 Emargine
1095 2923 1164 2974 male
1176 2924 1295 2973 intrusae
1310 2939 1366 2973 vo-

816 3009 861 3043 ces
893 2995 943 3058 τῆς
959 2991 1091 3056 Σικελίης
1112 2992 1196 3044 habet
1214 2992 1307 3044 Osann
1330 2992 1365 3041 in

225 3075 272 3110 ose
285 3061 318 3110 de
332 3060 384 3110 hoc
399 3061 498 3125 oppido
516 3059 676 3125 disputans,
692 3058 764 3124 quod
816 3064 979 3114 Commentt.
1001 3064 1128 3113 seminar.
1150 3062 1242 3128 philol.
1267 3062 1363 3114 Gicss.

223 3145 307 3195 prope
319 3134 440 3180 veterum
447 3130 577 3179 Halesum
588 3144 620 3179 eo
632 3129 688 3179 fere
704 3128 765 3179 loco
815 3133 852 3183 11.
867 3149 928 3198 pag.
944 3132 976 3196 o,
994 3132 1067 3197 quod
1087 3137 1161 3184 certe
1178 3134 1272 3197 aptius
1283 3132 1364 3182 vide-

225 3200 363 3250 exstitiese
378 3198 506 3249 credibile
520 3204 570 3262 est,
583 3214 635 3264 quo
648 3214 718 3248 nunc
730 3199 765 3248 ad
817 3207 876 3259 tur,
892 3218 972 3268 quam
988 3218 1049 3252 curn
1061 3203 1174 3253 Pauwio
1186 3218 1235 3267 pro
1248 3198 1297 3265 τῆς
1309 3200 1364 3250 Σι-

224 3268 319 3321 aedem
333 3268 523 3320 Annunciatae
541 3268 616 3318 circa
629 3267 764 3318 Caroniae
815 3269 911 3335 κελίης
928 3272 1079 3323 rescribere
1099 3268 1150 3336 τὴς
1169 3263 1303 3334 Ἰταλίης,
1327 3276 1365 3321 ut

223 3338 304 3388 litora
323 3338 411 3389 adhuc
435 3337 536 3388 multae
554 3338 646 3388 iacent
669 3337 765 3387 ruinae
815 3342 967 3407 Tyrrhenia
980 3341 1159 3407 intelligatur,
1174 3357 1238 3406 pars
1250 3339 1364 3393 italiae.

222 3423 270 3473 per
283 3423 363 3473 agros
378 3423 410 3458 ac
424 3408 519 3459 vinens
534 3422 655 3474 sparsae.
676 3406 765 3471 Atque
815 3412 899 3474 Nam,
916 3416 946 3462 ut
963 3412 1032 3462 bene
1045 3415 1135 3462 monet
1147 3411 1264 3462 Bredov.
1279 3411 1362 3475 spec.

223 3481 294 3528 teste
306 3477 434 3527 Cluverio
447 3477 465 3527 Ι.
478 3476 496 3530 l.
513 3478 573 3542 ipsa
587 3476 763 3527 Ueroniensis
814 3480 962 3545 Urannlog.
983 3481 1085 3532 Herod.
1106 3497 1133 3544 p.
1152 3481 1256 3545 XXIV,
1275 3480 1364 3531 ltalia

223 3546 313 3597 litoris
331 3546 467 3597 excellens
487 3547 640 3597 amoenitas
660 3562 692 3596 ac
708 3544 766 3609 pul·
815 3552 877 3614 ipsa
889 3551 934 3615 (de
947 3566 1000 3616 quo
1009 3552 1116 3601 nomine
1131 3552 1167 3602 ci.
1181 3555 1250 3600 nott.
1262 3549 1297 3600 ad
1308 3550 1362 3613 IV,

223 3617 350 3667 chritudo
368 3616 499 3667 Calacten
523 3616 575 3666 hoc
601 3618 656 3666 situ
679 3615 765 3666 inisse
818 3620 861 3683 15)
876 3621 904 3670 in
916 3619 1067 3685 Tyrrhenia
1082 3621 1173 3684 potine
1193 3619 1362 3685 quaerenda,

223 3687 332 3736 clamat.
351 3685 419 3737 Add.
428 3688 562 3739 Mannert.
575 3686 673 3749 Geogr.
684 3684 730 3735 Gr.
738 3689 766 3735 et
816 3705 877 3739 cum
891 3690 954 3741 olim
968 3706 1046 3741 omne
1064 3690 1129 3739 litos
1144 3690 1178 3739 ab
1191 3689 1304 3754 Alpibus
1319 3691 1363 3738 in·

223 3758 300 3806 Rom.
312 3757 393 3819 1x‚2.
403 3772 429 3821 p.
442 3756 494 3807 409
504 3756 712 3820 aeq.‚Forbiger
721 3753 764 3805 ί.Ι.
816 3759 849 3808 de
860 3775 946 3825 usque
958 3759 991 3809 ad
1002 3762 1100 3810 fretum
1112 3758 1234 3810 Siculum
1242 3759 1363 3823 Tyrrhe-

223 3842 249 3890 p.
258 3825 317 3875 808.
333 3827 397 3875 Mox
409 3841 470 3875 cum
478 3824 628 3890 Schweigh.
642 3823 764 3877 etGaiei.
817 3829 845 3878 ni
860 3830 997 3880 tenuerint
1017 3830 1137 3895 marique
1154 3828 1294 3879 ediscenti
1311 3845 1362 3878 no-

223 3895 352 3945 rerocavi
370 3899 490 3945 veterem
509 3893 667 3956 lectionem,
685 3908 766 3959 quam
816 3914 877 3948 rnen
891 3899 1023 3950 dederint.
1046 3926 1079 3933 -
1097 3890 1205 3948 τούτων
1228 3898 1290 3948 dedi
1308 3913 1361 3963 pro

223 3965 336 4016 eandem
354 3969 467 4014 recontt.
485 3980 592 4029 quoque
611 3964 672 4018 cdd.
691 3978 766 4014 rece·
816 3969 949 4019 τουτέων.

224 4038 335 4099 parunt:
354 4024 372 4098 ὴ
389 4025 420 4082 di
434 4029 513 4098 Καλὴ
526 4025 600 4097 αὕτη
611 4025 686 4097 Ἀκτὴ
699 4047 724 4080 α.
738 4047 764 4085 τ.

223 4103 246 4154 λ.
268 4103 459 4165 aSchaeiero‚
475 4119 553 4169 quern
568 4103 702 4154 Matthiae
722 4118 764 4152 se·
990 4139 1047 4190 cst
1074 4139 1169 4190 xxm

224 4174 332 4239 quitur,
352 4175 391 4223 ita
410 4174 580 4223 immutatam
602 4174 682 4224 unius
697 4173 763 4222 San·
1051 4182 1057 4193 ·
1172 4175 1179 4188 ”

223 4244 304 4296 croiti
323 4243 383 4292 cod.
396 4244 578 4294 auctoritate:
604 4234 622 4306 ὴ
637 4236 668 4291 δὲ
684 4237 764 4306 Καλὴ
851 4232 978 4304 ἐγίνοντο
995 4234 1024 4291 ἐν
1040 4243 1175 4306 Λοκροῖσι
1195 4242 1269 4290 τοῖσι
1279 4230 1359 4291 Ἐπι-

219 4305 297 4377 Ἀκτὴ
315 4301 386 4377 αὕτη
406 4327 472 4364 m.
490 4312 513 4363 λ.
547 4313 764 4363 Hancverour-
814 4308 984 4375 ζεφυρίοισι]
1021 4303 1148 4376 ἐγίνοντο
1162 4327 1211 4377 pro
1225 4302 1358 4375 ἐγένοντο

223 4383 298 4444 bem,
319 4398 390 4447 quae
403 4385 473 4433 teste
484 4382 625 4432 Herodoto
642 4375 698 4431 ἔστι
713 4372 764 4443 μέυ
815 4381 904 4446 (qaod
917 4381 1025 4432 Schaei.
1043 4388 1070 4431 et
1082 4381 1180 4432 Mutth.
1196 4381 1359 4445 tenuerunt)

225 4449 365 4515 Σικελῶν,
382 4451 538 4503 condidisse
556 4452 641 4501 fertur
652 4451 764 4501 Duceti·
816 4450 877 4500 dedi
891 4466 951 4501 cnm
965 4451 1125 4517 Schweigh„
1139 4450 1227 4505 Gaisi.
1243 4457 1271 4502 et
1283 4466 1356 4502 racc.
