2916 5130
223 359 310 421 ’174Ἰ
660 364 932 427 HERODO'PI

213 535 390 626 Ἕλληνες,
412 545 471 608 καί
481 561 599 627 σφεων
614 543 780 628 ἐσχίζοντο
793 545 831 609 ci
841 546 983 629 γνῶμαι.
1016 546 1050 608 ol
1061 539 1124 628 μέν
1138 536 1205 628 γάρ
1219 536 1286 608 οὐκ
1300 546 1369 609 ε’ων

224 642 286 730 τὴν
299 642 393 726 τάξιν
408 645 576 728 ἐκλιπεῖν,
598 649 631 714 ol
650 646 686 714 δὲ
709 642 911 715 άντέτεινον.
945 642 1028 732 μετά
1048 644 1086 714 δὲ
1108 650 1207 713 τοῦτο
1231 649 1369 729 διακρι-

227 749 345 827 δέντες
365 750 399 814 ol
416 747 480 834 ple
499 745 750 818 ἀπαλλάσσοντο
769 751 825 818 καλ
847 751 1149 828 διασκεδασθέντες
1164 745 1249 817 κατά
1270 748 1371 829 πόλις

229 855 360 921 ἕκαστοι
381 851 579 937 ἐτράποντο,
610 857 644 920 ol
662 852 700 922 δὲ
721 849 834 922 αὐτῶν
856 850 924 940 ἅμα
944 857 1100 940 Λεωνίδῃ
1119 854 1238 939 μέυειν
1260 849 1372 922 αὐτοῦ

159 956 515 1042 λλθπαρασκενάδατο.
551 956 691 1042 Λέγεται
707 956 755 1041 δὲ,
774 951 818 1036 ῶς
831 955 930 1037 αὐτός
949 977 1055 1043 σφεας
1069 953 1247 1042 ἀπέπεμψε
1263 966 1412 1030 Aeaee

227 1064 341 1145 νίδης,
361 1056 406 1146 μὴ
428 1056 635 1143 άπόλωνται,
657 1058 856 1148 κηδόμενος·
889 1056 981 1152 αὐτῷ
996 1059 1104 1128 δὲκαὶ
1119 1062 1369 1147 Σπαρτιητέων

227 1178 312 1231 τοῖσι
327 1168 489 1245 παρεοῦσι
503 1158 565 1231 οὐκ
580 1169 669 1251 ἔχειν
684 1161 876 1252 εὐπρεπέως
889 1166 1040 1233 ἐκλιπεῖν
1052 1160 1114 1250 τὴν
1124 1162 1238 1246 τάξιν,
1256 1167 1294 1243 ἐς
1308 1162 1369 1251 τὴν

228 1259 336 1355 ἦλθον
361 1266 566 1353 φυλάξοντες
596 1265 712 1356 άρχὴν.
763 1264 873 1355 Ταότη
904 1268 1111 1354 καὶμᾶλλον
1140 1265 1203 1354 τὴν
1226 1267 1370 1354 γνώμην

229 1370 382 1449 πλεῖστός
400 1375 485 1458 είμι,
501 1376 695 1458 Λεωνίδην,
711 1374 787 1441 ἐπεί
798 1399 832 1439 τε
846 1368 971 1461 ᾔσθετο
985 1366 1063 1450 τοὺς
1080 1369 1282 1459 συμμάχους
1297 1372 1365 1441 ἐόν·

229 1580 286 1629 dor.
304 1577 359 1639 xl,
377 1575 407 1637 8,
432 1578 477 1642 qui
500 1594 572 1626 unum
595 1577 673 1630 modo
692 1581 770 1630 norit
820 1580 896 1641 Quae
911 1579 994 1628 rerba
1011 1591 1077 1629 vere
1094 1575 1170 1625 dicta
1185 1590 1250 1626 esee
1272 1577 1367 1627 aLeo

230 1647 410 1711 transfugam.
449 1647 490 1697 Ad
521 1641 551 1695 ot
577 1640 769 1711 ἡμεροσκόποι
821 1648 885 1698 uida
909 1649 1026 1711 probare
1048 1645 1141 1696 studet
1164 1645 1224 1695 Iac.
1253 1646 1367 1697 Grimrn.

229 1719 284 1769 vid.
303 1724 373 1767 nott.
390 1718 425 1767 ad
442 1718 509 1776 Vll,
529 1718 576 1767 182
592 1726 619 1769 et
639 1720 673 1768 ad
686 1721 770 1771 verba
820 1716 888 1783 (rid.
903 1720 935 1767 Δ.
950 1716 1084 1767 Schmidt:
1106 1714 1272 1766 zeitschrift
1284 1717 1307 1767 f.
1320 1718 1369 1767 Ge·

230 1779 441 1851 διαφαινούσης
456 1779 561 1851 ἡμέρης
578 1795 648 1841 nott.
660 1790 695 1840 ad
708 1789 770 1853 Vll,
821 1787 1014 1839 schielrtawiaa.
1037 1787 1103 1838 1845
1128 1800 1152 1838 s.
1171 1784 1233 1847 111,
1253 1787 1283 1836 4.
1307 1802 1366 1852 pag.

226 1858 289 1909 ⁴217.
820 1859 873 1908 34⁸
883 1856 971 1922 seqq.)
985 1854 1119 1905 aimilibua
1129 1854 1301 1919 quibusdam
1311 1872 1370 1907 aen·

264 1925 315 1975 καί
333 1939 428 1990 σφεων
447 1915 588 1991 ἐσχίζοντο
602 1918 635 1974 αι’
649 1922 768 1994 γνῶμαι]
822 1930 905 1978 tentia
918 1927 1011 1976 allatis
1020 1942 1052 1975 cx
1064 1925 1233 1989 antiquitate
1244 1928 1369 1990 gentium

231 1999 246 2046 i.
263 2014 286 2047 e.
300 1998 396 2048 δι’νὲιαι
413 2005 487 2048 erant
502 2000 611 2056 iptorum
622 2001 769 2047 sententiae.
821 1998 1056 2049 Germanicarum.

230 2068 319 2131 Supra
340 2068 393 2125 Vl,
419 2068 480 2117 109:
507 2058 635 2128 ἐγίνοντο
654 2063 720 2130 δίχα
740 2061 773 2115 ul
851 2057 903 2114 οάιι
914 2056 1159 2128 ἐχεινεόπρεπὲως
1171 2052 1306 2112 ἐκλιπεῖν
1317 2061 1369 2127 τήν

230 2134 348 2201 γνῶμαι.
374 2136 405 2184 ln
419 2152 492 2201 seqq.
506 2128 703 2199 διακριθέντες
714 2137 773 2186 vul·
821 2131 904 2196 τάξιν
921 2151 947 2183 ιι.
964 2151 988 2184 τ.
1006 2133 1043 2200 L]
1064 2132 1107 2183 lta
1130 2133 1233 2182 Noster
1256 2134 1368 2199 scripsit

230 2223 264 2271 go
280 2206 396 2256 reddunt
413 2207 575 2265 dissidentem
595 2206 685 2255 malim
698 2207 772 2271 equi·
821 2206 1014 2258 convenienter
1034 2207 1083 2267 iis,
1107 2217 1178 2267 quae
1196 2218 1288 2268 supra
1309 2206 1368 2265 Vll,

231 2277 289 2327 dem
304 2292 364 2325 cunr
378 2274 531 2339 Schweigh.
546 2277 652 2326 inLex.
668 2275 770 2330 Herod.
825 2278 872 2327 tot
896 2276 1066 2339 eloquentem
1091 2273 1160 2321 lacit
1184 2272 1368 2347 Demaratum

231 2346 253 2395 1.
267 2362 292 2408 p.
310 2347 356 2395 157
370 2345 495 2396 reddere:
515 2346 623 2409 dipresai
633 2364 647 2395 ι
659 2348 772 2407 coneilio,
822 2348 1017 2406 Spartanorum
1031 2344 1173 2392 instituta:
1194 2339 1326 2407 ,,ανω’χει
1340 2340 1369 2392 δὲ

230 2418 310 2465 soluto
328 2419 446 2477 concilio,
468 2422 499 2464 ut
516 2416 599 2475 Vlll.
616 2417 646 2467 te
665 2414 774 2478 διακρι-
822 2411 849 2477 (d
865 2408 965 2478 νόμος)
980 2428 1067 2463 τωυτο
1079 2405 1132 2460 αίει
1143 2425 1219 2489 „ova
1232 2404 1292 2460 ἐωτ
1304 2406 1368 2476 φιά-

231 2477 372 2541 δίντεςέκ
386 2482 436 2548 της
450 2482 622 2548 ναυμαχίης,
639 2486 772 2549 dipresrie
822 2500 881 2551 γειν
901 2476 986 2532 οὐδὲν
1006 2480 1117 2545 πλῆθος
1141 2476 1319 2542 ανθρώπων
1343 2477 1370 2532 ἐκ

229 2572 315 2621 puppa
330 2557 422 2605 ιιιινοίί.
455 2554 497 2604 Ol.
512 2555 625 2605 eundem
639 2555 774 2621 Schweig-
823 2542 1373 2619 μάχης,άλλάμένονταςε’ντῇτάξιέπτ·

231 2626 326 2677 haeua.
342 2626 376 2674 ad
390 2624 485 2688 Polyb.
501 2625 626 2686 1.‚2e‚u.
655 2626 771 2689 Appiae.
823 2615 1219 2686 κρατέεινῆάπόλλυσθαι.“
1259 2623 1368 2689 Exque

232 2697 262 2744 B⁴
276 2696 329 2744 civ.
343 2698 372 2751 Ι,
393 2696 428 2745 ΙΙΙ)
441 2694 485 2743 fin.
501 2695 553 2749 lv,
567 2694 601 2744 62
615 2696 652 2744 in.
667 2723 701 2734 -
720 2695 773 2744 Pro
823 2697 883 2759 ipao
898 2696 967 2743 satis
980 2692 1131 2757 explicatur
1145 2691 1294 2743 Leonidae
1308 2709 1368 2744 eon·

232 2756 341 2813 αδτέων
357 2766 384 2815 in
399 2763 451 2814 fine
464 2780 524 2829 cap.
542 2763 605 2814 dedi
619 2755 722 2812 αὐτῶν.
823 2763 930 2814 silium:
961 2763 1008 2826 qui
1025 2776 1164 2811 remanere
1185 2761 1294 2812 maluit
1318 2779 1368 2814 car·

823 2840 879 2884 tam
892 2837 1003 2882 mortem
1018 2831 1091 2881 haud
1107 2831 1271 2881 detrectana
1287 2848 1366 2899 eoque

412 2935 468 2985 CM,
498 2935 591 2985 CCXX
824 2903 959 2968 egregium
969 2900 1360 2969 caeteriaGraeciseaernplmr

473 2975 477 2986 '
595 2971 601 2984 '
822 2973 955 3039 praebens
977 2971 1071 3021 mertis
1087 2986 1135 3034 pro
1149 2973 1267 3034 patriae
1285 2974 1357 3023 aahle

268 3025 346 3099 αάτῷ
357 3027 388 3083 dl
398 3035 445 3087 καὶ
459 3034 661 3101 Σπαρτιητέων
671 3036 772 3103 tta-L]
824 3042 979 3093 obeundae:
1005 3038 1077 3106 qnod
1099 3040 1206 3089 lacinus
1229 3044 1359 3108 egregiae

232 3107 310 3155 Haec
324 3106 407 3155 verbo
423 3110 542 3172 pendent
556 3109 591 3159 ab
607 3109 706 3157 omisso
728 3122 774 3156 vo·
824 3114 896 3163 omui
917 3111 997 3161 laude
1019 3116 1103 3174 atque
1125 3110 1317 3163 admiratione
1332 3112 1363 3159 di

233 3173 319 3246 μίζων
333 3190 355 3226 a.
370 3169 442 3239 φάς,
464 3178 536 3244 quod
554 3194 585 3227 ex
600 3179 774 3228 antecedenti
823 3198 904 3247 gnum
920 3181 992 3231 haud
1005 3195 1134 3231 revocare
1146 3179 1244 3229 licebit
1258 3183 1297 3231 ad
1316 3180 1365 3230 rul-

234 3242 488 3308 κηδομενοςιοεοιο
499 3249 600 3299 assumi
610 3247 697 3297 debet.
712 3248 773 3298 Vrd.
823 3267 914 3317 garcia
928 3250 1062 3316 quandam
1081 3251 1147 3300 artis
1161 3249 1294 3302 militaria
1313 3267 1367 3315 pru·

233 3315 360 3365 Kuehner
376 3316 422 3366 Gr.
437 3318 481 3367 Gr.
496 3322 521 3381 §-
535 3320 595 3368 tl-ll.
610 3324 665 3367 not.
682 3319 705 3368 l.
731 3319 774 3368 De
824 3322 959 3381 dentiam,
980 3336 1033 3385 qua
1046 3319 1298 3370 ductuaLeonidaa
1309 3322 1367 3371 Per·

233 3391 394 3449 argnmente
408 3386 462 3436 loci
477 3387 549 3441 conl.
566 3389 648 3437 etiam
660 3388 772 3437 Diodor.
824 3393 934 3441 alaeam
951 3390 985 3441 oh
999 3405 1111 3439 eausam
1126 3392 1280 3451 restiterit,
1299 3390 1365 3455 qnod

233 3456 772 3517 Xl‚ll.luatin.11‚llcoll.0ros.ll,ll:
823 3462 936 3513 Graecia
972 3458 1175 3510 discedentibus
1215 3459 1365 3509 faciliorem

234 3542 304 3590 quae
318 3525 584 3580 ettulitValekenar.
606 3528 645 3577 Ac
657 3529 776 3592 pertinet
824 3530 951 3596 praebere
967 3529 1082 3580 voluerit
1100 3544 1253 3591 receaaum,
1277 3530 1363 3579 Persis

234 3594 301 3651 huo.
320 3596 391 3660 quod
406 3597 507 3647 dixisse
521 3598 612 3647 lerunt
624 3597 773 3647 Leonidam
824 3601 1030 3651 succedentibus
1048 3597 1231 3649 difficiliorem
1259 3606 1289 3650 et
1312 3608 1363 3648 tar-

234 3666 385 3730 Spartauoa
406 3667 610 3718 adhortantem:
642 3669 774 3731 „Pergite
824 3668 1362 3725 dioremaccesaum;conf.Rueaterrct

235 3738 326 3785 animo
344 3737 424 3799 forti,
445 3738 670 3796 Lacedaemonii,
694 3738 774 3786 hodie
824 3739 960 3802 Koechly:
980 3738 1145 3789 Geachichte
1161 3738 1186 3788 d.
1200 3738 1361 3803 griechiseh.

235 3805 306 3869 apud
322 3804 424 3858 inleroa
438 3806 556 3858 tortasse
570 3807 774 3865 coenabimua,“
825 3812 1024 3875 Kriegsweaens
1046 3824 1109 3873 pag.
1122 3809 1153 3858 til
1174 3823 1233 3872 aeq.
1249 3813 1277 3858 et
1296 3822 1362 3873 qnae

235 3881 267 3925 ut
284 3874 373 3927 reddit
391 3876 486 3928 Cicero
500 3879 598 3927 Tusce.
617 3877 708 3939 1‚4·2,
727 3877 774 3926 ubi
825 3889 921 3929 contra
939 3878 1010 3929 hauc
1026 3881 1189 3928 sententiam
1212 3877 1287 3927 haud
1308 3878 1361 3928 acio

236 3946 289 3995 iam
313 3946 444 4003 Davisius
471 3947 584 3998 alierum
610 3948 774 4012 scriptorum
825 3954 946 3999 anrecte
958 3947 1232 3999 monueritViacher:
1251 3948 1361 3997 Erinne-

235 4015 329 4065 attulit
343 4014 417 4064 locos
432 4015 502 4068 idem
514 4019 688 4079 testantium,
710 4018 775 4067 Dio·
824 4034 928 4083 rungen
947 4034 996 4068 aus
1011 4016 1211 4068 Griechenland
1232 4032 1297 4082 pag.
1314 4018 1359 4067 ott

236 4086 296 4135 dori
310 4085 327 4137 l.
340 4084 369 4143 l..
386 4086 525 4136 Plutarchi
537 4087 774 4151 (Apophthegmm.
825 4104 881 4153 seq.
919 4087 1137 4139 Delineationem
1158 4101 1309 4151 pugnarum
1329 4085 1359 4136 ad

236 4156 318 4204 Laoc.
334 4170 396 4219 pag.
411 4157 585 4219 2251).,ubt
598 4157 635 4207 cl.
647 4154 774 4220 ll'ytten-
825 4157 1021 4223 Thermopylas
1050 4158 1255 4208 commissarum
1288 4155 1360 4207 dede·

236 4224 315 4275 bach.
336 4226 540 4279 Animadversa.
567 4242 630 4293 pag.
656 4226 721 4277 llll?
747 4232 775 4278 et
826 4234 889 4278 runt
901 4229 1031 4277 Ruaatow
1044 4233 1071 4277 et
1085 4226 1206 4291 Koechly
1219 4225 1237 4274 l.
1247 4226 1264 4278 Ι.
1275 4226 1356 4275 tant.

235 4294 291 4346 vid.
308 4308 414 4357 quoque
433 4297 545 4345 eundem
558 4297 731 4348 Plutarchum
747 4312 774 4360 p.
863 4290 959 4362 Ταάτη
983 4291 1031 4346 καί
1052 4294 1157 4360 μᾶλλον
1173 4288 1228 4358 τὴν
1250 4289 1357 4359 γνώμην

235 4362 345 4423 ἔλθθῐλ),
363 4363 466 4413 Valerii
479 4366 590 4414 Maximi
604 4366 673 4429 (ΙΙΙ,
689 4371 704 4416 '2
720 4373 774 4417 eat.
826 4359 957 4423 πλεῖστός
973 4359 1040 4430 sipi]
1061 4368 1138 4417 Haec
1157 4364 1273 4429 locutio,
1295 4378 1357 4429 quae

235 4430 273 4493 3),
284 4432 405 4482 Senecae
416 4432 516 4499 (Epist.
529 4433 584 4497 82),
596 4436 687 4486 Oresti
697 4436 717 4500 (l
734 4437 775 4501 1.).
826 4438 941 4487 docente
953 4436 1082 4488 Valcken.
1103 4437 1175 4488 idem
1193 4435 1266 4486 valet
1281 4442 1356 4500 atque
