2998 5138
232 390 273 455 54
667 388 934 453 HERODO'I'I

231 568 311 638 όνδε
325 574 531 656 συνηνείχθη
545 568 717 656 γενέσθαι.
738 564 925 656 περιεόντος
934 563 1144 654 Μεγαβάτεω
1158 562 1216 645 τάς
1230 564 1282 634 ἐπὶ
1294 567 1356 633 τοῖν

232 678 321 744 νεῶν
340 670 493 760 φυλακάς
513 673 567 741 ἐπὶ
581 669 655 751 νεὸς
669 676 829 759 Μυνδίης
850 679 944 759 ἔτυχε
958 667 1070 749 οὐδεὶς
1084 668 1275 759 φυλάσσων.
1294 664 1311 737 δ
1325 668 1357 739 δὲ

235 776 348 848 δεινόν
367 805 398 845 τι
420 775 640 865 ποιησάμενος
661 778 813 845 ἐκέλευσε
840 773 917 855 τοὺς
937 772 1147 862 δορυφόρους
1175 771 1358 862 ἐξευρόντας

234 879 293 951 τόν
306 879 450 968 ἄρχοντα
464 880 584 969 ταύτης
598 884 654 968 τής
669 878 754 965 νεὸς,
768 883 816 972 τῷ
829 878 955 969 οὕνομα
969 869 1291 968 ήνΣκόλαξ,τοῦτσν
1304 880 1357 965 δή·

234 1008 289 1056 σαι
306 983 361 1054 διά
375 992 542 1073 θαλαμίης
554 983 725 1065 διελόντας
739 989 795 1071 τῆς
808 982 883 1064 νεὸς
896 981 979 1053 κατά
993 988 1102 1069 τοῦτο,
1114 986 1175 1066 ἐξω
1190 982 1252 1072 μὲν
1264 1009 1358 1070 κεφα-
1471 1056 1472 1069 ῃ

236 1087 297 1178 λήν
319 1093 515 1175 ποιεῦντας,
542 1096 607 1159 ἔσω
627 1087 663 1157 δέ
684 1086 720 1156 τό
741 1094 844 1178 σῶμα.
880 1091 1037 1167 δεθέντος
1058 1087 1094 1156 δὲ
1115 1091 1176 1156 τοῦ
1196 1086 1360 1165 Σκύλακος
1471 1076 1472 1157 i

236 1196 423 1282 ἐξαγγέλλει
438 1220 487 1271 τις
500 1195 547 1283 τῷ
562 1190 795 1283 Ἀρισταγόρῃ,
818 1188 868 1260 ὅτι
882 1188 943 1261 τδν
963 1189 1074 1274 ξεῖνόν
1086 1196 1121 1260 ολ
1138 1187 1197 1260 τόν
1210 1190 1361 1259 Μύνδιον

235 1295 439 1386 Μεγαβάτης
457 1294 558 1384 δήσας
572 1304 774 1384 λυμαίνοιτο.
794 1291 811 1365 ό
829 1292 860 1365 δ’
874 1293 987 1365 ἐλθόν
999 1297 1195 1383 παραιτέετο
1209 1292 1268 1364 τὸν
1281 1296 1361 1382 Πὲρ-
1471 1350 1472 1379 ῃ

236 1424 310 1488 σην,
325 1400 501 1488 τυγχάνων
516 1401 552 1471 δὲ
566 1396 705 1480 οόδενός
719 1406 787 1469 τῶν
805 1402 925 1485 ἐδέετο,
940 1396 1039 1479 αὐτὸς
1053 1395 1165 1469 ἐλθών
1181 1406 1286 1469 ἔλυσε.
1305 1424 1361 1466 πυ·
1471 1388 1472 1393 ¹

235 1503 380 1592 θόμενος
394 1504 431 1573 δὲ
452 1502 556 1591 κάρτα
573 1501 687 1573 δεινόν
706 1502 882 1591 ἐποιήσατο
901 1499 919 1571 ό
935 1502 1158 1591 Μεγαβάτης,
1179 1504 1234 1572 καὶ
1255 1505 1362 1588 ἐσπέρ·
1471 1512 1472 1577 λ

236 1635 311 1696 xero
332 1611 380 1700 τῷ
398 1603 622 1697 Ἀρισταγόρῃ.
662 1603 680 1675 δ
710 1606 746 1677 δὲ
773 1607 862 1676 εἷπε·
889 1609 954 1676 Σοὶ
981 1606 1018 1676 δέ
1037 1607 1094 1676 καὶ
1114 1604 1260 1676 τούτοισι
1287 1621 1363 1675 τοῖσι
1471 1586 1472 1675 δ

236 1711 405 1802 πρήγμασι
419 1718 453 1781 τί
465 1715 549 1793 ἐστι;
564 1708 606 1781 οὔ
619 1732 656 1780 σε
671 1707 1071 1799 άτιέστειλεἈρταφέρνης
1085 1712 1160 1798 ἐμέο
1170 1720 1355 1794 πείθεσθαι,
1363 1716 1405 1771 3⁸8
1471 1746 1472 1749 “

237 1817 294 1885 καὶ
307 1820 421 1886 πλέειν
435 1819 478 1904 τῇ
491 1811 534 1901 άν
548 1811 613 1903 ἐγώ
628 1812 771 1895 ericum
799 1822 834 1883 τί
850 1813 956 1883 πολλά
970 1813 1143 1904 πρήσσεις;
1176 1819 1287 1883 Ταῦτα
1301 1812 1365 1883 εἷπε
1471 1888 1472 1913 ῃ

272 2010 335 2070 ddi
350 2010 449 2071 δεινόν
467 2035 494 2069 τι
508 2013 701 2083 ποιησάμενος
723 2011 777 2068 ἐκέ·
829 2009 912 2082 άστε,
937 2021 1125 2086 exspectabas.
1143 2049 1178 2062 -
1203 2020 1245 2070 Ad
1262 2020 1365 2072 verbum
1471 2052 1472 2089 ῃ

225 2089 328 2157 .λευσε]
348 2090 481 2142 Voculam
492 2104 532 2151 τι,
552 2105 631 2157 quam
644 2105 735 2140 omnes
746 2087 778 2138 li·
828 2088 994 2154 παραιτέετο
1012 2091 1086 2146 coni.
1101 2096 1171 2145 nott.
1187 2092 1222 2141 ad
1239 2091 1294 2151 111,
1312 2089 1364 2143 132.

236 2161 278 2211 bri
296 2161 394 2225 scripti
407 2161 541 2222 retinent,
567 2159 669 2210 delevit
681 2158 780 2209 Schae·
829 2163 871 2211 Ex
892 2161 943 2211 hoc
959 2161 1020 2212 loco
1035 2161 1126 2214 Schol.
1140 2161 1366 2227 Aristoph.Vesp.
1471 2180 1472 2207 r

238 2230 326 2293 ierus,
343 2232 389 2281 cui
401 2244 530 2281 assenms
540 2234 582 2280 est
591 2230 684 2280 Naber
694 2227 780 2293 (Mne
833 2230 899 2282 1249
913 2234 941 2282 et
954 2232 1054 2283 suidas
1067 2246 1088 2282 s.
1100 2249 1128 2284 υ.
1146 2232 1298 2297 παρῃτεῖτο
1311 2245 1367 2297 pro·
1471 2270 1472 2273 ,

238 2315 342 2364 mosyn.
359 2302 407 2355 IV.
424 2317 450 2366 p.
466 2298 528 2364 22),
542 2299 590 2351 sed
604 2299 701 2351 merito
715 2301 779 2348 reti·
832 2301 968 2363 tulerunt,
990 2301 1062 2367 qnod
1077 2317 1145 2353 cave
1159 2303 1293 2368 recipias:
1316 2299 1366 2352 rid.
1471 2300 1472 2313 ³

238 2375 356 2421 nuernnt
376 2371 478 2434 posteri
499 2370 631 2428 editoresr
655 2376 686 2419 tu
706 2369 779 2421 conf.
831 2372 945 2422 Bredov.
966 2387 992 2436 p.
1006 2371 1067 2423 310.
1082 2400 1114 2409 -
1134 2372 1167 2422 ln
1188 2388 1266 2438 seqq.
1278 2362 1368 2432 ἐσιτέρ·
1471 2422 1472 2427 ,

238 2441 293 2504 ΙΙΙ,
308 2442 364 2493 155.
378 2441 507 2500 V111,15.
518 2439 551 2491 93
566 2446 593 2491 et
605 2455 647 2501 ea,
662 2454 733 2506 quae
745 2439 779 2489 ad
831 2455 895 2506 χετο
908 2446 963 2493 est:
982 2445 1131 2493 succensuit.
1162 2442 1205 2491 De
1226 2458 1277 2507 quo
1290 2439 1366 2490 verbo
1471 2440 1472 2497 i

237 2512 270 2572 V,
288 2513 321 2563 42
339 2517 366 2560 et
380 2513 431 2574 ΙΙΙ,
447 2511 480 2561 14
495 2509 581 2560 allata
594 2514 665 2561 suut.
830 2510 995 2576 Weeseiing.
1007 2513 1077 2562 citat
1087 2509 1213 2575 Apollon.
1223 2510 1308 2562 Rbod.
1318 2508 1366 2570 ΙΙΙ,

273 2578 375 2629 τοῦτον
392 2578 478 2644 δῆσαι
498 2571 547 2628 διά
561 2577 705 2643 θαλαμίης
724 2576 781 2627 διε·
833 2581 893 2633 516.
906 2581 984 2631 Pind.
998 2582 1164 2639 Nem.1‚bss.
1193 2582 1262 2632 Add.
1273 2577 1367 2629 Herod.
1471 2600 1472 2627 1

239 2641 341 2709 λόντας
352 2646 402 2714 τής
414 2646 478 2708 νεὸς
489 2640 559 2698 κατά
572 2646 655 2699 τοῦτο
670 2664 695 2701 κ.
708 2663 731 2699 τ.
742 2646 779 2715 λ]
833 2652 856 2712 Ῑ,
869 2650 903 2700 32
919 2651 980 2704 init.
997 2652 1061 2716 VII,
1075 2652 1139 2710 207,
1158 2651 1207 2700 ubi
1222 2649 1368 2701 Valckena-

239 2722 256 2770 i.
268 2738 292 2772 c.
310 2722 466 2783 praefectum
486 2722 557 2769 ιιαοῐε
575 2720 675 2785 quando
690 2720 783 2782 depre-
832 2722 891 2771 rius
905 2726 1049 2786 praeterea
1067 2721 1201 2772 excitavit
1215 2716 1367 2772 Callimecb.
1471 2736 1472 2775 ς

237 2790 390 2850 renuissent,
397 2791 471 2840 iussit
481 2790 602 2839 satellites
613 2791 706 2839 oirrcire
716 2804 781 2838 eum·
832 2791 868 2840 H.
877 2790 905 2841 in
916 2790 976 2841 Dei.
985 2793 1028 2854 60,
1040 2789 1160 2857 Hesych.
1169 2807 1192 2842 a.
1202 2788 1370 2854 v.‚Pbavori·
1471 2826 1472 2833 ,

239 2876 286 2926 que
303 2861 407 2909 medium
426 2875 475 2923 per
495 2860 629 2921 infimorum
649 2862 720 2907 nauis
740 2875 782 2909 rc·
832 2876 907 2918 num,
919 2860 965 2925 qui
975 2876 1062 2927 acque
1071 2877 1105 2911 ac
1114 2860 1214 2912 Suidus
1225 2853 1369 2923 σπερχθεὶς

237 2944 331 2979 neonem
347 2929 476 2993 foramina
494 2931 531 2978 ιἰο
549 2930 669 2993 diligerere,
692 2934 719 2977 ut
733 2944 781 2978 eu·
833 2930 944 2995 exponit
953 2925 1121 2995 ταραχθεὶς,
1134 2928 1296 2994 θυμωθείς.
1351 2987 1358 3004 ,

238 3007 347 3049 tronum
363 3006 440 3061 caput
456 2999 623 3060 promineret,
648 3001 782 3050 introrsum
868 2995 922 3049 Σολ
942 2995 974 3051 δὲ
995 2998 1041 3051 καὶ
1061 2995 1187 3050 τούτοισι
1207 3003 1280 3050 τοῖσι
1303 3011 1368 3061 πρη-

238 3070 469 3134 σοηιαινελίηααυι.
498 3067 555 3118 Ubi
569 3067 695 3131 displicet
704 3068 781 3118 Wea-
831 3083 916 3134 γμασι
930 3069 959 3118 τί
974 3060 1044 3136 ἐστι]
1068 3072 1087 3121 i.
1101 3086 1124 3123 e.
1150 3070 1280 3122 Proicere
1297 3077 1320 3119 et
1334 3067 1369 3116 dir

239 3138 348 3204 selingii
365 3139 524 3213 coniectura
535 3134 687 3193 διελιδντας
702 3153 781 3202 repo·
831 3140 907 3189 reduc
920 3143 981 3206 quid
995 3156 1117 3192 commuue
1129 3147 1183 3198 esu·
1201 3140 1292 3206 ecquid
1301 3139 1336 3188 ad
1347 3144 1369 3184 ιι

239 3210 329 3260 nentis
351 3223 400 3273 pro
422 3204 576 3263 διελοντας.
612 3208 682 3258 Nam
705 3206 780 3257 illum
827 3210 1044 3272 pertinentinec,·
1063 3210 1124 3276 ηαίδ
1139 3210 1237 3260 εἰδέναι·
1251 3206 1372 3273 enepotii
1471 3230 1472 3259 3

238 3278 343 3332 vincire
357 3276 648 3338 iubentur-satellites,
671 3277 780 3343 quando
831 3294 884 3329 cum
898 3280 966 3330 bisce
984 3290 1033 3331 est.
1071 3282 1148 3342 Quae
1165 3279 1368 3337 Valckenarius,
1471 3280 1472 3283 ’

240 3349 356 3400 medium
376 3348 588 3412 intercepissent
609 3345 781 3411 alligassent·
831 3364 899 3399 voce
916 3352 988 3398 τοῖσι
1001 3367 1111 3416 prorsus
1129 3350 1234 3414 eiecta,
1255 3351 1295 3399 ita
1310 3360 1368 3397 con-

239 3417 499 3484 queioraminibus,
520 3417 781 3482 corporeituquasi
832 3419 911 3469 etitni
933 3419 1006 3471 vuit:
1036 3415 1082 3469 σολ
1110 3411 1142 3468 δὲ
1175 3416 1222 3469 καλ
1247 3410 1366 3468 τσότοισι
1471 3420 1472 3475 5

240 3489 343 3548 diviso,
357 3492 389 3538 ut
398 3486 486 3537 altera
497 3500 559 3549 pare
570 3490 722 3537 extrorsum
735 3503 781 3552 sp·
833 3488 977 3554 πρῆγμα
989 3479 1098 3549 eidem
1119 3489 1185 3551 Quid
1194 3506 1255 3540 vcro
1268 3489 1366 3538 tibicen
1471 3504 1472 3527 ι

240 3562 358 3622 pareret,
371 3557 457 3607 altera
471 3556 619 3607 introrsum
633 3561 707 3608 esset
719 3572 781 3607 con·
830 3558 869 3608 iis
883 3569 921 3609 ert
935 3561 1045 3626 repetii?
1073 3553 1367 3625 Latinequaedamai·
1465 3574 1472 3611 ρ

240 3625 307 3676 dita.
345 3627 388 3677 Ad
405 3623 549 3689 θαλαμίης
563 3626 781 3678 subaudiendum
831 3629 921 3680 ferens
939 3630 1060 3694 itemque
1078 3630 1197 3692 Graeca,
1224 3625 1367 3694 inquibus

239 3689 328 3760 ὀπῆς,
350 3695 384 3747 de
402 3711 456 3763 qua
474 3712 541 3746 voce
559 3696 599 3745 ito
617 3696 728 3748 Brnnck
745 3695 781 3746 sd
831 3697 883 3747 hcc
910 3700 937 3748 in
961 3699 1097 3750 locutione
1121 3700 1164 3750 vei
1187 3698 1308 3749 additum
1328 3691 1368 3744 rel

239 3765 376 3830 Aristoph.
402 3768 467 3817 Pac.
501 3764 582 3815 1232:
618 3764 783 3830 „duiupe'cc
831 3769 961 3819 omissum
981 3770 1118 3819 invenitur
1134 3765 1258 3832 πρᾶγμα.
1290 3763 1368 3831 Εηοί·

240 3825 309 3885 όπαὶ
325 3837 494 3888 vocabantur
518 3836 546 3885 in
566 3836 693 3887 inferiore
715 3838 783 3887 navi
833 3838 893 3889 dem
916 3839 992 3889 librie
1017 3840 1112 3890 invitia
1134 3839 1202 3889 nihil
1225 3838 1367 3904 quidquam

239 3905 394 3967 foramina,
422 3921 469 3971 per
494 3920 564 3970 quae
587 3907 781 3958 exserebantur
832 3913 922 3959 muto:
947 3912 1108 3974 pracsertim
1121 3924 1181 3959 cum
1194 3908 1277 3960 simili
1294 3902 1367 3955 modo

239 3975 336 4026 remi.“
352 3975 419 4025 edd.
431 3977 585 4040 interpr-eit.
598 3976 631 4025 ad
642 3976 780 4042 Aristoph.
832 3978 962 4029 Nostrum
972 3978 1091 4030 locutum
1102 3994 1162 4030 esse
1171 3979 1278 4030 videam
1286 3978 1318 4037 V,
1327 3974 1366 4033 84,

239 4046 309 4095 Ran.
335 4044 410 4097 1013.
435 4071 469 4083 -
494 4039 565 4093 κατὰ
585 4042 685 4107 τοῦτο,
710 4046 781 4111 quod
832 4063 911 4112 quem
935 4048 1024 4100 locum
1045 4065 1100 4100 uua
1121 4066 1184 4100 oum
1207 4049 1269 4099 aliis
1293 4045 1369 4095 affert

239 4114 390 4181 Schweigh.
408 4113 456 4179 (cf.
470 4115 538 4164 Lex.
551 4115 651 4166 Herod.
662 4117 699 4166 ll.
714 4132 740 4181 p.
751 4114 779 4181 o)
831 4118 930 4169 Matth.
943 4119 988 4170 Gr.
1000 4119 1044 4169 Gr.
1057 4122 1083 4181 5.
1094 4119 1153 4181 389,
1167 4122 1191 4181 l,
1202 4135 1228 4167 α.
1238 4133 1299 4183 pag.
1311 4112 1366 4164 716.

239 4184 329 4234 reddit
347 4200 401 4235 τινα
418 4185 448 4235 οδ
466 4200 582 4246 coucam,
602 4194 710 4248 propter
725 4186 779 4247 λοι,
833 4189 952 4252 itemque
961 4188 1087 4240 Kuebner
1097 4190 1144 4243 Gr.
1154 4188 1301 4251 (trema.
1314 4186 1365 4233 nob

240 4254 331 4304 malim
349 4253 474 4319 equidem
492 4253 618 4305 reddere:
640 4255 687 4305 λοο
699 4257 780 4318 modo,
834 4259 859 4307 2.
871 4284 906 4294 -
915 4257 955 4307 Ad
967 4249 1029 4318 ἐμέο
1039 4256 1194 4308 πείθεσθαι
1205 4258 1276 4309 conf.
1285 4257 1316 4317 V,
1326 4254 1366 4305 29.

240 4341 290 4377 nec
300 4341 388 4376 moror
398 4325 471 4389 quod
480 4324 603 4389 sequitur
619 4322 781 4388 ποιεῦντας,
860 4327 890 4376 τί
899 4323 990 4376 πολλά
1000 4320 1145 4394 πρήσσεις]
1160 4330 1179 4379 i.
1192 4343 1215 4379 e.
1227 4327 1301 4378 rebus
1309 4325 1366 4374 slie-

240 4410 300 4444 cum
313 4396 462 4460 participia
473 4395 576 4460 passim
591 4394 781 4454 adhibeantur,
831 4401 871 4448 nis
884 4399 945 4462 ηνὶδ
961 4405 986 4449 te
1001 4400 1139 4449 immisces?
1167 4392 1366 4457 ItaSchweigb.

240 4464 468 4527 ubiinfinitirum,
478 4464 781 4531 praepositdparticuld
832 4484 856 4519 s.
870 4468 930 4533 quid
943 4483 1035 4533 curae,
1057 4484 1123 4533 quae
1139 4469 1176 4519 ad
1192 4475 1216 4519 tc
1229 4481 1276 4518 non
1291 4463 1366 4528 peru-
