2916 5130
244 364 306 423 790
676 364 941 427 HERODOTI

244 535 435 627 pelecinos,
455 534 586 607 ἅπαντα
606 533 714 626 ἀπέβη
735 533 834 606 οὕτω.
869 543 936 607 νῦν
951 539 991 607 δέ
1002 567 1057 628 μοι
1070 538 1165 623 εἰπὲ,
1187 536 1352 618 κόσοιιινές

246 648 311 712 εἰσι
334 647 367 710 oi
386 644 496 711 lotroci
510 642 786 731 Λακεδαιμόνιοι,
813 643 870 711 καλ
890 643 1020 712 τούτων
1042 639 1159 713 ὁκόσοι
1176 646 1308 710 τοιοῦτοι
1322 640 1354 710 τό

246 748 404 833 πολέμια,
427 755 493 815 εἴτε
513 748 571 814 καὶ
589 743 744 827 ἅπαντες.
783 741 819 815 ‘0
840 744 870 815 d'
889 745 981 816 εἶπε·
1010 739 1050 816 Ὠ
1069 751 1231 834 βασιλεῦ,
1250 750 1355 833 πλῆθος

246 851 309 939 μὲν
330 850 467 919 πόντων
487 854 556 918 τῶν
569 856 848 938 Λακεδαιμονίων
870 847 1010 936 πολλόν,
1032 849 1355 929 salutassemus·

247 953 284 1024 τὸ
312 954 349 1023 δὲ
369 956 482 1033 θέλεις
505 956 685 1039 ἐκμαθεῖν,
714 954 867 1042 εἰδήσεις.
913 953 1003 1023 ’Ἐστι
1031 957 1068 1023 ἐν
1088 959 1131 1042 τῇ
1154 957 1357 1039 Λακεδαίμονι

248 1058 404 1145 Σπάρτη,
420 1058 515 1136 πόλις
528 1054 665 1144 ἀνδρῶν
675 1056 931 1145 ὀκτακισχιλίων
943 1058 1085 1146 μάλιστά
1099 1078 1162 1145 κη·
1190 1047 1280 1127 οὗτοι
1292 1052 1356 1123 κόν·

248 1188 300 1241 τες
322 1163 386 1230 εἰσὶ
406 1158 514 1249 δμοῑοι
533 1176 619 1230 τοῖσι
639 1159 765 1231 ἐνθάδε
786 1164 1058 1251 μαχεσαμένοισι·
1091 1167 1127 1230 οἵ
1144 1188 1186 1247 γε
1205 1160 1266 1248 μὲν
1285 1155 1358 1227 ἄλλοι

247 1365 333 1414 bsuos
353 1379 387 1412 ec
405 1361 581 1412 Plataeenses
603 1361 665 1411 inde
688 1364 787 1430 repetit
837 1364 921 1415 etiarn
932 1366 961 1412 iu
974 1378 1016 1426 eo,
1029 1363 1101 1428 quud
1111 1359 1271 1412 Herodotus
1281 1373 1361 1423 proso

249 1435 279 1484 C.
291 1434 322 1483 t).
334 1431 459 1483 Mueller:
475 1431 637 1481 Orchonren.
652 1448 715 1498 peg.
725 1434 787 1495 413,
837 1449 889 1483 cem
901 1432 1010 1483 milibus
1019 1436 1126 1482 tanturn
1136 1440 1195 1482 octo
1206 1428 1279 1479 milis
1287 1427 1360 1493 posuit

248 1505 319 1570 quod
341 1508 445 1552 mature
470 1519 487 1550 s
507 1501 619 1552 Boeotis
643 1516 788 1567 eorumque
837 1504 952 1563 civium,
975 1503 1094 1567 vestigia
1114 1501 1245 1551 diminuti
1264 1499 1312 1546 iarn
1325 1496 1360 1545 ills

247 1575 373 1633 foedere,
385 1573 430 1622 cni
442 1570 551 1622 Thebes
566 1578 721 1638 praeerunt,
735 1573 789 1624 dis-
838 1578 931 1625 setste
947 1574 1051 1622 numeri
1066 1572 1171 1622 civium
1187 1570 1359 1634 Spartanorum

248 1649 389 1695 cesserant
404 1641 588 1693 Plataeenses.
838 1659 987 1708 agnoscere
1002 1642 1074 1692 haud
1085 1656 1200 1707 possum
1215 1654 1299 1704 neque
1313 1636 1359 1686 inde

838 1708 1107 1765 assentiriiiuollero
1116 1710 1219 1775 (Dorer
1228 1709 1265 1758 Il.
1272 1723 1296 1772 p.
1306 1705 1358 1767 lii).

840 1799 922 1846 „cum
936 1782 1032 1847 (verbs
1046 1786 1112 1832 sunt
1124 1780 1158 1830 C.
1174 1780 1223 1830 Fr.
1233 1775 1359 1828 Hernsuni

837 1853 856 1906 l.
871 1853 889 1903 l.
900 1868 962 1918 pag.
972 1850 1037 1916 200)
1051 1850 1176 1916 aliquam
1190 1864 1291 1913 semper
1300 1859 1358 1909 agro·

838 1938 897 1973 rum
909 1928 1014 1988 partem
1024 1920 1068 1972 vel
1077 1922 1113 1970 ad
1125 1918 1280 1985 impuberes
1288 1914 1324 1965 rel
1332 1911 1358 1962 etl

838 1993 919 2043 orbos
934 1991 1061 2043 devenire
1073 2005 1189 2041 necesse
1201 1993 1279 2048 esset,
1292 1985 1358 2033 licre

392 1816 458 1865 Car.
479 1814 649 1865 CCXXXlV.

283 1912 317 1969 τὰ
335 1912 465 1984 πολέμια]
484 1918 570 1969 Plano
587 1919 627 1968 sic
640 1919 708 1977 Vll,
725 1918 786 1969 238.

249 1991 311 2041 Vid.
326 1995 394 2041 nott.
408 1990 442 2040 ed
456 1989 514 2051 111,
529 1992 555 2040 4.
594 1989 627 2038 lu
645 2004 718 2054 seqq.
739 2003 787 2053 pro

248 2061 322 2127 vulg.
334 2053 428 2116 πόλις
445 2058 508 2108 dedi
520 2052 638 2121 πόλιες,
651 2059 705 2109 vid.
718 2063 786 2107 nott.

249 2129 284 2180 ad
296 2130 358 2193 Vll,
371 2131 412 2178 2⁶2.
425 2129 487 2185 12&
507 2128 578 2178 idem
589 2127 712 2178 recimer
724 2143 788 2192 cap.

249 2200 299 2251 235
308 2200 351 2249 lin.
375 2199 429 2249 Pro
441 2188 611 2261 ἐκμαθέειν
624 2198 788 2249 eSsncrolti

249 2270 318 2320 libro
327 2268 417 2333 recepi
425 2258 591 2327 ἐκμαθεῖν,
605 2268 661 2321 rid.
671 2268 788 2319 Bredov.

249 2355 274 2404 p.
290 2339 355 2399 ³253
375 2338 407 2389 de
427 2340 513 2388 forms
531 2338 627 2389 lonics
648 2338 735 2387 futuri
753 2331 790 2385 εἰ·

249 2402 345 2473 δήσεις
359 2407 414 2460 sid.
428 2409 541 2460 eundem
556 2407 671 2459 Bredor.
686 2424 713 2473 p.
727 2407 788 2459 412.

283 2470 365 2535 πόλις
379 2468 496 2537 ἀνδρῶν
510 2471 724 2542 ὀκτακισχιλίων
737 2470 790 2541 μα’-

248 2539 328 2597 itote}
340 2545 387 2613 κη]
408 2546 685 2599 insusurratum
702 2548 744 2597 lli.
763 2562 788 2611 p.

248 2619 309 2680 294,
324 2620 357 2668 27
371 2635 392 2670 s.
408 2620 472 2678 222,
485 2621 526 2668 47.
553 2619 639 2680 Quem
652 2633 716 2667 vero
730 2616 755 2666 h.
770 2617 788 2666 1.

248 2690 273 2739 N
276 2694 349 2739 oster·
356 2687 448 2754 prodit
458 2703 596 2738 numerum
607 2687 717 2750 civium,
728 2703 790 2737 enm

249 2776 266 2809 a
276 2774 340 2809 vero
355 2775 407 2808 non
425 2757 505 2822 longe
518 2759 628 2818 abesse,
649 2758 711 2807 iude
729 2759 789 2807 iure

250 2828 315 2878 mihi
333 2828 462 2893 colligere
481 2844 562 2893 posse
578 2828 687 2891 videor,
707 2826 789 2892 quod,

249 2899 485 2960 victiMessenit,
507 2913 652 2964 sequutum
670 2898 789 2947 omniurn

248 2969 446 3034 Spartanorum
462 2971 575 3019 sortium
588 2969 672 3018 fnisse
684 2967 790 3031 accepi-

248 3053 308 3089 mus
331 3037 399 3102 (vid.
424 3038 563 3089 Plutarch.
591 3039 647 3088 vit.
671 3039 787 3101 Lycurg.

248 3123 308 3172 csp.
327 3106 354 3170 8)
375 3123 459 3157 nouem
479 3110 560 3169 καλέω,
585 3108 612 3156 in
639 3122 707 3172 quus
727 3105 787 3157 soil.

248 3176 334 3227 omnis
347 3182 419 3227 esset
429 3178 520 3227 divisa
532 3184 619 3235 terrm
638 3179 789 3227 eumentes

248 3247 327 3297 modo
340 3262 390 3296 sere
399 3249 465 3297 rillio
477 3248 550 3309 sive,
565 3255 595 3299 ut
606 3246 654 3296 alii
666 3247 788 3307 tradunt,

247 3324 366 3384 quattuor
397 3319 477 3380 milio,
505 3323 533 3366 et
561 3318 632 3384 quod
657 3319 788 3377 excurrit,

248 3387 365 3439 fuissent
383 3390 497 3437 sortium
519 3386 604 3451 (coni.
620 3386 648 3436 Ο.
660 3387 706 3437 Fr.
721 3386 790 3436 Her-

248 3472 344 3507 msnnx
362 3456 470 3509 Grieclr.
484 3455 688 3508 Stestsalterth.
703 3455 727 3518 5.
743 3457 787 3506 28.

248 3527 336 3579 notit
356 3532 383 3576 et
403 3531 427 3589 §-
444 3528 487 3578 31.
507 3532 562 3577 not.
582 3527 626 3591 5);
646 3541 734 3591 neque
753 3526 787 3575 ab

248 3598 291 3649 his
303 3599 421 3647 numeris
435 3596 580 3647 admodum
594 3598 679 3647 distat
691 3596 788 3659 opinor

247 3666 407 3718 Aristoteles
421 3667 517 3732 (Polit.
529 3668 567 3729 11,
578 3671 605 3729 6,
619 3664 677 3731 12),
694 3665 739 3730 qui
754 3664 787 3714 tle

248 3738 332 3787 decem
344 3738 452 3788 milibus
468 3737 666 3802 Spartanorum
686 3736 713 3785 in
727 3736 787 3785 uni·

247 3821 355 3857 versum
363 3806 496 3873 loquitur:
508 3808 554 3858 vir
563 3809 633 3859 enim
641 3819 740 3870 magns
750 3806 788 3853 iu·

248 3882 289 3926 ter
301 3875 351 3926 hos
361 3892 485 3929 numeros
498 3880 615 3929 exsistet
624 3874 786 3938 differentis,

248 3949 273 3995 si
290 3945 339 3997 hos
352 3947 426 4011 ipsos
443 3963 567 3999 numeros
582 3949 611 3998 iu
631 3947 786 3997 universum

248 4018 336 4081 magis
349 4022 471 4081 sumptos
485 4033 566 4082 quam
580 4021 711 4067 accurata
726 4031 788 4081 sup-

248 4085 788 4152 putationeeffectosexsistimeuruslvid.

247 4159 358 4221 Zumpt:
376 4157 467 4208 Ueber
486 4158 513 4206 d.
528 4157 614 4207 Stand
634 4157 682 4206 der
692 4156 789 4206 Beret-

248 4226 354 4291 kerung
368 4228 394 4276 in
408 4226 606 4278 Griechenlund
617 4241 642 4275 u.
658 4228 736 4287 Rom,
746 4227 788 4278 in:

248 4296 428 4346 Denlrschriit
438 4297 464 4351 d.
473 4296 573 4347 Berlin.
581 4295 712 4345 Akadem.
722 4311 787 4351 ann,

252 4364 325 4416 1840.
339 4380 400 4429 pag.
411 4370 427 4416 4
438 4382 493 4432 seq.
504 4372 532 4417 ot
544 4366 574 4416 C·
584 4366 787 4418 Fr.Hermsnn:

247 4434 360 4498 Antiqq.
384 4436 506 4487 Leconn.
530 4452 593 4502 pag.
612 4433 672 4501 dil:
703 4451 787 4501 quare

834 2064 918 2113 'dotus
930 2066 1021 2113 sutem
1032 2060 1065 2110 de
1074 2061 1110 2111 iis
1122 2057 1292 2122 tantum‚qni
1300 2068 1357 2102 arus

837 2137 978 2197 gererent,
991 2131 1099 2181 locutus
1112 2130 1186 2182 sit.“
1214 2128 1250 2177 Et
1261 2125 1313 2191 quia
1325 2137 1359 2171 ne

838 2218 903 2267 gare
915 2202 1032 2267 poterit,
1047 2215 1095 2265 per
1107 2200 1246 2251 ducentos
1260 2194 1312 2244 illos
1323 2206 1358 2240 su·

840 2288 904 2333 nos,
925 2271 972 2337 qni
991 2270 1054 2321 inde
1073 2270 1108 2319 ab
1123 2269 1176 2319 ills
1191 2263 1357 2317 distributione

838 2358 924 2407 usque
943 2340 978 2390 sd
991 2340 1062 2390 bella
1074 2340 1192 2392 Persica
1205 2329 1356 2404 praeterlapsi

838 2417 911 2473 sunt,
926 2409 1027 2460 nullam
1038 2411 1067 2460 in
1077 2409 1196 2474 singulis
1206 2404 1307 2457 familiis
1315 2414 1356 2450 no-

838 2483 971 2532 tationem
990 2480 1152 2531 exstitisse?
1181 2490 1289 2545 querum
1304 2470 1354 2520 elis

838 2553 1005 2607 exstinctas,
1017 2550 1088 2599 elias
1100 2554 1202 2598 auctas
1216 2546 1280 2596 adeo
1291 2541 1352 2591 irim

838 2626 1051 2672 consentaneum
1061 2624 1118 2677 σείς
1137 2633 1229 2684 neque
1237 2629 1296 2667 sane
1304 2623 1350 2675 opus

838 2693 1091 2743 eritstetuereounr
1100 2681 1349 2745 Lachmannozipst·

838 2767 896 2812 teu.
911 2759 1122 2811 Stsstsverisss.
1138 2774 1168 2822 p.
1180 2756 1241 2815 293,
1256 2750 1347 2804 Persico

838 2846 896 2881 rum
908 2830 1041 2881 bellorum
1054 2828 1225 2894 temporibus
1241 2827 1289 2874 iam
1299 2818 1347 2870 nilis

839 2901 936 2952 sellem
952 2900 1046 2950 domos
1057 2900 1259 2964 Spartanorum
1270 2900 1345 2959 prorsa

838 2971 923 3021 fuisse
936 2972 1102 3031 exstinctas,
1117 2968 1142 3018 si
1151 2968 1259 3033 quidem
1269 2957 1339 3029 perlit

838 3039 886 3090 illa
905 3039 1016 3091 saecule
1027 3040 1226 3105 Spsrtsnorum
1239 3034 1341 3086 civiter

838 3109 904 3160 nihil
914 3109 1089 3167 decrementi,
1101 3107 1148 3159 sed
1161 3107 1275 3158 muitum
1289 3104 1345 3149 ineu·

838 3181 923 3231 menti
938 3180 1044 3245 cepisse
1061 3193 1148 3244 neque
1170 3176 1273 3228 viribus
1291 3177 1347 3232 ttqtt

838 3249 927 3315 copiis
947 3250 1103 3301 inferiorern
1128 3248 1266 3298 exstitisse
1284 3240 1350 3289 dicer·

838 3321 901 3370 dnm
915 3320 976 3369 erit.
1001 3320 1061 3386 Hoc
1071 3323 1163 3370 sutem
1172 3311 1297 3367 Herodoti
1307 3308 1348 3384 loct

839 3389 1022 3455 respiciuntur
1035 3404 1102 3439 esne
1117 3405 1149 3438 eu
1162 3392 1293 3451 tempora,
1307 3389 1349 3441 qm·

838 3460 888 3510 bus
905 3459 1020 3510 maxime
1032 3458 1166 3509 florebant
1180 3458 1350 3523 Spartanorum

838 3546 897 3588 τοις
916 3528 1051 3594 simulque
1064 3528 1147 3579 etiam
1163 3528 1231 3579 bene
1244 3523 1299 3572 lriuc
1309 3514 1349 3565 elt-

837 3605 882 3649 cet
892 3599 1045 3659 discrimen,
1057 3599 1129 3663 quod
1140 3597 1204 3648 olins
1215 3588 1348 3665 intersitas·

839 3675 919 3719 tsnos
938 3674 1019 3734 atque
1036 3668 1265 3720 Lacedaemonios
1279 3656 1348 3733 trent,

838 3740 885 3806 qui
898 3755 963 3789 sene
976 3740 1058 3789 iidem
1073 3744 1138 3788 sunt
1153 3744 1235 3803 etqua
1246 3729 1347 3798 periteth

838 3814 928 3859 terrae
938 3808 1105 3872 Laconicae,
1121 3809 1145 3858 si
1153 3809 1189 3858 ab
1198 3810 1254 3872 ipss
1262 3797 1347 3879 Sparte

838 3894 919 3944 quam
930 3875 1103 3945 περιῴκουν,
1115 3875 1281 3933 discesseris,
1292 3876 1348 3916 uco-

837 3949 882 3999 lae
896 3950 1019 4014 ipsisque
1032 3948 1175 4014 Spartanis
1190 3940 1287 4001 Derieis
1298 3931 1346 3985 suo

838 4017 898 4069 diti.
926 4018 1004 4069 Ocni.
1025 4018 1095 4069 idern
1114 4018 1144 4069 O.
1163 4018 1208 4068 Fr.
1221 4012 1346 4063 Hermon:

838 4088 944 4139 Griech.
959 4088 1164 4145 Stestaslterth.
1175 4092 1200 4152 ς.
1211 4084 1250 4136 28.
1262 4079 1296 4131 19.
1314 4072 1344 4121 ΗΧ

839 4158 979 4209 Herodoto
1004 4159 1061 4209 vid.
1081 4159 1246 4224 potissimum
1262 4147 1306 4226 le
1322 4139 1342 4188 ¹¹

840 4228 943 4293 (ibique
954 4227 1036 4292 nott.)
1047 4234 1074 4280 et
1086 4229 1136 4286 ix.
1147 4229 1181 4280 70
1193 4226 1233 4276 fin.
1242 4259 1249 4283 ,
1259 4218 1297 4269 ubi
1305 4212 1345 4262 At·

838 4294 1029 4362 κεδαιμονλων
1049 4296 1106 4348 τῶν
1121 4291 1151 4347 ἐκ
1167 4287 1288 4354 Σπάρτης
1303 4295 1341 4332 Μ’

839 4370 928 4431 minit,
942 4369 961 4419 i.
972 4383 995 4422 e.
1009 4371 1117 4431 ι’μιονιιοι
1125 4368 1300 4432 Spartanum·
1319 4349 1342 4397 1¹¹

839 4454 915 4504 seqq.
927 4452 988 4490 cum
1003 4438 1167 4504 Schweiglr„
1188 4431 1278 4490 (Μελ,
1290 4418 1342 4474 3⁰¹¹·
