2970 5128
207 366 270 431 360
644 367 908 429 HERODOTI

208 545 263 612 καὶ
277 538 403 611 ὕστατα
415 543 511 629 μέχρι
526 544 606 631 ἐμεῦ
620 553 805 612 σεισθεῖσα.
841 544 897 611 καὶ
910 548 1009 613 τοῦτο
1022 545 1085 631 μέν
1098 570 1162 613 sev
1173 544 1272 629 τέρας
1286 540 1347 613 ἇν-

208 647 377 734 θρῶετοισι
399 651 467 714 τῶν
487 646 680 734 μελλόντων
700 653 839 716 ἔσεσθαι
859 652 974 716 κακῶν
995 653 1101 735 ἔφηνε
1119 643 1137 714 ὁ
1158 646 1250 725 θεός.
1293 650 1348 717 εἐτῖ

209 750 274 840 γὰρ
297 755 446 837 Δαρείου
464 755 525 818 τοῦ
540 748 757 834 Ὑστάσπεος,
787 752 842 820 καλ
866 754 997 836 Ξέρξεω
1017 755 1080 819 τοῦ
1098 758 1268 838 Δαρείου,
1292 754 1349 821 καὶ

207 853 424 941 Ἀρτοξέρξεω
432 859 495 937 τοῦ
504 856 653 942 Ξέρξεω,
668 860 772 942 τριῶν
785 857 934 924 τουτέων
943 853 1060 942 ἐπεξῆς
1074 860 1203 939 γενεῶν
1214 856 1351 941 ἐγένετο

210 1037 293 1085 „care
313 1024 444 1087 tantoque
464 1022 609 1087 cupidius,
633 1022 704 1089 quod
726 1026 753 1072 at
803 1037 919 1087 eamque
936 1024 1023 1087 ipsam
1038 1021 1073 1070 ob
1085 1036 1198 1071 causam
1212 1020 1352 1073 adiecisse

210 1091 276 1155 „iiie
294 1092 390 1142 Nostri
407 1090 531 1156 exemplo
554 1092 582 1141 iu
601 1107 690 1143 rerum
711 1092 752 1143 fu·
802 1081 841 1148 ῶς
857 1086 954 1155 ἔλεγον
965 1084 995 1139 ολ
1003 1083 1119 1154 Δήλιοιε
1138 1092 1166 1140 in
1177 1092 1280 1156 quibus
1289 1108 1350 1142 ver-

209 1168 351 1226 „terarum
370 1160 504 1226 prodigiis
524 1159 632 1212 insulae
648 1166 751 1213 motum
802 1162 845 1211 his
858 1162 929 1211 idern
941 1163 982 1211 vir
995 1162 1092 1211 doctus
1110 1175 1136 1224 p.
1149 1162 1183 1210 24
1201 1161 1350 1213 articulum

210 1231 362 1293 „censitum
372 1230 458 1281 fuisse
472 1231 626 1292 prodidit.“
644 1234 685 1282 Ex
700 1231 753 1282 hue
802 1223 847 1291 os,
867 1246 946 1297 quem
965 1231 1060 1295 utique
1076 1229 1215 1281 Mediccus
1239 1233 1350 1296 duoque

210 1304 293 1366 igitur
317 1299 493 1365 Wesseiingii
515 1302 639 1362 tutione,
672 1317 752 1366 quam
802 1299 852 1349 alii
871 1301 949 1351 codd.
972 1302 1116 1364 omittunt,
1135 1299 1233 1350 melius
1252 1301 1352 1351 abesse

209 1369 351 1421 Goellerus
365 1371 466 1435 aliique
482 1370 649 1436 Thucydidis
668 1374 753 1422 inter·
803 1375 901 1434 putat,
925 1370 991 1420 licet
1004 1385 1064 1421 mea
1080 1384 1113 1419 ex
1124 1371 1266 1421 sententia
1284 1387 1351 1422 euu-

210 1445 301 1507 pretes
310 1444 527 1504 assumpserunt,
540 1440 573 1491 de
581 1456 635 1491 uno
645 1442 752 1492 eodem·
803 1440 863 1491 dem
874 1442 962 1491 oratio
972 1441 1033 1505 ipsa
1044 1440 1177 1504 requirat.
1198 1440 1268 1489 Mihi
1278 1442 1350 1490 enim

211 1527 263 1576 qne
276 1516 365 1559 terrae
378 1514 462 1573 motu,
472 1511 518 1573 qai
530 1510 635 1561 accidit
644 1510 752 1577 Olymp.

209 1580 330 1637 Lxxll.
346 1580 362 1631 3
381 1580 440 1631 sire
458 1595 529 1632 anno
542 1579 594 1631 430
608 1585 673 1629 ante
688 1580 750 1631 Chr.

210 1667 250 1712 n.,
265 1649 337 1714 apud
349 1654 492 1717 utrumque
506 1651 666 1715 scriptorem
681 1652 754 1715 cogi-

209 1720 322 1769 tandum
336 1720 403 1775 erit.
417 1719 491 1783 apud
504 1718 690 1781 Thucydidem
704 1736 753 1770 au-

209 1795 263 1838 tem
279 1789 364 1839 verba
385 1783 510 1851 ὀλίγον
527 1785 594 1851 πρὸ
614 1784 753 1839 τούτων

208 1859 304 1908 latiori
318 1873 398 1909 sensu
409 1858 584 1922 accipienda:
602 1860 700 1924 quibua
711 1864 753 1909 ta·

210 1943 270 1977 men
284 1927 374 1977 verbis
393 1931 530 1992 recepturo
545 1944 677 1979 annorum
690 1945 753 1993 spe-

209 1998 277 2046 tium
292 1997 409 2046 indicari
420 2002 452 2046 ut
465 1996 589 2060 credam,
608 2014 625 2048 a
642 2015 684 2049 me
704 2000 754 2048 im·

209 2072 318 2130 petrare
328 2064 526 2131 hnudpossum‚
534 2083 585 2118 neo
596 2070 683 2133 magis
696 2084 753 2119 cre·

208 2135 321 2186 diderim
332 2172 339 2196 ,
352 2134 539 2200 Thucydidem
558 2152 591 2186 ea
604 2142 695 2188 mente
711 2138 751 2189 fu·

209 2206 280 2265 isse,
292 2209 325 2257 at
339 2208 428 2255 terrae
442 2208 560 2269 motum,
574 2222 653 2271 quom
666 2209 752 2258 Hero-

209 2275 292 2325 dotus
310 2274 442 2339 prodidit,
460 2273 552 2325 fictum
572 2291 684 2341 prorsus
703 2277 754 2327 ha·

208 2345 286 2396 beret
307 2343 424 2410 indeque
450 2343 559 2395 silentio
581 2349 753 2411 praetermit-

209 2414 319 2464 tendum
347 2418 472 2479 putaret:
507 2430 578 2479 quae
598 2415 751 2468 Gottieberi

208 2490 251 2536 est
275 2485 413 2535 sententia
436 2484 502 2533 mihi
526 2485 599 2536 haud
625 2487 750 2550 probata,

208 2555 254 2621 qui
275 2560 400 2604 neutrum
425 2555 584 2617 scriptorem
609 2557 660 2606 sihi
683 2557 752 2606 invi·

208 2640 266 2676 com
280 2624 419 2685 cognitum
434 2623 520 2674 fuisse
533 2626 660 2676 existimo
677 2627 752 2676 inde-

208 2710 259 2759 qne
269 2694 304 2743 iis
318 2693 428 2753 accedo,
439 2708 511 2756 quae
521 2695 573 2744 iam
585 2695 615 2746 C.
624 2696 657 2745 0.
666 2695 753 2746 Muel-

208 2763 248 2815 ler
261 2764 326 2813 Dor.
341 2762 364 2811 1.
377 2778 403 2826 p.
420 2762 472 2812 312
485 2768 542 2815 not.
556 2763 645 2815 dehis
660 2770 749 2816 etatu-

206 2833 240 2892 it;
260 2848 275 2881 e
290 2833 368 2883 cuius
379 2832 431 2881 viri
445 2834 592 2897 sententia,
600 2850 681 2897 quarn
690 2851 752 2898 pro·

207 2902 285 2952 bavit
305 2916 411 2967 quoqne
427 2902 516 2951 Franz
538 2903 621 2965 (Berl.
633 2904 748 2955 Jahrbb.

207 2972 226 3024 1.
240 2969 592 3026 wissenseh.xririk1841.
607 2974 643 3024 ΙΙ.
654 2990 694 3025 nr.
708 2975 748 3025 18.

206 3058 232 3106 p.
249 3040 326 3105 144),
343 3055 393 3090 nec
408 3040 564 3090 Herodotus
577 3046 637 3093 eins
649 3050 748 3107 motus,

206 3110 283 3159 cuiue
296 3109 370 3173 apud
386 3107 573 3175 Thucydidem
591 3111 622 3161 tit
637 3114 749 3173 mentio,

206 3183 270 3229 aute
283 3180 370 3241 ipsum
381 3176 479 3229 beilum
487 3178 747 3244 Peloponnesiacum

205 3247 281 3301 soit..
296 3245 405 3297 ridetur
421 3250 592 3311 meminisse,
611 3267 661 3301 nec
676 3252 749 3301 Thu-

204 3317 317 3381 cydides
332 3315 546 3381 primianistas,
563 3319 597 3370 de
610 3335 663 3384 quo
681 3322 746 3370 scri-

203 3389 245 3437 bit
256 3387 423 3439 Herodotus.
444 3387 534 3439 Huius
549 3387 632 3438 libros
642 3389 749 3455 Thucy·

205 3457 262 3507 didi
272 3456 397 3521 cognitor
411 3456 494 3507 fnisse
506 3463 536 3507 ut
548 3459 667 3521 credam,
681 3476 750 3510 nuu-

204 3541 287 3590 quam
296 3524 397 3576 adduci
408 3542 531 3590 possum:
544 3544 632 3593 neque
642 3545 685 3581 mo
694 3546 749 3580 mo-

803 1510 871 1560 haec
882 1511 966 1561 verbe
978 1509 1117 1559 addidisse
1128 1510 1238 1560 videtur
1247 1511 1352 1560 Noster

803 1581 838 1629 ud
858 1581 988 1631 maiorem
1010 1580 1165 1629 sententiae
1187 1580 1352 1644 propositae

801 1649 882 1700 fidem
897 1649 1113 1699 conciliandam:
1130 1647 1173 1711 fad
1186 1664 1271 1713 quarn
1287 1665 1352 1699 eeu-

803 1720 863 1769 dem
890 1718 1050 1769 firmandum
1075 1719 1214 1783 pertinent
1239 1735 1353 1784 quoque

802 1789 887 1839 rerba
900 1785 1060 1848 noluerim
1073 1783 1121 1835 καλ
1135 1777 1257 1849 ὕστατα,
1275 1789 1351 1854 quod

802 1858 847 1908 vel
865 1858 1001 1923 particula
1022 1853 1077 1905 ἰια1
1098 1857 1141 1907 bis
1163 1858 1258 1921 posita
1281 1858 1352 1922 (vid.

802 1928 944 1993 Hertung:
967 1928 1055 1978 Lehre
1073 1927 1098 1977 d.
1115 1925 1223 1977 Grioch.
1240 1927 1351 1980 Partik.

802 1998 826 2048 I.
840 2013 866 2063 p.
883 1996 944 2062 144)
958 1997 1081 2048 indicare
1096 2000 1196 2061 potest.
1224 1998 1266 2047 De
1281 1998 1352 2048 duo·

801 2067 853 2117 bun
865 2068 949 2133 igitur
959 2069 1048 2132 iisque
1059 2066 1176 2116 divorsis
1189 2071 1282 2117 terrae
1297 2083 1355 2118 mo·
1454 2093 1457 2100 ·

802 2137 884 2197 tibus,
898 2137 944 2203 qui
959 2135 1061 2188 inDeio
1076 2135 1167 2187 insula
1177 2136 1353 2200 acciderunt,

802 2208 855 2257 erit
867 2207 1042 2272 cogitandum
1056 2221 1089 2255 ac
1100 2205 1353 2268 statuendum‚He-

801 2276 936 2339 rodotum‚
944 2293 1024 2342 quern
1035 2278 1120 2330 vitam
1132 2276 1298 2339 produxisse
1310 2291 1354 2325 ar-

802 2347 935 2396 bitramur
952 2346 986 2396 ad
1003 2362 1037 2396 ea
1048 2350 1181 2409 tempora,
1195 2345 1298 2410 quibus
1312 2344 1352 2394 ai-

802 2422 844 2467 ter
864 2421 954 2467 terrae
969 2421 1059 2465 motus
1079 2414 1182 2465 accidit
1204 2413 1253 2479 (cf.
1276 2422 1351 2466 nott.

801 2487 836 2535 ud
855 2487 892 2548 V,
912 2484 973 2550 77),
995 2484 1096 2535 nuliam
1116 2489 1209 2535 temen
1231 2483 1352 2536 alteriue

802 2560 889 2604 terrae
902 2560 991 2605 motus
1002 2556 1184 2624 cognitionem
1195 2556 1352 2619 accepisse,

801 2625 911 2674 Thuriis
928 2624 1133 2674 delitescentem
1154 2640 1187 2674 ac
1205 2639 1299 2675 senem
1319 2642 1353 2675 ea

800 2694 1022 2758 perecribentem,
1031 2710 1101 2759 quae
1112 2695 1217 2744 iuvenis
1229 2695 1265 2743 ab
1279 2696 1352 2759 ipsis

801 2764 889 2814 Deliis
905 2769 1052 2829 acceperat
1065 2778 1211 2828 eorumque
1226 2767 1353 2815 auctori-

800 2839 860 2886 tate
872 2832 959 2883 litoris
973 2835 1135 2883 tradiderat.

830 2892 1026 2967 Ἀρτοξέρξεω]
1054 2904 1098 2952 Ite
1111 2902 1245 2953 dederunt
1255 2904 1350 2953 eSsn-

799 2973 882 3022 crofti
895 2974 963 3022 libro
976 2971 1127 3037 Schweigh.
1140 2978 1168 3023 et
1177 2972 1266 3025 (iaici.
1290 2973 1350 3023 Alii

797 3031 991 3103 Ἀρτοξέρξεω,
1000 3042 1351 3108 quamscripturamGree-

800 3112 868 3161 culis
881 3113 971 3165 deberi
983 3113 1084 3163 statuit
1094 3110 1245 3176 Schweigh.
1253 3112 1290 3161 ad
1300 3113 1349 3173 v1,

799 3182 833 3232 43
847 3182 904 3247 (nbi
917 3183 974 3236 vid.
989 3181 1083 3247 nott),
1093 3186 1125 3230 nt
1139 3181 1185 3246 qui
1199 3183 1350 3246 peregrina

798 3256 910 3303 nornine
920 3252 961 3302 ita
974 3268 991 3302 u
1000 3268 1066 3304 vero
1076 3251 1221 3300 deflectere
1231 3267 1350 3302 cousue-

798 3323 898 3373 vcrint.
922 3315 1102 3382 ’λοτοξεῖρξεω
1121 3320 1168 3370 hic
1187 3321 1259 3371 male
1277 3325 1348 3371 reti-

798 3393 858 3441 nuit
874 3392 992 3442 Rekker.
1019 3391 1090 3440 Hinc
1105 3391 1198 3440 eadem
1215 3391 1346 3442 contusio

798 3462 865 3522 VII,
887 3462 945 3515 106.
970 3462 1028 3512 151.
1061 3459 1140 3524 Apud
1154 3459 1346 3524 Thucydidem

799 3531 829 3591 1,
850 3530 917 3589 104,
938 3529 1161 3596 Xenophontem,
1181 3530 1346 3591 Diodorum,

203 3600 269 3645 vent
282 3610 324 3657 ea,
340 3610 410 3660 quae
423 3595 456 3646 de
471 3596 522 3647 hoc
534 3598 664 3649 Herodoti
676 3600 747 3661 loco,
798 3601 952 3651 Cornelium
962 3603 1095 3664 Nepotem
1106 3598 1252 3663 (Themist.
1262 3600 1290 3651 9.
1305 3602 1344 3652 10.

204 3680 282 3730 quem
296 3680 356 3715 oum
370 3664 547 3729 Thucydideo
566 3671 746 3733 comparavit.
797 3672 839 3722 De
851 3686 926 3732 repe.
942 3669 979 3734 1),
994 3669 1072 3732 elios,
1083 3685 1190 3734 semper
1202 3668 1346 3720 iuvenitur

202 3734 327 3797 pluribus
349 3735 439 3784 uerbis
462 3739 591 3795 exposuit
608 3737 745 3791 Salomon.
795 3730 1000 3800 Ἀρταξέρξης,
1022 3738 1095 3803 quod
1117 3739 1186 3788 idem
1201 3754 1263 3788 curn
1277 3740 1346 3789 Din-

203 3805 245 3853 De
263 3803 415 3868 Thucydid.
435 3810 463 3853 et
481 3807 620 3858 Herodoto
639 3814 744 3872 quaest,
798 3810 867 3858 dori.
889 3808 945 3874 (ad.
959 3808 1133 3873 Xenophont.
1148 3810 1247 3873 (lyrop.
1263 3810 1344 3869 Vnt,

202 3873 267 3923 hist.
282 3876 393 3938 specim.
410 3872 540 3938 (Beroiin.
559 3877 649 3943 1351.)
671 3895 696 3938 p.
715 3879 746 3931 13
797 3880 829 3943 8,
844 3881 875 3929 12
888 3880 931 3929 ed.
947 3878 1046 3942 Onon.)
1066 3884 1094 3928 et
1107 3878 1224 3928 Brodov.
1242 3893 1269 3941 p.
1291 3879 1337 3929 101

202 3958 281 4007 seqq.
306 3943 746 4005 QuireiecteetWassiietWes·
797 3951 825 3998 in
851 3948 991 3999 Herodoto
1013 3948 1160 3998 tenendum
1188 3948 1269 4009 duxi,
1296 3948 1343 3997 ubi

202 4013 313 4077 selingii
327 4014 443 4073 ratione,
458 4030 538 4079 quam
554 4031 636 4078 snpra
650 4034 746 4084 propo·
796 4018 961 4069 Schaeierus
980 4019 1095 4069 alteram
1114 4018 1279 4082 scripturam
1299 4034 1341 4068 se·

202 4084 324 4143 suimus,
346 4085 540 4141 auctoritatem
566 4086 744 4151 Thucydidis,
797 4090 898 4151 quitur.
911 4104 992 4154 quam
1007 4087 1120 4139 candem
1140 4102 1247 4150 quoque
1263 4103 1342 4152 prae—

202 4153 246 4202 oni
259 4151 444 4202 Horodoteum
463 4153 550 4206 locum
572 4158 743 4209 obuersatum
795 4157 861 4207 bont
877 4159 985 4208 Ctesias
999 4163 1082 4222 atqua
1095 4155 1268 4206 Plutarchus.
1299 4158 1341 4207 Tu

202 4238 262 4273 esse
280 4222 352 4284 vuit,
372 4222 412 4272 ita
424 4225 558 4289 praefert,
578 4232 610 4277 ut
624 4228 745 4277 Herodo-
796 4229 869 4289 vide,
878 4244 948 4293 quae
961 4243 1021 4278 mox
1034 4226 1154 4277 dahuius
1167 4226 1286 4275 nominis
1298 4242 1341 4275 ra·

201 4298 258 4342 turn
272 4293 361 4357 ipsum
375 4294 512 4345 existimet
530 4295 602 4345 haud
619 4313 744 4361 magnam
796 4299 871 4349 tione
887 4313 921 4348 ac
941 4301 1077 4361 potestate
1090 4297 1269 4359 proferemus.
1307 4296 1339 4345 In

201 4360 278 4411 fidem
297 4362 331 4412 iis
344 4362 488 4427 tribuisse,
506 4381 577 4430 quae
589 4366 677 4416 Deliis
695 4383 745 4418 au·
795 4368 886 4418 verbis
899 4367 1090 4432 sequentibus:
1110 4362 1198 4427 τριῶν
1214 4357 1339 4414 τουτέων

200 4430 321 4481 ctoribus
336 4430 469 4483 deterreo
485 4439 560 4485 motu
574 4435 742 4501 tradidisset,
794 4427 896 4502 ἐπεξῆς
917 4434 1022 4502 γενεῶν
1042 4429 1150 4501 ἐγένετο
1171 4429 1245 4484 πλέω
1264 4426 1338 4483 κατὰ
