2986 5130
223 386 285 449 644
660 384 925 448 ΗΕΒΟΒΟΤΙ

223 562 436 649 πεμφθέντες
456 555 522 628 ὑπὸ
538 565 817 649 Λακεδαιμονίων
838 557 975 648 ἄγγελοι
996 563 1030 641 ές
1043 558 1106 649 τὴν
1121 558 1249 649 Ἀσίην,
1271 586 1342 646 προ·

223 666 382 744 δοθέντες
397 664 433 732 tii
448 659 515 734 ὑπὸ
528 664 702 734 Σιτάλκεω
716 670 778 733 τοῦ
798 665 928 753 Τήρεω,
944 673 1103 752 Θρηΐκων
1117 668 1283 753 βασιλέος,
1296 666 1344 731 καλ

227 767 465 856 Νυμφοδώρου
487 774 546 836 τοῦ
567 773 712 853 Πυθέω,
735 765 858 856 ἀνδρὸς
878 767 1099 857 Ἀβδηρίτεω,
1121 766 1253 857 ἥλωσαν
1272 765 1346 836 κατὰ

223 871 399 958 Βισάνθην
421 869 481 957 τὴν
497 875 534 940 έν
547 867 797 967 Ἑλληστιόντςο,
821 874 876 942 καὶ
897 869 1106 959 ἀπαχθέντες
1127 877 1160 953 ές
1174 871 1236 960 τὴν
1254 868 1346 941 Ἀττι-

224 974 287 1063 κὴν
311 970 488 1043 σἰιτέθανον
509 971 575 1043 ὑπὸ
594 974 803 1064 Ἀθηναίων,
827 973 910 1064 μετὰ
926 977 963 1045 δὲ
984 974 1099 1046 αὐτῶν
1118 979 1174 1045 καλ
1194 975 1348 1064 Ἀριστέης

224 1074 242 1145 ὁ
257 1076 492 1165 Ἀδειμάντου,
508 1086 692 1167 Κορίνθιος
706 1077 802 1167 ἀνήρ.
831 1084 937 1148 ταῦτα
952 1083 1015 1168 μέν
1029 1108 1095 1150 νυν
1109 1090 1262 1151 πολλοῖσι
1272 1086 1349 1149 ἔτεσι

224 1178 367 1267 ὕστερον
382 1184 514 1268 ἐγένετο
527 1188 587 1252 τοῦ
601 1184 755 1270 βασιλέος
769 1180 901 1252 στόλου.

114 1312 118 1323 ’
157 1306 216 1368 138
297 1282 469 1372 Ἐτανειμι
487 1286 525 1355 δέ
545 1288 599 1355 ἐπὶ
619 1284 677 1356 τὸν
697 1286 862 1375 πρότερον
875 1286 985 1373 λόγον.
1030 1282 1123 1355 ‘Heli
1137 1292 1349 1376 στρατηλασίη

224 1384 244 1476 ἡ
258 1390 412 1476 βασιλέος
426 1387 554 1477 οὕνομα
568 1390 631 1478 μέν
645 1389 729 1477 εἶχε,
753 1386 797 1472 ὦς
812 1388 864 1460 ἐπ’
888 1388 1034 1479 Ἀθήνας
1050 1389 1201 1475 ἐλαύνει,
1225 1396 1389 1458 narcetem

263 1588 459 1657 προδοθέντες
482 1588 513 1643 til
538 1585 596 1642 ini
623 1589 765 1643 Σιτάλκεω
816 1594 1350 1661 eumplectendumcensuere,testel*ltu-

222 1662 274 1715 τοῦ
291 1661 402 1728 Τήρεω]
423 1664 505 1714 Plura
525 1663 558 1714 tle
574 1665 615 1713 his
630 1664 768 1730 Thucydi·

223 1735 271 1786 des
282 1736 299 1786 l.
315 1735 348 1792 1.,
365 1735 411 1798 qui
424 1736 494 1783 idern
511 1734 545 1783 de
561 1733 657 1784 Sitatre
669 1751 767 1785 oonsu-

116 1850 119 1856 .
221 1805 317 1855 laudus
330 1805 367 1859 ll.
381 1804 424 1854 20.
442 1804 475 1854 ili
489 1820 566 1869 seqq.
583 1802 643 1867 (ubi
659 1804 713 1855 vid.
727 1806 767 1854 in-

223 1875 367 1939 terpretes)
394 1872 455 1923 eoll.
482 1873 614 1924 Herodot.
641 1875 696 1932 IV,
722 1876 766 1926 80.

222 1944 435 2008 ,meplotloruna
453 1945 533 1994 euius
552 1959 671 1994 sororem
684 1943 766 1994 Sital-

222 2031 267 2064 σεε
281 2029 329 2064 rex
344 2012 440 2063 hebuit
459 2029 568 2064 uxorem
584 2014 683 2079 quique
698 2014 766 2064 mul-

222 2089 279 2133 tum
289 2083 362 2147 apud
375 2082 447 2131 huno
462 2084 564 2145 valuit,
585 2084 764 2134 Athenienses

222 2154 303 2203 initio
319 2152 383 2204 belli
394 2152 621 2217 Peloponnesiaci
637 2154 689 2203 sibi
701 2169 766 2203 eon-

223 2223 359 2272 ciliarunt.
384 2221 468 2272 Plura
479 2223 603 2287 Thucyd.
616 2224 652 2285 11,
663 2224 706 2275 29.
720 2225 762 2285 07,

222 2294 268 2343 ubi
282 2291 337 2346 vid.
353 2293 525 2356 interpretes.
555 2293 596 2342 De
615 2294 673 2358 ipso
688 2295 763 2357 Νησι-

219 2363 329 2426 piodors'
344 2363 450 2412 nomine
463 2363 618 2426 disputavit
628 2365 764 2413 Letrouue

221 2434 263 2482 in:
284 2430 401 2482 Journal
416 2432 463 2481 des
478 2432 584 2482 Savans
607 2433 681 2482 taio.
700 2449 763 2497 pag.

223 2502 282 2555 173.
316 2503 369 2551 Pro
386 2498 519 2568 βασιλῆος
539 2501 600 2551 dedi
619 2496 764 2568 βασιλέως,

222 2579 249 2623 et
269 2588 317 2636 pro
331 2570 404 2637 vulg.
417 2566 525 2619 Πύθεω
538 2572 633 2636 scripsi
649 2569 763 2633 Πυθέω,

221 2643 347 2707 idemque
360 2642 414 2691 feei
428 2642 489 2695 Vll.
506 2641 562 2691 181.
578 2642 625 2703 lx,
641 2642 682 2693 78.
707 2642 763 2691 Nee

221 2711 313 2762 differt
327 2705 449 2775 Ἀριστέω
465 2711 511 2761 lv.
526 2712 575 2769 15,
593 2708 685 2774 Βορέω
700 2711 763 2770 Vll,

226 2782 288 2843 180,
304 2781 374 2841 alia,
394 2796 464 2844 quae
478 2780 558 2830 affert
571 2782 686 2833 Bredov.
699 2797 761 2845 pag.

221 2852 272 2903 Ι118
287 2866 343 2915 seq.
360 2850 440 2900 conf.
452 2852 548 2905 Krebs.
562 2851 650 2903 Leott.
663 2851 763 2902 Diotld.

222 2936 286 2985 pag.
301 2920 352 2969 250
367 2936 423 2985 seq.

255 2983 326 3037 κατὰ
352 2983 502 3050 Βισάνθην
528 2980 581 3049 την
603 2976 633 3035 έν
653 2977 764 3049 ‘Elipe-

221 3050 329 3123 πόντῳ]
352 3057 498 3119 Bisanthe,
519 3056 672 3105 Samiorum
691 3056 764 3105 eolo-

817 1666 914 1729 eydide
925 1666 968 1724 11,
978 1665 1022 1717 02.
1032 1666 1075 1717 01.
1108 1666 1214 1731 Scripsi
1224 1659 1352 1728 Ἀριστέης

816 1750 876 1786 eum
886 1734 1035 1795 Diudorfio‚
1047 1736 1094 1785 ubi
1104 1735 1187 1799 vulgo
1196 1728 1351 1799 Ἀριστέας,

817 1805 888 1870 quod
900 1805 1070 1856 retinuerunt
1078 1805 1185 1854 Beiker
1198 1812 1228 1855 et
1238 1803 1353 1856 Dietsch.

817 1875 988 1926 Vid.Herod.
997 1875 1043 1934 lv,
1057 1875 1088 1927 13
1098 1880 1126 1923 et
1137 1874 1170 1924 tle
1180 1875 1244 1940 ipso
1255 1876 1353 1925 nomine

815 1945 888 1995 eonf.
897 1944 1016 1995 Ahreus:
1027 1946 1068 1995 De
1077 1944 1351 2010 dialectDoriepag.

816 2016 878 2068 aot.

857 2116 988 2165 aeliotes
1009 2109 1080 2166 ἔτεσι
1103 2105 1239 2183 ὕστερον]
1264 2118 1353 2166 Parem

814 2188 842 2237 iu
864 2188 971 2238 modum
991 2186 1112 2253 loquitur
1124 2188 1227 2237 Noster
1249 2187 1301 2245 11,
1315 2186 1354 2245 73,

815 2257 861 2307 ubi
874 2260 957 2306 etiarn
974 2256 1039 2305 belli
1053 2256 1283 2320 Peloponnesiaci
1295 2264 1356 2306 tern-

815 2343 881 2391 pore
907 2328 1014 2390 attigit:
1045 2325 1101 2375 alia
1128 2327 1180 2375 hue
1204 2326 1355 2390 spectantia

815 2398 869 2446 iarn
891 2411 973 2461 supra
992 2395 1134 2447 attulimus
1156 2396 1190 2445 ad
1212 2396 1280 2459 vll,
1302 2394 1354 2445 100.

814 2465 891 2530 erod
904 2467 973 2515 enim
987 2465 1039 2515 hoo
1050 2465 1111 2527 loeo
1123 2472 1262 2529 narratur,
1276 2465 1301 2514 irl
1315 2480 1355 2513 se·

813 2536 882 2587 cidit
903 2542 974 2586 teste
987 2535 1149 2598 Thucydide
1169 2534 1186 2587 1,
1207 2535 1224 2586 1.
1245 2538 1354 2586 exeunte

814 2612 921 2656 aestate
934 2606 1022 2654 altera
1032 2604 1095 2654 belli
1104 2604 1329 2669 Peloponnesiaci
1337 2621 1356 2652 s.

814 2675 1117 2740 Olymp.1.xxxvll‚3
1127 2690 1148 2724 s.
1162 2675 1216 2725 430
1228 2691 1254 2725 a.
1263 2675 1323 2725 Chr.
1331 2688 1355 2722 a.

815 2747 1014 2810 quinquaginta
1037 2751 1064 2793 et
1083 2745 1155 2809 quoti
1174 2746 1295 2795 excurrit
1312 2759 1355 2793 sn·

814 2817 855 2864 nis
869 2821 932 2880 post
944 2814 1042 2864 Xerxis
1056 2814 1269 2878 expeditionem.
1292 2814 1356 2863 Sunt

814 2901 878 2934 vero
904 2884 973 2934 talia
1001 2883 1037 2933 ad
1064 2885 1208 2948 scriptoris
1236 2890 1355 2947 tempera

814 2954 1009 3005 constituenda
1021 2954 1132 3003 maximi
1143 2955 1284 3004 momenti.
1299 2953 1355 3003 Viti.

814 3024 983 3075 Dahlmann:
1011 3023 1142 3074 Herodot.
1164 3039 1227 3091 pag.
1245 3025 1281 3076 40
1301 3038 1356 3087 seq.

220 3129 276 3187 uie,
292 3128 395 3191 optimo
408 3133 489 3190 portu
502 3127 639 3175 instructa
652 3125 686 3174 ad
700 3127 763 3175 Pro-

219 3195 358 3261 pontidem
383 3197 438 3246 site
455 3195 522 3251 luit,
548 3197 601 3258 qutt
623 3196 669 3245 via
687 3194 764 3247 ducit

220 3265 383 3329 Byzantium
411 3266 470 3314 sive
492 3264 762 3330 Constantinopolin.

219 3335 322 3385 Seriori
340 3342 432 3385 aetate
448 3350 506 3384 oum
527 3340 669 3384 vocaretur
679 3335 764 3386 Iliae·

219 3406 305 3456 destas
317 3421 339 3454 s.
354 3405 482 3459 licitatus.
502 3404 581 3453 fluxit
592 3405 654 3454 hine
668 3421 760 3456 reeen-

220 3477 273 3524 tior
293 3473 443 3539 appellatio
464 3474 585 3527 liodoato.
625 3475 685 3525 vid.
708 3477 761 3526 Xe-

219 3544 301 3609 uoph.
310 3544 398 3596 anab.
409 3544 473 3605 vl1,
484 3544 499 3592 2
510 3543 555 3595 fin.
573 3544 665 3609 ibique
675 3546 761 3597 Κτησ-

217 3630 274 3679 ger,
288 3613 441 3665 'resonum
458 3612 493 3663 etl
507 3612 570 3665 Mel.
586 3615 628 3673 11,
649 3617 673 3665 2.
693 3618 717 3678 5.
733 3618 759 3669 0.

219 3700 280 3750 pag.
292 3685 338 3736 105
349 3689 419 3739 nott.
430 3699 535 3747 στερη..
548 3683 683 3734 Mennert.
698 3686 759 3736 Vll.

218 3771 282 3819 pag.
299 3755 348 3805 180
359 3772 426 3819 seq„
440 3754 587 3816 l'orbiger:
607 3755 715 3807 Handb.
731 3756 757 3804 d.

219 3823 268 3874 alt.
280 3825 432 3889 Geograph.
443 3823 495 3874 111.
506 3837 568 3886 pag.
580 3823 652 3874 lost.
679 3825 759 3874 Unde

219 3894 288 3942 satis
310 3894 487 3957 intelligitur,
510 3892 698 3957 Hellespontum
716 3895 761 3945 hio

218 3963 311 4012 latiori
328 3956 410 4013 sensu
429 3961 499 4023 diei,
525 3977 578 4027 quo
598 3978 702 4012 omnem
723 3965 761 4014 si·
847 3947 957 4021 elvepo
970 3951 1022 4023 μὲν
1035 3952 1104 4026 εἷχε]
1124 3962 1224 4027 attigit
1239 3960 1356 4011 locutio·

218 4031 684 4097 mulPropoutidemcomplectitur.
696 4033 758 4084 vid.
811 4044 871 4079 uem
890 4030 1053 4095 lloogevssn
1081 4031 1115 4081 sd
1133 4032 1196 4097 Vig.
1215 4047 1278 4096 pag.
1294 4033 1353 4086 25⁴.

219 4108 288 4153 nott.
303 4100 338 4150 ati
353 4101 463 4162 1v‚85.
812 4100 858 4149 ubi
885 4100 926 4150 sio
949 4102 1160 4165 iuterpretatur:
1187 4102 1262 4151 Haec
1288 4103 1355 4166 repis

265 4164 313 4219 nal
340 4162 487 4235 Ἀριστέης]
517 4171 597 4221 Hune
623 4171 759 4236 putabant
812 4170 939 4232 eapeditio
958 4171 1033 4220 serbo
1056 4173 1152 4236 quidem
1169 4170 1249 4234 fiebat
1264 4179 1354 4220 eostre

218 4241 397 4291 Athenienses
416 4241 563 4290 Thraciam
589 4244 761 4306 potissimum
811 4240 938 4304 Athenas,
966 4256 1057 4290 resera
1081 4250 1161 4292 autem
1186 4248 1276 4290 eontra
1297 4257 1353 4289 esa·

218 4310 383 4361 sollicitasse
395 4315 423 4360 et
434 4312 488 4359 iarn
501 4315 566 4360 ante
578 4311 604 4365 in
615 4312 761 4361 Potidaea·
811 4318 874 4359 etam
894 4311 1027 4360 Graeciam
1045 4311 1196 4362 mittebatur.
1229 4312 1270 4360 De
1285 4310 1354 4359 indi·

217 4387 305 4429 tarum
324 4380 405 4431 rebus
422 4380 508 4430 multa
522 4378 592 4431 male
606 4382 673 4445 ipsis
687 4381 761 4432 intu-
810 4380 902 4431 estivo
913 4371 1021 4429 ἐλαύνει
1037 4380 1108 4430 conf.
1120 4380 1227 4431 Werfer
1241 4379 1268 4429 iu
1279 4380 1351 4430 Aett.

216 4451 293 4511 lisse;
305 4467 375 4518 quse
386 4452 525 4503 ueiterum
534 4450 667 4516 iacerent,
675 4456 760 4502 morte
812 4449 888 4515 phili.
900 4451 1024 4502 Mousee.
1040 4450 1060 4500 l.
1074 4467 1099 4515 p.
1115 4450 1173 4503 110.
1208 4449 1276 4501 Ado.
1289 4448 1352 4511 Vll,

953 3230 1019 3281 Cae.
1036 3231 1217 3283 CXXXVIII.

842 3359 991 3429 Ἐιτοίνειμι
1006 3362 1037 3417 oi
1051 3384 1076 3420 a.
1091 3384 1114 3419 τ.
1130 3367 1169 3433 1.]
1188 3369 1207 3420 i.
1222 3386 1246 3420 e.
1262 3371 1357 3433 Repre-

810 3437 870 3487 mar
886 3438 922 3486 art
941 3443 1052 3500 priorem
1071 3441 1257 3503 narrationem,
1280 3440 1355 3489 lanius
1455 3446 1456 3451 ’

809 3509 895 3571 ipsius
918 3507 980 3557 libri
1004 3509 1083 3559 initio
1109 3510 1283 3571 institutam,
1311 3508 1355 3557 sed

808 3578 991 3641 interruptam
1015 3580 1172 3629 narratione
1201 3579 1235 3628 de
1259 3580 1355 3629 Xerxis

810 3652 946 3711 apparatu
962 3647 998 3697 ad
1012 3646 1084 3698 hene
1099 3648 1303 3713 expeditionem
1317 3649 1355 3696 ia-

808 3722 854 3765 eto
868 3722 895 3767 et
908 3717 1069 3767 recensione
1082 3719 1223 3782 copiarum
1235 3719 1356 3784 nudique

807 3786 993 3837 oolleetsrum.
1028 3788 1069 3837 ad
1087 3789 1176 3852 ipsam
1190 3789 1356 3839 locutionem

811 3857 883 3907 noni.
901 3857 922 3920 1,
939 3857 998 3907 110.
1014 3857 1076 3922 Vll,
1092 3856 1153 3907 239.
