3048 5130
391 357 762 422 TERPSICHORE.
785 358 823 422 V.
846 368 952 424 litae

1189 358 1248 419 175

132 534 304 623 Βακχιάδαι
334 532 527 624 καλεόμενοι
559 542 680 624 ἔνεμον
711 532 773 623 τὴν
798 532 911 602 πόλιν·
946 526 1105 602 ἐδίδοσαν
1130 531 1167 601 δὲ
1193 534 1250 602 καὶ

131 636 240 728 ἤγοντο
259 635 293 721 ἐξ
311 634 472 728 ἀλλήλων.
513 634 666 727 Ἀμφίονι
687 639 741 724 δὲ,
763 632 851 706 ε’όνιι
871 633 1000 705 τούτων
1021 639 1089 704 τόν
1102 632 1249 724 ἀνδρῶν,

131 748 247 829 γίνεται
259 740 413 829 θυγάτηρ
427 740 532 830 χωλή·
555 740 683 831 οὔνομα
698 748 736 811 δέ
748 731 835 829 οίῆν
847 740 976 829 Λάβδα.
1005 736 1146 827 ταύτην,
1159 747 1249 808 Βακ-

130 942 220 1002 tuerit,
238 942 350 1005 exponit
362 940 393 992 O.
410 940 443 994 0.
456 941 577 993 Mueller.
591 942 658 992 Dor.

130 1013 150 1062 1.
164 1026 221 1076 pag.
237 1011 294 1061 lte.

159 1078 203 1129 καὶ
221 1066 299 1129 οὖτοι
315 1073 473 1145 Βακχιάδαι
491 1070 657 1143 καλεόμενοι

129 1142 219 1213 ἔνεμον
229 1141 281 1213 τήν
293 1139 393 1213 πόλιν]
418 1150 486 1199 Post
498 1135 578 1199 οὗτοι
592 1149 659 1198 arti-

129 1219 208 1270 culum
225 1212 254 1268 οἴ
268 1220 404 1270 insertum
420 1218 480 1270 vult
492 1218 657 1270 Valckenar.

131 1291 178 1353 „st
190 1287 282 1353 (verba
295 1287 659 1367 snntSclmeipgrceure-

128 1362 155 1407 ιι·
164 1357 198 1407 αδ
214 1358 240 1410 b.
255 1357 289 1423 l.)
305 1359 377 1408 bene
395 1356 478 1409 habet
495 1372 575 1407 οοτοι
587 1358 659 1407 Βακ-

44 1468 45 1471 ,
129 1419 214 1492 χιάδαι
236 1442 289 1478 non
307 1428 414 1479 inserto
429 1427 559 1490 articulo,
579 1441 659 1491 quem

44 1492 45 1505 ¹
129 1500 266 1548 inserturus
282 1497 404 1547 fortasse
416 1496 572 1548 Herodotus
590 1501 660 1555 erat,

130 1567 151 1616 si
160 1566 372 1617 bacchiadarnm
383 1566 438 1616 iam
450 1566 604 1617 antefacta
617 1581 660 1616 es·

130 1641 166 1687 act
176 1637 283 1687 mentio.
308 1637 335 1686 N
338 1651 392 1685 unc
407 1635 491 1687 verba
503 1627 660 1701 Βακχιάδαι

130 1700 280 1770 καλεόμενοι
291 1705 369 1756 velut
381 1706 410 1754 in
420 1704 578 1770 parenthesi
590 1705 662 1769 posi·

130 1782 156 1828 a
167 1775 278 1840 intelligi
292 1774 409 1833 dobeut3
427 1781 455 1825 et
465 1774 608 1855 commodq
620 1775 661 1824 sic

129 1844 203 1895 incidi
260 1848 338 1895 terat
365 1844 469 1895 oratio:
496 1840 546 1894 καὶ
571 1857 660 1907 οατοι,

129 1906 224 1979 Βανχιά
243 1929 273 1963 αι
287 1905 472 1993 χαλεόμενοι,
492 1908 594 1978 ἔνεμον
607 1906 661 1977 τὴν

129 1981 213 2034 πάλιν.
225 2011 258 2020 -
269 1996 355 2032 ουτοι
366 1998 441 2047 voro,
453 1999 486 2033 ex
496 1983 663 2050 praeceden-

129 2055 194 2105 tibus
210 2053 301 2105 verbis
318 2038 361 2117 ἦν
380 2043 543 2118 ὀλιγαρχία,
561 2052 662 2104 intelli-

129 2116 254 2187 gnnturol
261 2113 443 2185 όλι’χαρχοι.“
462 2121 663 2175 Turid.Kneh-

130 2208 179 2251 ner.
192 2193 237 2246 Gr.
252 2191 299 2242 Gr.
313 2195 341 2255 ξ.
358 2192 422 2243 414.
439 2198 497 2245 not.
513 2195 537 2243 1.
567 2193 610 2243 De
622 2191 662 2241 lo-

129 2266 228 2314 cutione
243 2260 344 2327 νέμειν
357 2253 410 2325 τὴν
421 2254 505 2310 πόλιν
516 2263 554 2315 ο1.
566 2263 600 2325 V,
616 2263 660 2313 29.

130 2333 195 2395 Quos
209 2330 371 2382 Herodotus
394 2346 480 2397 aeque
498 2348 532 2383 ac
551 2332 662 2393 Strabo,

44 2428 45 2463 3
129 2401 288 2460 Pausanias,
312 2399 479 2465 Apollonius
500 2401 590 2452 Rbod.
612 2401 662 2463 IV,

44 2468 45 2485 ¹
131 2471 189 2522 rm
198 2470 255 2535 (ubl
265 2469 324 2521 rid.
340 2469 487 2522 Scholiast.
501 2471 535 2522 de
545 2469 663 2521 Bacchi-

129 2540 230 2591 sdsrum
240 2540 324 2591 rebus
335 2540 528 2605 exponnrtem)
537 2540 663 2591 dixerunt

129 2605 288 2681 Βακχιάδας,
298 2609 435 2672 Diodoro,
445 2609 508 2661 aliis
518 2615 583 2660 suut
592 2610 664 2659 Βακ-

130 2677 212 2742 χίδαιι
228 2678 381 2744 nutumque
390 2679 468 2744 bene,
477 2684 509 2730 nt
519 2681 664 2744 postWes-

129 2749 215 2815 seling.
234 2746 268 2800 ad
287 2749 375 2801 Diod.
393 2748 411 2798 1.
432 2748 450 2800 l.
466 2749 591 2815 aliosque
609 2764 665 2799 mo-

129 2823 236 2870 ruerunt
246 2817 367 2870 Siebelis
379 2818 414 2869 ad
425 2819 545 2869 Pausan.
557 2819 596 2883 11,
610 2823 638 2883 4,
648 2820 666 2868 4

130 2892 154 2937 et
166 2890 197 2951 V,
212 2888 253 2946 17,
265 2890 283 2939 2
300 2893 332 2938 et
346 2887 408 2942 Car.
417 2888 544 2953 Wagner.
556 2890 586 2939 in
600 2889 666 2940 Pro·

130 2972 231 3022 gramm.
253 2958 482 3009 Darmetadieuei
503 2959 570 3009 anni
587 2958 664 3011 1856.

131 3042 186 3092 pag.
196 3030 214 3081 b
224 3044 283 3094 seq.
299 3026 383 3094 (‚‚De
395 3026 559 3079 Bacchiadia
572 3027 666 3079 Corin·

131 3094 293 3163 tbiorum⁴‘),
315 3111 373 3162 qno
386 3096 603 3148 BucchIadarum
621 3112 665 3148 res

130 3172 248 3218 scemate
265 3171 430 3233 persecutus
444 3171 495 3217 est.
525 3168 599 3230 Quin
612 3168 665 3219 Mi-

130 3234 172 3285 leti
195 3252 303 3303 queque
331 3235 533 3287 Buccklndnrnm
556 3243 665 3303 gentem

130 3303 207 3358 luisse
227 3305 482 3371 testaturllesych.
505 3322 527 3358 a.
545 3323 572 3357 v.
591 3309 624 3360 Τ.
643 3308 664 3356 1.

131 3390 188 3441 pag.
202 3376 250 3429 681
272 3375 337 3428 coll
352 3375 540 3429 Waehamnth.
559 3376 666 3427 Hellen.

131 3444 322 3499 Alterthnmak.
337 3444 361 3506 Ι,
373 3445 396 3494 l.
410 3460 473 3511 pag.
489 3446 547 3497 150.
572 3446 668 3496 Cerin-

131 3513 166 3564 tbi
176 3515 324 3581 quotannis
334 3515 518 3566 eBecchiadia
527 3517 666 3580 prytanim

130 3582 223 3636 lectum
235 3586 327 3636 inisse
345 3585 516 3649 accepimns,
536 3587 582 3651 qui
593 3587 667 3651 regis

131 3652 182 3704 lere
193 3653 282 3706 locum
294 3659 402 3706 teneret
412 3653 460 3718 (cl.
473 3655 603 3720 Wagner.
614 3655 634 3705 1.
647 3654 666 3708 1.

132 3738 187 3789 pag.
201 3724 218 3775 8
231 3722 343 3790 seqq.):
361 3724 434 3775 unde
447 3739 508 3775 mox
523 3725 552 3774 in
567 3724 668 3790 Apolli·

132 3793 170 3843 nis
181 3793 295 3845 oraculo
310 3792 438 3844 dicuutur
449 3787 622 3858 μοόναρχοι,
637 3797 669 3843 ut

133 3862 174 3926 qui
182 3864 327 3913 civitatem
337 3866 411 3913 stato
422 3868 553 3929 certoque
561 3863 611 3914 soli
622 3862 670 3915 ad-

133 3930 284 3983 ministrent
297 3938 430 3998 temporo.
451 3932 531 3987 Geni.
546 3933 668 3987 Pansam

134 3999 173 4062 11,
187 4004 214 4052 4.
227 4004 253 4066 ξ.
267 4005 295 4054 4.
314 4001 397 4052 Diod.
410 4002 466 4053 Sic.
485 4001 532 4052 lib.
548 4003 601 4055 VII
617 4002 669 4067 (Τ.

134 4067 167 4118 ll.
183 4086 247 4136 pag.
260 4070 315 4123 935
327 4071 417 4124 Wess.
434 4072 468 4123 Τ.
483 4072 531 4122 IV.
551 4087 614 4137 pag.
628 4073 668 4123 14.

709 956 780 991 uiam
796 944 909 991 narrant
922 938 1080 990 Corinthum
1098 953 1249 1004 occupasse

709 1025 873 1075 regnumque
882 1007 1048 1072 condidisse)
1054 1023 1140 1073 genus
1150 1010 1248 1060 ducen-

709 1085 766 1139 tes,
782 1085 853 1131 teste
868 1079 990 1129 Diodoro
1004 1078 1022 1127 l.
1042 1078 1061 1128 l.
1088 1079 1149 1129 Vid.
1164 1080 1248 1144 Wag-

709 1165 758 1201 ner
771 1149 789 1200 l.
800 1149 818 1201 l.
832 1166 858 1214 p.
874 1149 891 1200 6
913 1154 940 1199 et
952 1148 981 1198 C.
995 1148 1027 1197 Ο.
1040 1147 1162 1200 Mueller.
1178 1148 1247 1199 Dor.

710 1220 733 1273 l.
751 1234 813 1285 pag.
825 1219 871 1270 87.
895 1219 935 1269 Ac
951 1211 1114 1282 μούναρχος
1130 1226 1159 1268 et
1179 1232 1247 1281 μον-

710 1289 831 1354 ναρχίην
853 1290 1007 1354 promiscue
1026 1286 1082 1336 dici
1099 1292 1184 1352 etque
1201 1283 1248 1338 τό·

711 1372 833 1421 ραννον,
855 1352 1026 1420 τυραννίδα,
1053 1362 1248 1408 commonstrat

708 1429 842 1479 Herodoti
852 1426 929 1477 locun
940 1426 1002 1489 Vll,
1018 1427 1076 1476 154.
1094 1426 1152 1477 loe.
1177 1427 1247 1477 Ado.

709 1500 742 1561 V,
752 1498 783 1548 ot
796 1501 824 1547 et
833 1496 984 1561 Theognid.
997 1495 1048 1546 716
1058 1493 1125 1559 (bl),
1137 1497 1183 1546 nbi
1194 1513 1249 1546 non

709 1567 722 1617 1
722 1568 781 1633 ugit
790 1565 926 1617 Welcker.
935 1563 1029 1616 Solon.
1040 1564 1137 1629 fragm.
1144 1566 1249 1630 XVIII,

709 1637 726 1688 3
741 1637 787 1701 (Χ,
800 1634 817 1687 3
831 1636 933 1701 Bergk.
945 1635 1036 1685 Poiitt.
1052 1633 1154 1699 Lyra).

745 1700 878 1754 ἐδίδοσαν
890 1698 922 1754 δὲ
935 1699 983 1753 καὶ
997 1696 1114 1768 ἤγοντο]
1133 1706 1151 1753 1.
1164 1721 1188 1755 e.
1198 1720 1249 1753 mu-

711 1784 755 1826 ιιια
769 1778 837 1825 teter
847 1789 875 1825 ee
889 1776 976 1837 secere
990 1774 1155 1823 ιααινίαιοιιια.
1179 1775 1249 1824 Nam

710 1836 827 1894 διδόναι
839 1843 872 1895 de
886 1860 918 1894 eo
932 1843 996 1907 dici,
1013 1843 1060 1909 qni
1074 1843 1156 1893 liliam
1170 1859 1248 1893 suam

712 1915 901 1979 datnuptum;
920 1903 1058 1977 άγεοθαι,
1078 1915 1124 1978 qui
1144 1929 1178 1964 ex
1194 1913 1249 1964 alia

710 1985 790 2036 domo
799 1999 912 2035 uxorem
918 1982 982 2048 (sibi
989 1989 1156 2047 assumptam
1166 1984 1195 2032 in
1203 1984 1249 2034 do-

711 2070 783 2106 mum
797 2052 885 2118 snam)
903 2054 992 2116 ducit,
1004 2055 1073 2103 eatis
1086 2059 1179 2104 notum
1196 2058 1248 2105 est.

711 2124 774 2177 Vid.
788 2128 858 2178 nott.
875 2123 911 2173 ad
927 2123 966 2185 11,
977 2124 1020 2173 47.
1036 2124 1059 2183 1,
1072 2123 1115 2174 94.
1127 2123 1171 2174 59.
1184 2123 1249 2173 Val-

712 2194 791 2246 cken.
807 2195 877 2244 citat
887 2192 1009 2256 Thucyd.
1025 2193 1161 2255 V111‚21.
1178 2191 1248 2242 Plat.

711 2265 798 2329 Legg.
816 2263 864 2314 Vl.
882 2276 946 2326 pag.
964 2261 1013 2313 771
1026 2262 1065 2323 Ε,
1085 2277 1138 2326 quo
1156 2262 1250 2313 eedem

711 2338 837 2383 monente
849 2331 930 2397 plena
945 2335 989 2382 eet
1003 2330 1119 2380 locutio:
1136 2323 1250 2379 διδόναι

711 2416 741 2452 τε
752 2396 837 2451 τέκνα
849 2395 898 2449 καλ
915 2391 1069 2466 λαμβάνειν
1086 2391 1156 2464 παρ’
1168 2391 1251 2464 άλλή-

712 2472 769 2520 λαιν
787 2473 846 2522 eivs
866 2461 1012 2519 ἐκδιδόναι
1030 2464 1078 2517 καὶ
1097 2462 1251 2534 λαμβάνειν

711 2542 850 2607 γυναῖκας
861 2529 932 2601 παρ’
943 2529 1079 2603 άλλήλαν.
1103 2538 1252 2604 Spectabat

711 2616 803 2662 antem
823 2609 875 2659 hoc
892 2608 1021 2659 connubii
1039 2610 1126 2658 mutui
1143 2610 1252 2659 institn-

713 2685 770 2731 tnm
789 2680 825 2730 ad
844 2695 909 2746 opes
924 2678 1140 2729 Bacchiadarum
1162 2681 1252 2744 gentis

714 2750 863 2815 augendas,
876 2749 1079 2814 potentiamque
1091 2763 1160 2811 eam,
1170 2764 1251 2813 quam

714 2823 743 2871 in
757 2819 960 2870 Corinthiorum
974 2819 1089 2869 civitate
1103 2818 1171 2868 haec
1185 2834 1252 2883 gens

715 2889 795 2956 quusi
809 2890 935 2954 princeps
946 2888 1075 2951 obtinuit,
1089 2888 1252 2939 servandam

715 2976 749 3011 ac
761 2959 905 3020 tuendam
923 2959 948 3008 ei
964 2958 1072 3023 quidem
1086 2973 1179 3009 omnes
1195 2974 1253 3008 ma·

714 3031 785 3080 iores
812 3030 991 3094 magistratus
1012 3027 1185 3079 Bacchiadae
1207 3043 1252 3078 ca·

714 3098 864 3165 peaacbent
882 3104 910 3148 et
928 3113 976 3163 per
989 3113 1086 3148 manne
1105 3099 1183 3164 quasi
1200 3098 1254 3148 sibi

714 3168 875 3233 tradebant,
891 3169 1007 3219 caeteris
1022 3167 1158 3219 nobilibus
1169 3169 1253 3219 omni·

714 3254 766 3304 que
773 3237 850 3304 plebe
859 3239 982 3289 exclusa:
993 3254 1046 3304 que
1055 3238 1253 3289 acceditetiam

715 3324 748 3359 eo
753 3308 855 3373 opinio,
863 3323 944 3373 quam
951 3309 1146 3359 iuterGraecos
1156 3323 1255 3373 propa·

714 3383 808 3445 getam
824 3379 961 3441 videmus,
978 3393 1010 3429 ex
1028 3393 1083 3443 qna
1102 3381 1210 3442 gerarte
1226 3382 1256 3428 et

716 3448 857 3512 sangnInia
875 3449 1074 3514 praestantiam
1091 3464 1152 3498 cum
1169 3445 1255 3513 ipsiu's

714 3518 827 3570 virtutis
840 3516 922 3568 laude
935 3518 976 3567 ita
987 3518 1161 3568 coniunctam
1178 3524 1256 3582 puto-

715 3592 789 3652 rent‚
804 3591 835 3638 ut
851 3586 925 3638 illam
937 3589 1071 3652 integram
1087 3588 1257 3637 studiosissi-

717 3673 760 3708 me
780 3671 889 3708 servare
910 3661 1083 3708 conarentur.
1120 3658 1207 3720 Quam
1227 3658 1256 3705 in

717 3741 772 3777 rem
785 3726 863 3791 plura
877 3725 1001 3792 disputat
1014 3726 1044 3779 0.
1058 3727 1186 3791 Wagner.
1205 3725 1222 3775 l.
1237 3726 1257 3778 l.

717 3811 779 3862 pug.
794 3797 821 3848 9.
837 3795 876 3846 10.
902 3797 945 3847 Ad
958 3801 1147 3861 argumentum
1160 3796 1258 3847 verbo·

717 3881 776 3916 rum
787 3880 863 3931 seqq.
875 3865 934 3931 (ubi
942 3863 1052 3915 τούτων
1061 3866 1123 3917 dedi
1133 3882 1183 3932 pro
1193 3880 1256 3914 τον-

717 3928 800 4000 elev)
816 3934 852 3984 cf.
873 3934 965 3986 Photii
977 3934 1048 3986 Bibl.
1070 3951 1133 4003 pag.
1151 3936 1217 3988 1583
1230 3940 1259 3987 et

719 4019 781 4070 pag.
792 4004 854 4053 487.

755 4062 866 4137 οὔνομα
878 4070 910 4124 δέ
922 4067 952 4123 ol
963 4059 999 4139 ἦν
1008 4068 1118 4143 Λάβδα]
1135 4075 1187 4125 Hie
1198 4091 1257 4126 ver-

135 4136 165 4187 15
181 4139 223 4190 ed.
239 4138 325 4206 Rip).
358 4140 670 4206 NamregioeHeracli-
720 4143 764 4195 bis
780 4143 930 4195 Grearer.
947 4143 1256 4210 (commenitflerodd.

134 4204 226 4258 «larum
244 4210 340 4273 stirpis
359 4210 445 4263 lubae
464 4211 590 4262 dicuntur
601 4211 671 4261 Bac·
721 4228 784 4278 pag.
800 4211 847 4279 92)
869 4213 982 4264 adhibet
1000 4215 1085 4265 verba
1102 4218 1139 4265 Et
1186 4214 1256 4276 olop.

135 4273 263 4342 chindas,
281 4294 299 4328 a
314 4278 452 4332 Bacchis.
466 4280 600 4343 flecchia,
623 4280 671 4345 qni
720 4297 811 4348 magn.
825 4298 852 4347 p.
871 4283 921 4333 199
933 4299 960 4348 p.
975 4283 1021 4334 181
1038 4286 1113 4350 Lips.
1134 4230 1258 4347 βλιδασός,

136 4358 170 4395 un
222 4347 277 4398 luit
297 4350 440 4413 eposteris
458 4364 491 4400 ac
506 4351 671 4403 successori·
721 4344 951 4413 παραλυτικός-
962 4345 978 4401 ὁ
990 4348 1057 4410 τούς
1066 4346 1158 4410 πόδας
1168 4344 1213 4402 ἐπὶ
1224 4346 1259 4402 τὰ

136 4411 184 4463 bus
223 4415 299 4467 letae
315 4417 479 4470 Heraclidae
502 4417 593 4484 (quem
616 4420 670 4484 pri·
721 4414 773 4481 ἔξω
786 4416 1019 4488 διεοιραμμένος,
1034 4418 1081 4472 καλ
1097 4419 1137 4492 τῷ
1150 4422 1173 4471 Λ
1187 4436 1259 4472 στοι-
