3010 5134
267 416 330 480 564

704 409 971 509 neronom

651 524 674 568 ο

267 592 438 679 κιοεργέας
452 592 588 669 ἕκαστος
602 588 685 676 εἶχε,
708 589 762 657 ἐπὶ
784 589 821 657 δὲ
842 593 917 676 τῇσι
931 590 1097 674 κεφαλῇσι
1118 583 1243 673 κράνεα
1257 583 1374 671 χάλκεα,
1381 600 1416 648 itt

270 694 353 781 πρὸς
367 695 403 763 δὲ
423 711 509 763 τοῖσι
530 692 667 778 κράνεσι
689 683 756 761 ὦτά
776 718 811 759 τε
831 695 887 759 καὶ
906 696 1004 776 κέρεα
1026 694 1155 778 προσῆν
1168 686 1246 777 βοός
1265 688 1382 774 χάλκεα,

271 803 398 885 ἐπῆσαν
413 799 450 866 dt
465 798 520 865 καλ
534 798 647 884 λόφοι·
677 794 734 874 τὰς
753 795 789 863 δὲ
803 794 931 881 κνήμας
944 793 1060 881 ῥάκεσι
1076 798 1276 880 φοινικέοισι
1290 817 1384 858 κατει-

271 910 394 988 λίχατο.
436 903 473 969 έν
501 900 646 968 τούτοισι
676 915 761 968 τοῖσι
787 895 929 984 ἀνδράσι
948 896 1065 983 ”Apsos
1097 898 1165 964 ἐστι
1193 891 1385 982 χρηστήριον.

227 1015 266 1074 77
278 1006 449 1092 Καβηλέες
468 1003 505 1071 di
520 1008 554 1071 oi
565 1009 732 1090 Μηΐονες,
753 999 912 1070 Λασόνιοι
934 1000 971 1068 δέ
985 996 1202 1088 καλεόμενοι,
1224 998 1286 1086 τὴν
1299 994 1388 1083 αὐτὴν

272 1212 362 1267 cetur,
387 1204 415 1253 iu
429 1204 546 1255 eseteris
566 1202 723 1267 pierumque
737 1201 813 1250 eddi-
864 1199 908 1250 rili
924 1200 991 1264 (vid.
1009 1204 1077 1250 nott.
1091 1199 1125 1248 sd
1138 1199 1200 1258 VII,
1211 1198 1259 1263 60)
1272 1199 1387 1257 versibus,

273 1284 335 1338 tur,
355 1275 480 1340 perierit,
502 1272 574 1323 houd
592 1272 736 1321 siiirmem:
762 1287 813 1320 nee
864 1268 1387 1335 quosservsvitlosephnscontnipion.

273 1347 359 1409 magis
373 1343 515 1405 sitirmem,
530 1357 592 1392 nuru
606 1342 702 1390 similis
714 1341 812 1390 inerme
864 1340 886 1402 1,
900 1343 943 1389 22.
959 1355 985 1404 p.
1000 1342 1052 1390 tot
1066 1338 1109 1388 ed.
1128 1340 1313 1403 Hsrerenmp.
1331 1337 1389 1401 (Vei.

273 1418 299 1465 in
315 1413 448 1464 Herodoti
461 1413 545 1463 libros
561 1413 680 1475 scriptos
699 1412 815 1474 irrepse·
863 1411 910 1458 Vi.
932 1426 959 1474 p.
977 1410 1027 1461 200
1052 1409 1094 1459 ed.
1115 1407 1262 1471 Bethor),
1287 1421 1389 1473 querque

274 1487 323 1547 rit,
341 1487 368 1534 in
382 1498 436 1548 qus
453 1484 487 1533 de
500 1482 650 1532 Iudaeorum
665 1487 747 1544 gente
760 1480 814 1529 No·
864 1486 993 1529 eeournte
1011 1478 1143 1543 explicuit
1161 1478 1258 1527 Nseke
1273 1474 1388 1541 (Choerili

266 1562 330 1605 ster
349 1553 490 1613 retulerit,
519 1567 586 1617 qnos
612 1549 758 1615 signiiiesri
781 1564 814 1598 so
835 1561 838 1567 ·
863 1548 949 1597 Samii
971 1564 1042 1613 ques
1062 1554 1208 1612 supersunt
1227 1554 1282 1599 ote.
1308 1563 1331 1612 p.
1353 1544 1390 1595 lto

273 1622 423 1675 luculenter
438 1622 555 1672 describi
569 1619 664 1671 volunt
680 1620 714 1668 iis
727 1618 814 1669 choe—
853 1616 949 1683 .seq.):

439 1720 478 1789 τῷ
492 1720 520 1771 δ’
534 1712 642 1772 irrideo
655 1715 778 1786 διέβαινε
792 1715 872 1783 γένος
886 1711 1053 1783 θαυμαστόν
1068 1713 1196 1780 ἰδέσθαι,

357 1838 363 1847 ,
438 1791 565 1857 γλῶσσαν
581 1785 632 1853 μέν
644 1790 799 1841 Φοίνισσαν
811 1782 868 1838 dud
883 1782 1028 1854 στομάτων
1040 1781 1185 1851 ἀφιέντες·

440 1851 531 1927 ιβίευν
544 1852 571 1909 δ’
589 1852 618 1910 έν
634 1854 776 1923 Σολύμοις
789 1847 866 1920 ὄρεσι
880 1855 984 1924 πλατέῃ
1002 1850 1048 1908 int
1062 1857 1161 1921 λίμνῃ,

438 1923 590 1995 αὖχμαλιόι
603 1924 741 1990 κορυφὰς,
754 1922 986 1989 τροχοκοόριδες·
1005 1920 1095 1989 αὐτὰρ
1106 1916 1236 1987 ὕπερθεν

440 1998 538 2049 iuncos
550 1993 639 2061 δαρτὰ
652 1991 782 2061 πρόσωπ’
798 1991 922 2061 ἐφόρευν
938 1990 1091 2062 ἐσκληκότα
1104 1994 1215 2060 καπνῷ.

273 2104 352 2154 Unde
365 2101 445 2153 simul
456 2101 617 2164 intelligitur
627 2099 701 2164 (nem
714 2115 746 2150 eo
757 2117 815 2165 spe·
866 2119 929 2167 qnae
944 2103 1008 2165 iupis
1025 2100 1173 2152 coercendis
1189 2115 1211 2149 s.
1227 2094 1392 2161 interficiendi

276 2180 352 2222 etant
367 2172 448 2222 verbs
462 2168 499 2236 τῷ
512 2163 540 2218 δ’
553 2161 658 2220 inrum
670 2167 816 2236 διέβαινε),
865 2175 915 2222 rint
927 2181 1002 2235 apta:
1020 2171 1087 2220 bene
1105 2184 1204 2220 memor
1215 2184 1287 2218 τοτε
1306 2157 1393 2230 κροβό·

276 2241 429 2291 Choerilum
439 2239 522 2291 simili
532 2240 588 2291 iere
600 2240 688 2301 modo,
699 2256 751 2306 quo
761 2241 815 2292 He·
866 2242 932 2297 λους
947 2240 1096 2306 significari
1108 2240 1267 2302 pastoritiunr
1283 2236 1360 2286 telnnr
1375 2249 1391 2281 s.

275 2311 414 2374 τοδοιιιτιι,
429 2311 551 2375 singulus
569 2316 665 2375 gentes
678 2326 711 2359 eo
721 2310 815 2361 ordine
866 2312 1045 2361 senatorium.
1078 2309 1202 2373 Namque
1220 2305 1392 2373 cogitantem.

274 2382 450 2441 recensuisse,
465 2397 517 2445 qno
529 2388 637 2445 pontem
651 2382 815 2443 transirent3
866 2381 977 2446 opinor,
1000 2379 1132 2443 degente
1151 2378 1314 2442 pestoritis,
1337 2387 1393 2439 quet

276 2452 392 2502 indeeos
415 2466 480 2501 vero
506 2449 577 2515 quod
599 2450 679 2513 γένος
703 2448 817 2513 daupu·
866 2451 949 2501 solite
969 2450 1022 2500 sibi
1040 2464 1115 2498 srms
1132 2448 1159 2497 in
1184 2446 1287 2497 bellurn
1307 2442 1394 2509 proiici-

276 2512 344 2570 στὸν
356 2515 469 2570 ἰδέσθαι
487 2522 568 2584 poete
582 2520 665 2582 dixit,
683 2536 715 2570 eo
728 2521 815 2585 mspis
867 2536 946 2572 scens
956 2520 1078 2570 retinnit.
1092 2519 1152 2580 Quo
1163 2517 1258 2567 eodem
1269 2515 1339 2566 hsnd
1348 2512 1394 2563 seio

276 2592 371 2640 mirem
385 2590 505 2650 ridetur,
519 2588 620 2638 nullent
637 2604 726 2639 eornm
742 2605 815 2639 men-

276 2663 376 2710 tionem
389 2658 447 2709 fieri
459 2660 487 2707 in
501 2658 633 2707 Herodoti
648 2674 770 2709 recensu.

316 2725 364 2779 καλ
376 2721 541 2793 ,προβόλους
558 2718 611 2775 δύο
623 2722 813 2792 λυκιοεργέας]

274 2794 435 2865 προβόλους
458 2799 558 2847 Noster
586 2797 656 2846 dixit
684 2797 816 2859 terrebaris,

276 2870 364 2919 durias
381 2885 401 2919 s.
414 2876 517 2929 versia,
538 2858 672 2927 ἀκόντια,
692 2874 723 2916 nt
734 2867 818 2917 Gree-

278 2956 326 2989 ons
347 2938 458 3003 quidem
477 2937 590 3000 exponit
612 2937 815 3001 grammaticus.

277 3012 334 3059 Nee
350 3008 405 3057 etio
419 3006 564 3071 pertinebit
575 2997 731 3068 κροβόλιοι
745 3004 816 3070 epnd

278 3076 484 3141 Xenophontem
498 3076 656 3137 inCyneget
680 3075 718 3124 to.
735 3077 758 3135 5.
777 3075 817 3124 12.

283 3146 313 3195 te
331 3154 358 3195 et
376 3137 550 3209 προβόλαιον
565 3144 636 3206 apud
651 3145 818 3193 Herodotum

278 3215 347 3274 Vll,
365 3214 425 3267 tte.
440 3214 487 3263 ubi
501 3212 574 3264 conf.
588 3216 656 3260 nott.
686 3213 749 3262 Mox
761 3213 818 3262 edi·

278 3286 375 3334 «ierunt
389 3278 555 3343 λυκοεργέας
567 3298 581 3331 e
595 3282 733 3331 Seueroiti
747 3282 817 3333 libro

277 3355 395 3417 niiisque
419 3359 446 3401 et
465 3350 697 3414 Iisrpocrstione,
722 3352 817 3407 Snids⁹

278 3422 394 3479 Protin,
417 3436 475 3470 eum
490 3420 630 3469 Athenaeo
649 3421 696 3472 xi.
717 3437 742 3485 p.
757 3424 817 3483 tet,

279 3495 325 3557 qni
338 3497 428 3541 temen
437 3491 519 3542 soribi
529 3489 617 3539 veluit
629 3484 816 3554 λυκιοεργέας,

280 3570 310 3611 nt
328 3561 386 3610 siut
404 3559 526 3610 venabula
543 3561 567 3609 in
582 3559 660 3623 λγιία
677 3560 818 3622 elaborata,

279 3621 408 3698 έυΛοκίᾳ
418 3622 593 3691 εἰργασμένα,
608 3630 696 3693 Atque
707 3630 745 3678 its
754 3637 818 3695 post

279 3700 507 3764 lungermeuuum
525 3696 706 3749 exhibuerunt
719 3700 819 3750 Sohae-

279 3771 353 3819 εοεαε
370 3774 398 3818 et
415 3767 568 3827 Bethoron,
589 3766 668 3817 velde
685 3769 818 3832 probante

280 3838 432 3902 Bellnnger.
455 3837 483 3886 in
511 3843 579 3887 nott.
604 3837 678 3900 apud
700 3838 818 3888 Lmehe-

279 3923 352 3958 rum:
376 3923 444 3971 qnos
464 3922 514 3969 ego
538 3921 598 3956 oum
621 3921 690 3957 reeo.
710 3907 770 3958 edd.
790 3914 817 3957 et

279 3977 415 4027 Bredovio
430 3993 492 4040 μσς.
511 3975 553 4026 titi
568 3982 679 4026 secutus
691 3992 760 4026 sum.
785 3978 816 4026 ln

279 4047 437 4097 Florentino
464 4046 581 4111 aliisque
605 4052 697 4096 exstet
722 4044 817 4107 λυκερ-

279 4112 359 4181 γέας.
392 4116 465 4181 quod
495 4116 692 4177 Weereiiupius
722 4116 815 4166 edidit.

175 4230 178 4234 .
279 4186 379 4251 Bergk.
392 4185 425 4235 sd
437 4187 600 4236 Ausereout.
614 4185 719 4250 iieiiqq.
731 4201 756 4248 p.
769 4187 819 4235 225

280 4249 609 4335 melueretioureoppine.
632 4253 764 4318 Equidem
774 4253 820 4303 λυ-

279 4324 424 4388 κιοεργέας
433 4326 462 4390 (i.
476 4341 498 4375 e.
510 4324 613 4380 λυκους
624 4322 771 4387 εἴργοντας
781 4326 820 4374 in-

281 4401 399 4459 terprete
410 4392 580 4445 Doederlein.
592 4395 620 4443 in
630 4392 751 4444 Giosssr.
762 4395 819 4444 Ho-

281 4479 345 4515 mer.
361 4464 398 4513 11.
417 4479 443 4528 p.
461 4462 521 4526 105)
539 4464 703 4527 interpretor
720 4474 818 4527 νεικια,

867 2606 902 2640 sn
921 2595 1046 2655 spectent
1067 2587 1187 2651 insignis
1203 2586 1293 2651 psleis
1315 2582 1394 2634 addin

866 2661 972 2710 surium
995 2663 1023 2708 et
1039 2672 1169 2709 cornuum
1188 2656 1348 2706 berinornrn
1368 2664 1393 2699 ex

866 2745 930 2781 sere
944 2729 1140 2779 coniectorum.

910 2825 959 2888 τὰς
984 2826 1094 2894 κνήμας
1120 2820 1214 2893 (inirent
1234 2819 1393 2889 φοινικέοισι

867 2897 1054 2964 κατειλίχατο]
1085 2899 1102 2947 i.
1123 2916 1146 2948 e.
1172 2913 1250 2947 crura
1273 2897 1396 2960 perpererit

866 2972 958 3033 ροιιιιίι
977 2972 1087 3020 innotuis
1101 2966 1235 3019 dedebent.
1270 2968 1345 3017 citet
1355 2964 1398 3013 ilu-

868 3039 952 3091 stetit,
968 3039 1000 3087 nd
1020 3039 1063 3089 lii.
1081 3053 1107 3101 p.
1123 3037 1186 3096 itt,
1203 3038 1235 3086 14
1252 3054 1275 3085 s.
1295 3032 1395 3093 ituit

867 3109 915 3174 qui
938 3109 1009 3158 idem
1035 3107 1069 3157 nd
1092 3108 1206 3169 Dionys.
1229 3106 1336 3169 Perieg.
1356 3100 1396 3151 iiii

867 3179 949 3229 euim
967 3176 1050 3227 verbe
1063 3176 1205 3241 sequentis
1220 3177 1339 3236 excitet,
1354 3185 1397 3221 non

867 3249 1089 3297 animadvertens
1118 3244 1254 3295 excidisse
1288 3237 1397 3294 nonnihit

866 3318 946 3367 initio
971 3317 1051 3366 huius
1077 3315 1184 3379 ospitis.
1226 3313 1269 3363 Ad
1297 3314 1397 3362 formem

868 3385 1044 3450 κατειλίχατο
1059 3383 1230 3435 οοιιέ.·κ11ιιῑο
1243 3382 1279 3433 εδ
1293 3383 1359 3441 Vll,
1370 3379 1397 3427 δ’]

868 3462 896 3508 et
909 3461 940 3505 de
955 3456 1038 3505 verbo
1053 3451 1236 3502 κατειλέσσειν
1250 3452 1304 3503 v11
1313 3491 1319 3513 ‚
1335 3451 1384 3501 181.

1029 3645 1096 3725 Cer.
1114 3644 1252 3695 LXXVII.

907 3760 1058 3832 Καβηλέες]
1077 3765 1138 3816 Vid.
1155 3771 1226 3818 nott.
1246 3764 1281 3815 sd
1300 3764 1355 3821 ΙΙΙ,
1370 3758 1398 3809 nit

869 3843 897 3887 et
918 3837 952 3886 ed
970 3832 1102 3899 Μηΐονες
1126 3840 1196 3886 nott.
1221 3836 1256 3886 ed
1274 3834 1342 3893 vn,
1362 3831 1397 3879 ii.

869 3907 1013 3957 'Praeterit
1038 3905 1105 3955 hseo
1132 3920 1217 3970 nuper
1237 3905 1325 3956 Steiu.
1346 3902 1397 3950 Viu-

869 3976 938 4027 diee.
950 3975 1069 4026 Herodd.
1081 3975 1197 4040 Speeim.
1208 3991 1234 4039 p.
1248 3973 1280 4024 tt
1290 3989 1345 4037 seq.
1358 3985 1397 4035 pro

869 4040 1003 4096 Λασόνιοι
1029 4048 1124 4110 reponi
1149 4046 1246 4095 iubens
1269 4040 1398 4098 Λυσίτιυι,

868 4118 915 4181 qni
925 4115 1031 4166 iueoine
1041 4114 1175 4165 habentur
1183 4111 1328 4171 Αυσινίας,
1337 4108 1397 4175 qnod

872 4187 1000 4251 oppidum
1016 4185 1101 4237 fuisso
1120 4186 1206 4234 fertur
1218 4182 1351 4247 Phrygius
1361 4179 1399 4229 Pi·

871 4257 976 4306 sidione
998 4272 1015 4305 s
1028 4255 1201 4312 Ptolemaeo,
1215 4253 1278 4302 eliis
1297 4263 1398 4301 comme·

872 4331 1021 4375 moretum:
1044 4326 1123 4375 euius
1134 4324 1225 4389 gentis
1237 4322 1336 4372 mentio
1346 4332 1396 4370 eun

870 4394 922 4445 hoe
936 4394 995 4444 loeo
1007 4396 1094 4444 minus
1108 4400 1176 4458 spts
1190 4393 1332 4449 videatur,
1347 4402 1396 4438 eum

870 4466 898 4515 iu
911 4465 1023 4523 irenes,
1043 4479 1123 4531 quum
1143 4462 1220 4514 initio
1233 4474 1293 4529 nep.
1306 4460 1339 4511 id
1349 4461 1396 4509 rtr-
