3010 5134
255 350 318 413 570
693 351 956 415 ΗΕΒΟΒΟΤΙ

212 526 362 615 86χιάχη·
391 527 446 596 καὶ
462 525 678 613 ἐπετετάχατο
692 529 725 605 ἐς
739 523 815 605 τοὺς
829 528 970 612 Πέρσας.
1016 529 1130 614 Μῆδοι
1149 525 1186 593 δὲ
1200 522 1260 612 τήν
1273 550 1331 608 περ
1342 525 1372 592 ἐκ

257 637 304 725 τῷ
320 637 407 723 πεζῷ
422 630 513 717 εἶχου
526 628 669 717 σκευὴν,
688 630 743 697 καὶ
757 637 891 698 Κίσσιοι
906 625 1072 708 ὡσαύτως.
1117 626 1214 698 'Ivdoi
1230 627 1265 697 δὲ
1281 630 1373 714 σκευῇ

256 736 319 823 μέυ
333 734 510 822 ἐσεσάχατο
528 739 570 822 τῇ
592 730 677 820 αὐτῇ
697 733 753 800 καὶ
772 736 809 801 ἐν
828 737 874 826 τῷ
898 739 1001 825 πεζῷ,
1027 730 1176 820 ἦλαυυου
1193 734 1230 801 δὲ
1250 735 1374 819 κέλητας

255 841 311 908 καὶ
325 835 473 926 ἅρματα,
489 832 556 906 ὑπὸ
571 836 608 906 δέ
621 850 705 904 τοῖσι
716 832 838 922 ἅρμασι
854 831 989 923 ὑπῆσαν
1002 840 1098 905 ἵπποι
1113 837 1169 904 καὶ
1183 833 1254 905 <ivor
1265 832 1372 921 άγριοι.

254 943 411 1025 Βάκτριοι
428 941 465 1009 δὲ
480 938 683 1009 ἐσκευάδατο
698 934 854 1019 ὡσαύτως
868 941 923 1008 καὶ
938 944 975 1009 ἐν
991 944 1038 1032 τῷ
1052 944 1157 1031 πεζῷ,
1172 941 1228 1008 καὶ
1242 939 1374 1008 Κάσπιοι

254 1042 385 1134 ὁμοίαις.
428 1051 552 1131 Λίβυες
573 1043 610 1113 di
632 1044 686 1111 καὶ
702 1039 797 1111 αὐτοὶ
818 1042 965 1127 κατάπερ
986 1046 1024 1112 ἐν
1045 1047 1091 1136 τῷ
1106 1048 1209 1135 πεζῷ·
1237 1040 1374 1131 ἤλαυνον

256 1150 292 1218 δὲ
312 1150 368 1217 καὶ
382 1138 473 1217 οὗτοι
495 1145 617 1227 πάντες
636 1143 776 1234 ἅρματα.
813 1142 858 1226 εἲς
872 1145 905 1215 δ’
922 1144 1031 1225 αὕτως
1045 1144 1229 1232 Κάσπειροι
1244 1148 1299 1214 καὶ
1313 1154 1373 1213 Πα-

256 1251 399 1342 ρικάνιοι
415 1252 592 1339 ἐσεσάχατο
606 1247 727 1340 ὁμοίως
741 1252 797 1318 καλ
810 1253 847 1319 ἐν
861 1257 907 1344 τῷ
922 1255 1023 1342 πεζῷ·
1050 1247 1194 1336 Ἀράβιοι
1209 1250 1247 1319 δὲ
1263 1247 1375 1335 σκευὴν

289 1411 471 1483 ἐπετετάχατο
488 1407 516 1474 ἐς
532 1404 599 1474 τοάς
617 1411 737 1481 Πέρσας]
754 1417 795 1466 De
846 1421 915 1467 nott.
927 1423 955 1467 et
967 1416 1084 1467 Bohleu:
1104 1417 1161 1468 Des
1174 1417 1230 1468 ulte
1242 1417 1334 1466 ludien
1345 1416 1374 1464 11.

254 1492 306 1541 hnc
318 1490 454 1540 locutione
467 1487 540 1538 eous.
556 1492 624 1539 nott.
637 1487 671 1536 sd
686 1488 749 1540 vll.
762 1488 793 1538 21
846 1501 909 1551 pag.
928 1487 970 1539 73.
1005 1487 1047 1536 De
1060 1501 1128 1536 voce
1143 1480 1224 1549 κέλης
1244 1487 1293 1552 qui
1311 1486 1376 1549 pirus

257 1561 332 1613 etde
352 1561 440 1610 forms
458 1557 720 1623 plusquamperfeeti
736 1549 797 1605 ἐπε·
846 1557 956 1621 cupiet,
984 1556 1066 1606 adest
1087 1556 1169 1607 Thes.
1193 1557 1275 1621 Ling.
1292 1555 1375 1605 Grset.

254 1623 387 1695 τετάχατο
399 1628 486 1679 silete
496 1629 531 1677 ud
542 1626 657 1687 vl1,u:3.
682 1628 742 1689 Quo
753 1641 797 1675 eo·
846 1626 894 1676 IV.
911 1643 937 1691 p.
953 1627 1017 1677 1425
1033 1625 1075 1675 ed.
1086 1626 1214 1676 Dindori.

256 1702 315 1751 dem
340 1701 478 1765 pertinent
499 1698 526 1746 iu
546 1712 607 1760 esp.
628 1712 685 1761 seq,
705 1687 797 1744 ἐσεσά-

255 1783 323 1835 χατο
336 1776 363 1818 et
374 1760 552 1817 ἐσκευάδατο.
578 1766 657 1828 Quod
667 1781 731 1817 vero
740 1765 796 1815 Ns-

254 1841 302 1890 ber
321 1840 349 1889 in
369 1839 537 1899 Mnemosyu.
554 1836 600 1885 IV.
618 1835 725 1899 psg.2ti
745 1850 794 1900 pro

255 1900 455 1970 ἐπετετάχατο
473 1904 536 1971 poni
554 1904 613 1954 vult
637 1895 793 1967 ἐτετάχατο,

255 1995 317 2030 uum
331 1977 413 2026 verbo
426 1975 577 2039 composito
593 1973 639 2023 hie
653 1972 743 2023 nulius
757 1975 794 2022 sit

254 2049 347 2108 loeus,
361 2045 485 2110 equidem
497 2044 606 2094 verbnm
616 2044 794 2107 compositum

255 2116 348 2168 eodem
363 2116 442 2164 modo
458 2131 491 2165 ιιο
507 2129 589 2164 sensu
601 2113 717 2177 positum
734 2113 760 2163 h.
775 2112 793 2165 Ι.

881 1690 929 1744 καλ
952 1684 1016 1743 ὅκοι
1036 1686 1142 1761 ἄγριοι]
1163 1696 1260 1746 Asinos
1277 1696 1344 1757 seros
1358 1711 1376 1743 ι.

845 1781 957 1830 evasuros
980 1764 1088 1816 Ctesias
1114 1762 1222 1831 quoqu'e
1250 1766 1326 1816 novit
1341 1765 1376 1814 in·

846 1834 915 1885 dico.
935 1838 960 1897 ξ.
979 1834 1012 1883 25
1028 1833 1089 1885 coil.
1109 1835 1215 1885 Aelius.
1232 1837 1269 1887 N.
1288 1836 1319 1885 A.
1336 1835 1375 1893 lv,

845 1906 893 1961 523
912 1904 947 1953 sd
958 1919 1038 1968 quem
1048 1904 1136 1954 locum
1149 1904 1188 1969 (p.
1200 1904 1254 1955 329
1263 1905 1375 1969 irsgmm

845 1972 932 2037 Ctes.)
940 1974 1044 2038 reliqua
1054 1979 1175 2025 veterum
1186 1976 1343 2025 testimonis
1349 1972 1376 2022 de

845 2043 887 2092 his
905 2045 993 2092 asinis
1015 2043 1080 2093 ieris
1103 2042 1185 2095 attuli
1203 2050 1233 2095 et
1253 2045 1376 2110 quodnam

845 2128 913 2163 saus
920 2113 1021 2162 enimsi
1030 2112 1235 2179 intelligendum
1246 2113 1377 2175 esset,die

255 2187 396 2243 existimo,
413 2200 465 2249 quo
480 2199 541 2247 esp.
557 2184 604 2232 87:
627 2171 748 2247 ’Λράβιοι
763 2175 795 2231 δὲ

253 2250 362 2318 ἔσχατοι
377 2245 600 2316 ἐπετετάχατος
619 2254 713 2319 iisque
726 2252 794 2302 ints-

253 2332 326 2377 etum
340 2325 447 2391 renqui.

845 2182 954 2248 quisivi.
976 2184 1015 2233 Ut
1027 2182 1096 2232 euim
1109 2187 1224 2245 mittum,
1237 2199 1309 2249 quse
1319 2184 1376 2234 mira
1450 2242 1451 2247 χ

846 2259 873 2303 et
893 2249 1018 2303 fabuloso
1036 2252 1070 2302 de
1089 2252 1140 2304 hee
1158 2255 1248 2307 besem
1263 2269 1280 2302 ε
1294 2252 1376 2303 Ctesis

846 2322 1022 2387 proferuntur
1037 2321 1136 2373 haustu
1152 2323 1199 2373 ills
1213 2324 1336 2389 quidem,
1351 2326 1376 2370 ut
1450 2332 1451 2347 ³

845 2390 971 2450 videtur,
997 2405 1012 2439 e
1038 2390 1112 2458 vulgi
1139 2393 1334 2443 traditionibus
1354 2398 1377 2441 et

845 2465 1078 2529 monumentorum
1119 2462 1377 2527 Persepolitsuornm

843 2531 1025 2595 imaginibus3
1055 2537 1150 2581 nostru
1177 2538 1273 2582 aetate
1302 2533 1376 2589 fuere,

288 2599 399 2666 Μῆδοι]
420 2602 461 2651 De
476 2601 609 2650 Medorum
620 2604 649 2649 et
661 2600 794 2649 Curiorum
844 2602 890 2665 qui
916 2599 948 2651 de
966 2600 1082 2649 Ariutim
1100 2603 1258 2654 rhinocerote
1282 2602 1376 2666 ‹rogits-

252 2681 390 2722 srmsturs
402 2671 455 2724 vid.
468 2672 529 2729 vll,
540 2672 587 2729 623
606 2670 640 2719 de
651 2668 794 2728 Imlr'sViL
844 2675 905 2720 rent
920 2676 968 2719 sut
985 2670 1018 2720 de
1034 2670 1089 2720 atio
1104 2672 1220 2737 quadem
1235 2673 1324 2721 hostis
1337 2684 1375 2734 per

252 2743 301 2801 «553
325 2743 358 2792 de
371 2743 482 2792 Bactriis
496 2740 547 2789 vn
555 2777 562 2801 ‚
581 2740 629 2795 (543
648 2737 681 2786 de
693 2739 793 2800 Caspiis
843 2738 1072 2789 interiorisdsiue
1083 2741 1179 2805 pinges
1188 2742 1312 2805 psiunte3
1322 2742 1376 2789 λιττ-

253 2813 382 2874 v11‚67;
403 2811 435 2861 de
452 2810 554 2873 Libyeis
568 2809 635 2869 vll,
649 2807 691 2885 ⁷¹4
843 2809 940 2859 citerus
953 2808 1060 2858 Zebrum
1074 2812 1216 2862 intellexit.
1254 2809 1375 2876 Equidem

287 2870 414 2947 ἤλαυνον
433 2874 463 2929 δὲ
480 2874 596 2942 κέλτχτας
610 2874 657 2926 καλ
669 2874 792 2941 αρχιατα]
842 2880 1001 2943 peritiorum
1014 2878 1117 2931 iudicis
1131 2884 1158 2930 iu
1174 2881 1278 2931 talibus
1292 2894 1376 2941 exspe-

251 2948 340 3007 ἴπτος
371 2945 452 3014 κε’λτχς
482 2950 582 2998 dicitur
610 2948 729 2998 Homero
763 2948 791 2996 iu
842 2956 920 2998 etsns
936 2947 1019 2997 nolim
1035 2948 1196 3004 discernere.
1224 2949 1375 3016 Nequelie
1449 2972 1450 2977 =

253 3021 352 3083 Odyss.
364 3021 397 3081 V,
408 3020 468 3077 371,
484 3019 530 3067 ubi
542 3022 657 3067 unnotst
667 3015 790 3067 Nitsseh.
841 3018 955 3068 rodotus
968 3016 1038 3069 teies
1051 3022 1144 3070 ssinos
1160 3021 1218 3084 ipse
1231 3021 1333 3070 vidisse
1343 3018 1376 3065 τί-

252 3106 314 3155 pag.
331 3089 364 3138 57
390 3091 430 3139 sie
450 3089 505 3139 diei
527 3102 623 3152 equum
645 3086 680 3135 ud
702 3091 793 3136 uerts-
842 3089 934 3138 detur:
958 3101 1026 3152 quos
1045 3090 1321 3155 alioquioceurssim
1336 3088 1375 3138 ds·
1449 3094 1450 3099 ’

252 3161 326 3208 minu
355 3159 509 3223 equestria,
545 3172 615 3221 quse
647 3161 790 3218 vocentur,
842 3158 1008 3221 scripsisset.

251 3234 345 3294 sptium
359 3243 408 3278 nee
421 3228 545 3292 plaustra
558 3224 723 3282 trahentem
744 3226 793 3289 qni
876 3223 979 3293 Λίβυες
993 3218 1025 3274 δέ
1039 3222 1088 3275 καλ
1106 3218 1189 3276 αὐτοὶ
1202 3243 1228 3276 κ.
1242 3243 1267 3279 τ.
1280 3226 1316 3293 λ]
1338 3227 1375 3275 Li·

252 3300 323 3349 enim
343 3313 439 3348 currus
456 3295 582 3356 trahunt,
604 3296 625 3343 ii
648 3294 791 3358 peculiari·
841 3297 912 3361 oyem
925 3296 969 3345 hio
982 3295 1084 3347 nullum
1099 3314 1159 3349 esse
1172 3297 1260 3347 locum
1272 3301 1375 3347 eonten-

251 3374 293 3419 ter
305 3373 437 3429 vocentur
449 3363 547 3426 ἵπποι,
564 3364 789 3430 quemadmodum
840 3367 906 3417 deus
920 3365 1072 3417 Lurcherus
1093 3368 1188 3432 reponi
1206 3367 1265 3417 vnit
1279 3368 1375 3430 Ατρλοι,

252 3438 325 3503 apud
344 3438 424 3486 Dion.
448 3438 524 3485 (iuss.
544 3435 672 3497 xxxvl,
691 3434 723 3483 32
750 3433 790 3482 di·
841 3451 908 3502 quos
923 3436 1078 3488 Bactrianis
1098 3437 1203 3487 vicinos
1221 3450 1377 3486 commemo·

252 3508 426 3571 stinguuntuu
436 3506 489 3555 viri
499 3498 528 3554 ui
536 3497 588 3568 μὲν
598 3494 644 3552 dni
655 3495 789 3567 κελήτων,
839 3512 881 3556 res
893 3508 992 3557 Noster
1005 3506 1057 3569 111,
1073 3505 1115 3557 92,
1152 3507 1286 3572 Equidem
1300 3508 1327 3556 in
1341 3511 1376 3554 ts·

252 3567 541 3640 οῑδέἐφ’άρμάτωα,
573 3573 791 3624 NeuulitorHe·
838 3574 1009 3625 libusrnsiui
1030 3591 1046 3626 s
1064 3576 1192 3626 librorum
1215 3578 1375 3627 auctoritate

251 3649 364 3699 rodotus
383 3646 542 3711 distinguit,
569 3644 651 3694 Indos
675 3658 790 3694 narrans
840 3650 922 3695 sture.

251 3725 279 3769 et
296 3733 378 3783 equos
396 3731 476 3780 egere
493 3713 540 3775 (ad
553 3712 742 3779 equitandum)
763 3717 791 3764 et
876 3709 1032 3774 Κάσπιιροι
1053 3708 1100 3762 καλ
1120 3706 1305 3777 Παρικάνιοι]
1324 3702 1376 3760 Κά-

250 3789 383 3853 plaustra.
420 3787 491 3836 Hine
512 3785 641 3849 veniunt,
665 3788 698 3832 ut
720 3783 790 3832 sutis
841 3798 952 3845 σπειροι
974 3785 1094 3833 eRsizii
1116 3784 1196 3833 fluxit
1212 3782 1373 3833 coniectore.

251 3862 375 3919 constet,
389 3856 547 3905 Latinorum
557 3855 673 3911 Celeres,
687 3852 719 3901 de
732 3856 791 3916 qui·
840 3856 876 3905 At
887 3856 989 3917 Cuspiri
1000 3855 1125 3917 nuspiam
1139 3868 1222 3917 supra
1233 3866 1375 3902 memorau-

250 3928 302 3977 bus
315 3926 369 3977 vid.
381 3927 426 3976 Fr.
439 3923 568 3975 Muhiert:
589 3925 629 3974 De
644 3923 790 3985 Equitibns
840 3930 900 3986 tur,
921 3925 974 3973 nisi
991 3923 1018 3972 iu
1033 3923 1145 3977 laeuus,
1168 3938 1251 3987 quam
1266 3921 1375 3983 v11‚7u

250 3998 355 4048 Romm.
371 3999 396 4057 ξ.
414 3996 424 4046 1
437 3999 464 4046 et
474 3998 499 4044 ⁴2.
528 3993 607 4058 Apud
621 3991 789 4042 Herodotum
841 4010 901 4044 esse
911 3993 968 4043 veri
980 4000 1022 4043 est
1033 3993 1209 4049 simillimum,
1224 3992 1305 4041 huius
1316 4005 1376 4050 gen·

404 2498 471 2549 Cur.
491 2496 637 2550 LXXXVI.

251 4066 323 4132 quod
337 4064 488 4128 schweigh.
502 4065 542 4127 (in
556 4064 620 4113 Lex.
638 4061 737 4111 Herod.
752 4063 789 4111 11.

252 4153 279 4201 p.
294 4135 340 4195 4¹3)
358 4150 406 4199 pro
423 4128 549 4197 ἤλαυνον
564 4126 594 4181 di
615 4126 731 4194 κέλητας
751 4147 790 4181 re·

252 4207 336 4256 seribi
358 4203 416 4254 vuit
435 4193 559 4266 ἤλαυνον
582 4198 642 4251 καλ
665 4194 789 4263 κέλητας,

251 4277 297 4326 vix
311 4275 366 4324 ulia
381 4274 505 4323 mutandi
519 4273 669 4323 necessitas
682 4286 791 4333 comps·

251 4349 301 4394 ret.
327 4346 367 4394 De
380 4343 506 4394 ludorum
517 4344 594 4407 equis
604 4341 720 4391 conferri
731 4348 790 4404 pot-

252 4421 294 4464 est
311 4414 418 4465 Ctesiss
437 4414 538 4466 Iudice.
563 4415 586 4476 ἕ.
604 4412 648 4473 ll,
671 4411 718 4461 ubi
734 4409 788 4462 vid.

841 4065 877 4113 tis
895 4064 1057 4113 mentionem
1083 4063 1185 4112 fuctum
1206 4078 1267 4112 esse
1286 4060 1374 4110 existi·

841 4149 912 4195 mes,
932 4139 981 4183 eut
995 4134 1048 4182 nisi
1063 4125 1219 4193 Κάσπειροι
1237 4131 1317 4181 iidem
1331 4129 1374 4178 hs·

841 4203 957 4253 beantur
977 4209 1059 4266 utque
1074 4195 1212 4262 Κάσπιοι,
1234 4200 1373 4265 dequibus

841 4273 904 4335 vll,
922 4273 965 4322 67.
1001 4273 1072 4333 Quin
1087 4271 1114 4320 id
1130 4272 1216 4335 ipsum
1231 4270 1258 4319 h.
1271 4269 1288 4320 λ.
1303 4284 1374 4333 ρτκε·

841 4342 887 4390 bet
910 4341 1049 4391 Seueroiti
1071 4341 1152 4395 liber:
1184 4338 1266 4403 vulgo
1287 4340 1374 4389 exsut

841 4403 959 4475 Κάσιοι,
989 4412 1060 4477 quod
1082 4414 1193 4462 tuentur
1216 4407 1329 4462 Renuei.
1347 4411 1373 4458 et
