2970 5128
494 355 673 419 HRATO.
698 355 752 419 VI.
775 364 820 422 57.
1163 357 1223 423 301

109 529 239 599 λινέεται
255 534 358 617 ἔχειν,
383 524 426 619 ἦν
444 529 491 620 μή
505 556 569 620 περ
587 527 727 621 ὁπατὴρ
746 526 854 620 αὐτὴν
872 529 1036 622 ἐγγυήσῃ·
1066 533 1122 601 καὶ
1135 529 1226 603 ὁδῶν

108 636 282 721 δημοσιέων
294 636 386 722 πέρι·
413 637 470 704 καὶ
483 633 527 723 ἦν
540 662 589 714 τις
601 633 706 705 θετὸν
719 640 823 705 παῖδα
837 639 1013 706 ποιέεσθαι
1028 639 1146 725 ἐθέλῃ,
1161 644 1224 726 βα-

106 741 215 806 σιλέων
232 740 385 808 ἐναντίου
399 741 582 809 ποιέεσθαι.
611 740 667 807 καὶ
681 748 832 827 παρίζειν
845 739 1048 827 βουλεύουσι
1068 756 1154 811 τοῖσι
1168 744 1223 828 γέ-

106 863 208 929 ρουσι,
229 844 321 911 ἐοῦσι
341 846 435 912 δυῶν
454 846 568 913 δέουσι
580 842 776 933 τριήκοντα·
805 838 849 931 ἢν
863 843 901 912 δὲ
917 842 963 933 μὴ
980 851 1125 933 ἔλθωσι,
1147 845 1226 927 τοὺς

105 1074 292 1125 matrimonium
302 1075 397 1127 vooari
407 1078 573 1141 invenimus,
585 1078 633 1144 qui
683 1078 723 1128 in:
734 1076 956 1131 Denksehriftd.
964 1075 1038 1129 Berl.
1046 1075 1135 1130 Akad.
1147 1075 1222 1127 1854.

104 1148 255 1210 aogmatione
272 1145 348 1196 hune
367 1148 491 1212 proxime
514 1148 632 1213 attinge-
683 1164 710 1213 p.
726 1147 799 1212 246).
824 1148 890 1198 Cum
903 1163 967 1198 vero
980 1146 1006 1196 b.
1021 1145 1039 1200 1.
1053 1161 1109 1197 non
1120 1148 1154 1197 de
1167 1147 1225 1197 via·

104 1221 153 1265 ret:
170 1230 291 1278 quaeres
302 1218 399 1281 quanti
411 1217 493 1268 inerit
504 1218 633 1268 momenti
683 1233 741 1268 rum
757 1216 928 1283 publicarum
944 1233 1011 1267 eura
1023 1220 1051 1267 in
1068 1220 1224 1266 universum

104 1284 134 1334 ad
147 1284 311 1349 singularum
333 1285 497 1338 familiarum
516 1288 633 1353 indeque

105 1355 177 1405 etiam
196 1356 279 1406 tetius
296 1357 425 1407 civitatis
443 1358 632 1423 integritatem

103 1424 316 1487 conservandam,
327 1426 409 1476 facite
419 1429 584 1492 perapioitur
592 1428 632 1476 in-

74 1526 88 1571 ,
104 1493 178 1559 deque
188 1494 268 1545 etiem
280 1496 455 1560 intelligitur,
466 1511 514 1547 eur
523 1503 631 1548 oontro·

102 1564 211 1626 versiae,
224 1565 248 1613 si
264 1580 338 1630 quae
351 1566 385 1617 de
394 1565 435 1616 bis
448 1568 519 1617 inter
531 1583 631 1633 cogna-

104 1636 139 1683 tos
157 1640 231 1684 ortae
251 1640 362 1697 essent,
386 1637 420 1686 ab
437 1637 505 1701 ipsis
522 1638 630 1702 regibus

103 1702 286 1755 dirimerentur.
323 1705 386 1755 Vid.
406 1706 436 1756 C.
456 1708 488 1757 Ο.
506 1706 629 1758 Mueller.

101 1770 144 1821 ll.
160 1774 195 1824 11.
206 1789 232 1838 p.
248 1774 310 1833 198,
328 1774 359 1824 C.
371 1776 403 1827 F.
415 1775 570 1827 Hermann:
588 1778 630 1826 De

102 1844 180 1893 eaaais
197 1845 302 1895 turbat.
323 1844 394 1909 apud
411 1846 530 1897 Laeedd.
552 1861 630 1911 agro·

101 1927 150 1961 rum
166 1914 347 1978 aequalitatis
365 1930 426 1979 pag.
446 1917 477 1966 41
504 1916 628 1981 (Antiqq.

102 1981 207 2034 baoonm
226 2001 252 2049 p.
276 1985 330 2036 192
347 1984 417 2049 seq.)
440 1985 502 2035 eoll.
522 1984 630 2035 Grieeh.

101 2051 324 2116 Staatsalterth.§.
335 2053 382 2103 121
391 2058 419 2103 et
425 2054 631 2105 Privataltertb.

102 2120 165 2181 §.bb
172 2127 227 2177 not.
237 2124 542 2187 loseqq.‚Laehmann:
552 2124 634 2190 Spar·

102 2195 148 2242 tau.
170 2192 384 2243 Staatavertaae.
412 2209 438 2258 p.
463 2194 522 2247 liti.
558 2196 631 2244 Hine

102 2262 172 2311 rerba
186 2253 213 2319 te
228 2257 281 2313 τὸν
305 2254 427 2310 ἱκνέεται
439 2256 513 2327 ἔχειν
525 2264 631 2314 valent:

101 2334 182 2380 τιὸιαιιι
189 2335 322 2384 υοιιοτιιίαλ
333 2335 401 2381 illam
409 2332 504 2383 dobere
513 2351 535 2384 s.
545 2336 571 2384 in
580 2351 633 2383 mo-

102 2403 222 2451 biaoniam
241 2403 355 2452 macore:
378 2402 433 2454 vid.
450 2403 544 2467 11,3e
564 2404 631 2469 ibiq.

102 2471 272 2535 neterque.

128 2528 161 2603 iv
171 2533 208 2605 μή
221 2555 273 2606 uae
288 2532 308 2590 ὁ
322 2531 416 2604 aede
431 2529 522 2605 αὐτὴν
533 2530 631 2605 eme

102 2606 140 2689 qq]
153 2610 182 2659 Iu
192 2626 246 2663 uuo
258 2609 325 2662 eod.
337 2615 442 2660 exstat:
462 2599 499 2674 ἢν
510 2603 528 2675 ἡ
538 2606 630 2675 μήτηρ

101 2691 136 2740 qo
146 2672 234 2745 πατὴρ
245 2671 343 2744 αὐτὴν
352 2672 418 2743 lym,
428 2679 511 2746 idque
520 2688 630 2732 sanutus

102 2753 135 2797 eat
146 2748 228 2800 Valla.
255 2752 441 2815 Nequaquam
455 2756 546 2812 reete,
559 2766 630 2813 oum,

102 2822 126 2866 ut
144 2818 208 2870 bene
230 2825 396 2870 monuerunt
417 2821 578 2886 Wesaeling.
602 2825 631 2871 et

102 2886 231 2953 valebam,
256 2890 357 2940 matris
375 2888 450 2939 nulla
470 2893 631 2953 auotoritas,

103 2955 188 3008 nullum
204 2963 246 3010 iua
266 2960 297 3009 in
317 2958 432 3009 filiarum
445 2959 629 3025 sponsalibus.

102 3026 208 3079 bierunt
217 3029 390 3093 Euripidem,
400 3032 428 3078 in
438 3031 516 3080 ouius
527 3030 631 3080 Andro-

102 3096 167 3146 meda
177 3098 273 3150 τε.987
286 3098 436 3149 Hermione
446 3098 582 3164 Spartana
592 3100 632 3149 aie

102 3164 235 3230 eloquitur:
262 3160 476 3232 νυμφευμάτων
495 3161 548 3233 μὰρ
573 3165 631 3217 τοῖν

102 3222 165 3297 ipos
188 3230 281 3303 πατὴρ
313 3230 377 3300 ἐμὸς
405 3234 544 3302 μέριμναν
574 3230 630 3299 ἕξει

102 3294 161 3352 soris
177 3295 243 3370 ἐμὸν
259 3304 374 3371 κρίνειν
387 3301 461 3357 τόδε.
495 3308 528 3358 ln
544 3308 629 3381 Ηορο·

103 3372 151 3422 doti
162 3377 250 3427 verbio
260 3376 363 3427 vocula
374 3390 426 3440 περ
441 3375 510 3427 male
520 3393 628 3443 quoque

102 3442 168 3494 abest
178 3461 195 3495 a
204 3445 346 3497 Saneroiti
358 3446 440 3497 libro:
460 3450 586 3512 exposuit
596 3448 629 3497 de

102 3510 169 3565 huius
186 3516 303 3567 roonlae
324 3515 353 3567 vi
370 3523 398 3567 et
417 3531 467 3566 usu
486 3517 626 3580 Hartung:

103 3580 176 3634 Lebre
188 3585 211 3634 d.
228 3585 335 3651 grieeb.
348 3586 453 3636 Partilr.
468 3587 491 3636 Ι.
507 3603 533 3652 p.
550 3586 611 3637 343.

130 3644 257 3704 auiddoio
268 3650 432 3719 δημοσιέων
447 3650 523 3721 πέρι]
543 3655 630 3707 Muel-

102 3715 144 3771 leri
154 3727 314 3776 seutentiam
324 3725 359 3776 de
372 3725 415 3776 his
425 3741 509 3790 supra
522 3726 576 3776 iam
587 3732 628 3776 at·

103 3789 214 3853 tnlimua;
227 3795 367 3862 approbet
376 3811 435 3846 eam
447 3795 574 3847 Gabriel:
588 3797 629 3847 De

104 3863 210 3925 mgna.
223 3865 441 3918 Lacedaemone.
454 3881 517 3930 pag.
530 3866 553 3915 7.
587 3866 629 3916 Ad

104 3942 177 3982 rernm
186 3934 342 3986 militarium
351 3952 444 3987 euram
453 3935 630 4001 regibusper·

104 4001 201 4053 mnsam
212 4020 305 4056 euram
317 4020 424 4071 quoque
435 4005 556 4067 viarum,
572 4006 631 4069 qui·

104 4066 147 4118 bus
166 4073 261 4126 milites
282 4080 437 4141 uterentur,
465 4075 630 4140 pertinuisse

103 4151 151 4189 una
165 4158 223 4193 eum
239 4145 430 4196 iurisdictione
448 4145 484 4194 ad
501 4145 561 4195 vias
580 4143 630 4194 baa

86 4241 90 4251 .
104 4215 234 4271 spectante
242 4215 491 4280 controversiisque
503 4215 631 4266 dirimen-

104 4275 141 4327 dis
154 4283 248 4333 statuit
262 4283 443 4337 Seboemanm:
462 4283 571 4335 (irieeh.
584 4282 631 4335 Al-

683 1302 771 1338 sermo
782 1287 829 1350 eit,
841 1287 889 1337 aed
903 1292 1009 1337 tantum
1024 1287 1057 1338 de
1067 1295 1226 1336 controver-

682 1359 741 1420 siis,
751 1357 853 1423 siquae
864 1356 897 1406 de
908 1357 960 1407 viis
969 1357 1085 1421 publicis
1095 1362 1172 1407 ortae
1183 1372 1225 1407 es·
1253 1405 1258 1413 ,

682 1434 758 1492 sent,
771 1426 943 1490 dirimendis,
956 1425 1008 1476 hoe
1019 1432 1158 1492 spectasse
1168 1441 1225 1476 ere·

681 1495 743 1546 dam
752 1497 807 1560 „ad
817 1498 941 1561 privatas
951 1498 1139 1560 possessiones
1150 1512 1168 1544 a
1176 1511 1224 1561 pu-

680 1566 760 1617 blieis
783 1566 967 1631 segregandas
991 1565 1164 1630 locorumque
1188 1564 1224 1615 ad

681 1651 848 1689 communem
861 1638 950 1686 totius
965 1636 1058 1700 populi
1070 1650 1149 1684 usum
1161 1650 1225 1699 pro·

681 1706 845 1756 miaenorum
864 1705 930 1755 fines
947 1705 1098 1764 tuendos‚“
1117 1711 1147 1754 ut
1163 1719 1224 1769 pro-

680 1764 790 1826 luuntiat
800 1774 830 1827 C.
838 1776 870 1825 F.
880 1768 1018 1824 Hermann
1030 1775 1071 1823 in:
1085 1773 1224 1824 Commen-

682 1850 733 1896 tat.
747 1845 781 1896 de
791 1844 913 1895 terminia
924 1844 1058 1909 (Gotting.
1071 1844 1148 1908 1846)
1160 1860 1224 1909 pag.

681 1918 715 1966 24
728 1931 784 1980 seq.
807 1914 870 1965 eoll.
887 1913 996 1965 eriam.
1014 1913 1221 1965 Staataaltertb.

680 1984 706 2047 ξ.
715 1987 758 2035 24.
769 1989 827 2035 not.
839 1984 880 2034 12.
908 1984 978 2035 Viae
990 1990 1082 2034 autem
1097 1983 1223 2049 publicae

681 2055 778 2119 quanti
796 2054 924 2104 momenti
945 2054 1046 2104 tuerint
1061 2055 1089 2104 in
1104 2055 1223 2105 Graeco·

681 2139 740 2174 rum
755 2124 848 2186 rebus,
870 2125 939 2175 satia
957 2123 1051 2174 docuit
1071 2124 1142 2174 idem
1156 2121 1223 2174 Cur-

682 2194 736 2243 tius
756 2194 774 2244 1.
795 2194 814 2244 l.
831 2209 895 2258 pag,
911 2195 961 2243 227
981 2209 1056 2259 seqq.
1076 2194 1128 2244 243
1143 2208 1219 2260 aeqq.

682 2263 819 2329 Quidquid
834 2264 918 2328 igitur
936 2264 969 2313 de
988 2264 1031 2312 hia
1044 2265 1160 2327 statuis,
1180 2279 1222 2314 re·

682 2334 828 2383 iieiendum
838 2337 921 2395 uerte,
930 2333 1003 2397 quod
1014 2335 1042 2382 in
1050 2339 1165 2384 mentem
1175 2349 1222 2384 ve·

682 2404 887 2465 nitNabe1·o(in
896 2403 1065 2465 Mnemosyn.
1074 2403 1154 2468 1v.p.
1166 2403 1222 2467 25),

683 2474 730 2537 qni
746 2473 776 2521 in
793 2471 845 2521 hoo
857 2471 991 2521 Herodoti
1009 2472 1069 2522 loeo
1082 2488 1131 2537 pro
1144 2462 1222 2521 ὁδῶν

680 2542 776 2605 reponi
787 2540 847 2592 vult
858 2554 924 2604 προ
933 2537 1041 2592 σοβῶν.
1063 2542 1121 2592 Nee
1134 2541 1222 2606 magia

681 2611 785 2677 placet,
802 2611 875 2675 qnod
886 2611 957 2660 idem
970 2611 1012 2660 vir
1027 2610 1124 2661 doetus
1142 2609 1221 2674 (ibid.

680 2681 733 2732 111.
747 2697 773 2746 p.
785 2680 848 2744 480)
860 2682 999 2745 proponit,
1013 2683 1040 2731 iu
1054 2682 1144 2732 verbis
1159 2680 1223 2731 sub-

680 2750 856 2815 sequentibus
871 2747 920 2798 καλ
930 2739 967 2812 ἦν
981 2765 1023 2806 τις
1036 2742 1144 2800 θετὸν
1158 2752 1224 2800 παῖ-

680 2818 717 2869 δα
727 2813 877 2869 ποιέεσθαι
892 2811 977 2885 ἐθέλῃ
993 2820 1111 2871 abiicere
1127 2836 1222 2870 voeem

680 2883 785 2953 θετὸν,
808 2890 925 2954 quaein
944 2889 1069 2941 omnibus
1088 2891 1221 2954 reperitur

681 2959 758 3010 oodd.
778 2964 805 3009 et
823 2974 883 3009 eum
908 2959 938 3009 vi
956 2959 1073 3024 quadam
1095 2961 1221 3010 oonsulto

681 3030 777 3080 addita
800 3029 917 3080 videtur.
962 3030 1029 3093 Ipsa
1055 3045 1114 3092 rea,
1139 3044 1222 3094 quam

679 3104 871 3171 oommemurat
880 3098 1046 3162 Herodotus,
1059 3100 1094 3151 sd
1103 3097 1222 3150 familia-

680 3185 738 3220 rum
752 3170 938 3235 integritatem
951 3170 1112 3220 servandam
1124 3167 1221 3234 proeul

681 3238 762 3289 dubio
785 3238 919 3303 pertinuit
936 3239 1053 3303 indeque
1070 3241 1153 3290 etiam
1176 3254 1221 3288 eu-

679 3310 802 3373 spioatur
820 3308 992 3358 Sehoemaun
1015 3307 1068 3373 (De
1089 3309 1220 3359 Homoeis

678 3394 740 3443 pag.
755 3377 808 3441 17),
823 3379 867 3428 rel
877 3393 923 3428 aaa
937 3378 1108 3443 adoptiones,
1122 3379 1221 3445 quibus

679 3446 818 3497 motbaoea
831 3448 878 3512 qui
889 3448 1016 3498 dicuntur
1030 3446 1061 3512 (i.
1075 3465 1099 3501 e.
1115 3454 1220 3514 epatre

679 3518 817 3582 Spartano
830 3522 859 3568 et
878 3522 965 3568 matre
980 3517 1081 3567 aneilla
1099 3518 1170 3582 nati)
1192 3519 1221 3567 in

678 3588 820 3637 civitatem
837 3588 940 3652 recepti
955 3587 1026 3650 siut,
1050 3587 1158 3652 publiea
1173 3603 1221 3637 au·

678 3657 808 3707 ctoritate
821 3671 913 3707 eoram
925 3657 1035 3721 regibus
1049 3672 1108 3708 esse
1119 3658 1219 3707 saetas.

726 3723 853 3789 παρίζειν
883 3720 1051 3793 βουλεύουσι
1080 3729 1152 3775 τοῖσι
1179 3720 1221 3790 pi-

680 3792 772 3860 ρουσι]
794 3796 812 3846 i.
833 3812 857 3848 e.
882 3797 995 3847 assideat
1013 3813 1097 3846 aenmn
1117 3798 1220 3847 coneilio

679 3868 712 3916 de
734 3864 809 3915 rebus
828 3866 935 3928 publicis
955 3866 1113 3917 deliberanti.
1150 3868 1220 3917 Nam

679 3928 826 4001 βουλεύειν
838 3952 928 3987 eorum
943 3940 1000 3998 est,
1022 3936 1067 4002 qui
1079 3936 1114 3987 ad
1130 3937 1220 3989 conei-

679 4005 746 4055 lium
761 4003 827 4055 illud
838 4007 898 4057 aive
910 4000 1030 4070 βουλὴν,
1043 4007 1221 4071 ouipnbliea·

680 4090 740 4125 rum
757 4091 844 4126 rerum
858 4090 924 4125 eura
938 4077 1070 4141 permissa
1085 4083 1141 4137 eat,
1159 4093 1220 4142 per—

681 4145 782 4206 tinent;
809 4146 881 4195 unde
903 4160 958 4195 non
978 4147 1090 4209 mirum,
1115 4143 1220 4213 βουλῆς

681 4217 789 4265 nomine
808 4217 837 4265 in
859 4214 1021 4267 civitatibus
1038 4215 1131 4266 liberis
1148 4230 1221 4266 sum-

682 4300 725 4335 mo
739 4283 799 4335 loeo
814 4285 1006 4347 constitutum,
1023 4285 1221 4350 Spartanorum

106 4348 220 4403 tertbiim.
231 4353 253 4402 1.
263 4368 291 4418 p.
301 4355 362 4417 230,
375 4369 465 4420 neque
478 4353 557 4404 aliter
573 4355 630 4404 iere
683 4369 789 4420 quoque
812 4353 879 4405 illud
899 4355 1058 4416 concilium,
1085 4355 1157 4419 quod
1176 4367 1221 4419 γε·

106 4414 200 4471 iudieat
211 4421 320 4475 Curtius
344 4423 425 4492 (Vom
438 4423 562 4490 Wegban
577 4429 631 4476 ete.
681 4422 798 4491 poeotes
811 4423 995 4492 appellatione
1013 4424 1094 4490 vulgo
1115 4428 1157 4477 est
1172 4439 1222 4477 mo-
