3010 5134
251 381 313 442 614
603 395 610 406 ·
686 378 954 440 HERODOTI

253 559 308 627 καὶ
329 552 488 645 στρατιὴν
507 553 761 643 παρελάμβανε,
793 553 970 643 Τορώνην,
999 548 1175 641 Γαληψὸν,
1195 548 1366 639 Σερμύλην,

254 773 324 810 nunc
344 771 442 808 nomeu
460 754 608 821 Dludpouo
629 761 657 807 et
674 755 797 806 Kurtcli:
848 761 956 822 ptornm
970 755 1045 806 locoe
1060 751 1168 815 attulit,
1183 753 1251 803 bene
1265 765 1370 809 monent,

255 828 326 895 quod
339 842 398 876 cum
409 825 544 876 Herodoti
555 826 646 877 verbis
656 826 743 876 minue
753 840 799 874 co·
848 827 919 877 hunc
929 825 1063 877 Threciae
1073 823 1165 875 urbem
1176 823 1210 873 eh
1221 838 1252 872 ee
1262 821 1372 872 unhelle·

254 899 363 949 haeret:
389 911 459 960 quae
480 896 551 947 idem
573 896 666 947 Leuke
686 899 798 946 secutur
848 898 941 961 lepeo‚
958 893 1076 951 cuiueh.
1092 893 1226 943 licentio
1242 891 1287 954 ht,
1304 879 1372 955 prohe

256 970 284 1017 in
300 980 400 1031 meppe
417 965 596 1017 Macedoniae
616 965 725 1017 adiecta
738 967 801 1014 Am·
850 964 1056 1017 discernendum
1078 978 1155 1024 eree,
1176 967 1205 1013 et
1221 961 1331 1013 ederem
1343 965 1374 1008 te·

256 1036 345 1103 polum
364 1036 435 1084 inter
448 1035 554 1085 Derrim
573 1041 601 1086 et
614 1037 742 1087 Toronen
759 1049 801 1083 re·
850 1037 1007 1086 stimonium
1020 1033 1154 1099 Stepheni
1165 1031 1323 1097 Bynntini,
1338 1030 1374 1094 qui

257 1111 302 1157 cte
319 1103 438 1155 collocet
455 1119 540 1169 prope
561 1105 648 1169 ipeenr
662 1106 800 1165 Toronen,
850 1107 920 1157 duee
939 1105 1044 1170 profert
1065 1102 1187 1153 einedem
1205 1102 1318 1153 nomime
1330 1099 1375 1149 Tc-

258 1175 471 1241 promontorium
479 1175 587 1224 Kertcli
597 1175 632 1224 ed
641 1177 750 1225 Sortem
760 1189 802 1223 re·
851 1167 944 1240 ληψὸς
960 1175 1057 1224 urbes:
1077 1173 1110 1223 de
1124 1188 1178 1238 que
1188 1172 1283 1223 eedem
1295 1185 1321 1220 re
1330 1168 1376 1220 rid.

257 1246 357 1296 serene.
395 1245 491 1294 Torone
507 1245 572 1295 urbe
586 1246 657 1296 inter
668 1244 750 1295 urbee
766 1242 801 1292 ed
852 1260 959 1312 quoque
971 1243 1096 1294 Bocchh:
1115 1239 1375 1292 Sterteheneheltd

258 1314 801 1379 orempeniueulneoccidentelemeitee
850 1315 949 1366 Athen.
962 1314 999 1365 11.
1012 1328 1038 1378 p.
1048 1312 1101 1363 oro
1110 1327 1168 1377 eeq.
1196 1309 1377 1362 Herodotillr·
1451 1342 1452 1347 ,

257 1385 376 1434 mxime
390 1384 506 1434 eminuit
515 1400 666 1450 nomenque
680 1383 755 1433 dedit
767 1382 803 1431 ei·
852 1385 956 1449 lepeum
972 1384 1043 1433 inter
1054 1383 1183 1433 Toronen
1201 1388 1230 1431 et
1244 1379 1378 1443 Sermylrm

258 1455 306 1505 nui
321 1453 476 1515 ediscenti,
498 1455 575 1505 cuine
596 1453 707 1504 inbelle
723 1450 802 1502 Pelo·
851 1455 958 1520 quaerit
969 1451 1065 1503 Leuke
1078 1451 1096 1501 l.
1110 1451 1127 1501 l.
1141 1466 1206 1517 pag.
1224 1452 1273 1502 lhh
1291 1465 1321 1500 eo
1332 1449 1378 1497 lere

258 1522 629 1591 ponneeiecocliquotleefit
645 1525 802 1573 mentioet·
851 1524 928 1585 loco,
956 1524 999 1573 cui
1021 1526 1119 1587 poetec
1142 1536 1242 1571 nomen
1264 1518 1380 1586 Ρλμοαλε

259 1610 311 1661 que
325 1595 407 1644 etiem
420 1598 517 1658 poetee
527 1594 707 1644 Macedonum
720 1593 748 1642 in
761 1606 804 1641 re·
853 1594 924 1659 apud
942 1592 1061 1644 Plinium
1082 1591 1116 1641 H.
1132 1591 1166 1641 N.
1182 1591 1239 1652 IV,
1257 1589 1297 1641 10.
1310 1591 1333 1652 ς.
1346 1587 1379 1646 λλ,

259 1666 320 1715 bne.
345 1664 408 1714 Vid.
425 1662 578 1728 Thucydid.
593 1664 645 1722 IV,
664 1663 713 1714 110
726 1676 801 1725 seqq.
853 1665 901 1714 ubi
929 1667 1020 1713 temen
1051 1675 1123 1710 ncnc
1148 1660 1240 1711 editur
1267 1659 1379 1709 tuceta.

259 1735 292 1793 V,
307 1734 323 1783 2
338 1748 396 1797 req.
411 1731 719 1798 etPoppoThccyd.1‚
734 1732 761 1780 2.
773 1745 800 1795 p.
851 1731 975 1798 Senepta,
986 1730 1333 1796 quemedeeptentrionem
1340 1728 1382 1775 To

259 1802 319 1855 369.
333 1802 400 1865 370,
424 1801 585 1852 Trechncke
607 1802 642 1852 od
660 1800 724 1852 Mel.
744 1799 761 1849 l.
781 1797 800 1852 l.
853 1817 934 1851 ronee
955 1802 1036 1851 ritem
1048 1800 1135 1850 sciere
1151 1801 1302 1861 coniiciu,
1322 1794 1382 1861 epod

260 1888 324 1938 pag.
340 1871 386 1922 llll
403 1877 472 1923 nott.
490 1887 585 1938 exegg.
614 1872 675 1922 Non
691 1870 770 1933 longe
786 1883 803 1917 e
853 1870 1039 1934 Thucydidem
1054 1870 1077 1932 1,
1089 1869 1124 1920 do
1138 1869 1202 1920 coll.
1215 1872 1255 1930 V,
1271 1871 1302 1920 tu
1315 1882 1383 1915 rocr-

259 1942 342 1993 Derrl
357 1955 378 1988 e.
392 1940 538 2004 Dhrepdno
555 1940 740 2005 promontorio
762 1939 803 1987 in·

260 2011 382 2069 venitur,
403 2015 434 2058 ut
447 2010 539 2060 Leeke
556 2011 654 2060 scribit
671 2009 689 2059 l.
703 2007 720 2057 l.
738 2022 802 2072 peg.

263 2080 327 2139 ltu,
352 2079 563 2140 ecpteutrionem
582 2093 677 2130 rereue
697 2081 803 2141 portus,

261 2148 305 2199 oui
316 2145 405 2196 adhuc
418 2162 516 2199 nomen
528 2148 610 2211 Rufii,
622 2153 650 2198 et
664 2162 748 2212 prope
761 2147 803 2194 ie·

261 2221 326 2267 cent
337 2216 434 2266 ruinae
445 2218 584 2279 Toronen,
603 2218 700 2283 quibui
714 2215 803 2265 edhuc

262 2287 332 2337 idem
353 2300 461 2336 nomen.
500 2288 540 2339 Ac
558 2302 624 2339 eene
641 2286 712 2351 opud
725 2285 802 2335 Stre·

262 2358 358 2406 bouem
368 2354 430 2407 Vll.
443 2360 469 2420 λ.
480 2356 514 2408 32
523 2357 638 2421 legitur:
656 2347 718 2419 -ἡ
732 2350 802 2416 Aip-

263 2441 306 2489 ρις
318 2415 489 2490 λοτλνᾶαρα,
505 2426 626 2492 πλησίον
642 2422 751 2487 Καφοῦ
765 2423 804 2471 λι-

261 2490 346 2561 μένος
356 2489 405 2542 καλ
418 2485 433 2544 ὁ
448 2496 614 2558 Τορωναῑος
627 2488 733 2551 κόλπος
743 2484 802 2543 ὑπὸ

262 2555 372 2615 τούτων
391 2554 565 2627 ἀφορίζεται.
603 2568 692 2630 Atque
712 2579 806 2615 recen·

262 2638 318 2686 tine
332 2650 428 2685 nomen
443 2637 514 2700 cho
527 2636 589 2686 inde
601 2635 712 2686 ductum
725 2637 806 2698 putet

262 2704 355 2756 Leuke
370 2705 513 2755 conterens
529 2705 677 2756 Zenobium
694 2704 749 2763 IV,
770 2703 804 2755 68

264 2775 322 2839 (ubi
336 2774 504 2839 proverbium
516 2766 678 2837 καφότερος
688 2769 738 2822 τοῦ
751 2772 806 2821 Το·

264 2841 389 2908 ρωναιάν
399 2840 524 2910 λιμένος)
536 2850 564 2896 et
572 2843 725 2907 Thucydid.
739 2843 805 2906 Μ,

265 2917 292 2964 in
305 2915 382 2965 cuiue
393 2914 501 2965 verbio:
521 2910 706 2964 κατέπλευσεν
718 2900 805 2968 λςεόν

264 2981 461 3045 Κολοφωνίαν
491 2982 590 3048 λιμένα
618 2980 676 3032 τῶν
710 2980 806 3043 Τορω-

265 3050 355 3100 ναίων
376 3043 519 3117 diriperent
538 3045 572 3101 od
594 3046 667 3101 notri
686 3047 737 3115 τῆς
755 3040 806 3099 πό-

265 3122 346 3180 λεως,
369 3123 498 3186 proponit
515 3117 629 3183 Καρῶν
649 3136 697 3183 pro
717 3119 807 3170 Koio-

265 3186 397 3253 φωνέων,
416 3191 488 3255 quod
507 3189 570 3240 licet
588 3190 729 3239 Strabonis
747 3204 807 3240 vor·

266 3259 308 3310 bie
334 3259 403 3308 eetie
431 3259 646 3310 commendatum
671 3259 806 3321 videatur,

265 3334 429 3392 respuerunt
441 3335 531 3379 temen
544 3329 663 3380 editores
673 3329 807 3380 recentio-

266 3414 325 3457 res,
353 3399 415 3462 quie
435 3402 487 3450 isto
507 3404 599 3462 portur
619 3414 673 3449 nou
692 3392 808 3461 Kepdv

266 3459 366 3530 λιμὴν,
390 3468 438 3517 eed
456 3462 561 3531 Καφὸς
579 3463 664 3533 λιμην
688 3469 807 3529 dicetur,

266 3537 340 3603 quod
365 3537 432 3588 mihi
456 3537 530 3587 houd
562 3540 652 3603 magni
681 3539 808 3588 momenti

268 3607 466 3669 ernetvidetur:
484 3609 512 3657 in
527 3608 650 3671 Scylccie
665 3608 766 3672 Peripl.
782 3610 808 3669 5.

267 3678 302 3729 llll
313 3677 423 3741 legitur:
445 3671 566 3740 Τορύνη
582 3670 666 3733 πόλις
680 3668 808 3740 Ἑλληνὶς

853 1948 897 1990 tur
909 1936 1076 2001 Σερμνλίων
1088 1932 1181 1999 πόλις,
1197 1940 1246 1989 uhi
1260 1936 1383 1989 Scholion

854 2010 936 2060 hebet
955 2003 1110 2072 Σερμυλλς,
1132 2007 1268 2074 Stephen.
1282 2010 1383 2071 Byzent

854 2097 876 2132 e.
887 2096 914 2130 v.
926 2094 988 2143 pag.
998 2078 1050 2131 tid-⁷>
1061 2076 1221 2141 Σερμνλίαε
1240 2078 1312 2144 quod
1325 2076 1384 2125 iden
1453 2114 1454 2117 ,

853 2152 945 2199 exstet
963 2147 1036 2213 opud
1055 2146 1163 2212 Scylec.
1181 2150 1206 2211 5.
1222 2148 1259 2201 do
1276 2142 1385 2212 (preld

853 2218 940 2268 Hude.
951 2233 977 2282 p.
990 2216 1041 2267 ’218
1053 2216 1137 2282 uait,
1149 2218 1196 2267 uhi
1210 2217 1321 2268 edditnr
1332 2208 1385 2263 ελλ-

853 2302 909 2345 noe
923 2279 1110 2350 Σερμνλινὸς)
1129 2291 1156 2338 ελ
1171 2288 1201 2336 in
1215 2287 1386 2352 inecriptione

854 2358 971 2421 entique
992 2356 1066 2420 apud
1078 2355 1198 2406 Boeckh.
1220 2357 1244 2408 Ι.
1259 2372 1323 2422 ρας.
1333 2353 1384 2407 301.

854 2428 898 2477 Tu
912 2427 969 2477 rid.
982 2425 1082 2476 Duker.
1097 2426 1133 2476 cd
1146 2425 1305 2489 Thucydid.
1320 2426 1347 2487 1,
1359 2422 1387 2472 oi

854 2502 882 2547 et
889 2498 987 2547 Weeee
997 2494 1031 2543 ed
1039 2494 1161 2560 Thucyd.
1169 2495 1202 2558 V,
1214 2495 1257 2547 18.
1267 2496 1344 2547 Unde
1353 2507 1388 2542 er·

855 2566 892 2617 tie
904 2570 997 2631 petet,
1012 2563 1077 2629 qnid
1092 2566 1126 2615 de
1137 2565 1196 2616 eiue
1206 2564 1388 2616 emendetione

855 2638 893 2686 eit
914 2634 1105 2697 etetueudum,
1134 2636 1180 2700 qui
1205 2636 1233 2684 in
1259 2634 1388 2684 Herodoto

855 2721 904 2771 pro
924 2699 1075 2768 Σερμύλην
1097 2706 1191 2769 reponi
1208 2704 1337 2775 volueret
1349 2696 1390 2750 Ol·
1455 2690 1456 2761 1

855 2763 1390 2906 ῗλῗλ”’Έῗ,ῗλλζ““ῗὲλέ”121311

855 2929 917 2979 prg,
934 2916 992 2966 154.
1021 2913 1178 2977 Mecyberna
1189 2915 1293 2978 viginti
1303 2909 1390 2962 etadiie

857 2984 891 3034 eb
909 2982 1030 3049 Olyntho
1049 2982 1103 3031 fnit
1123 2988 1243 3044 remote,
1262 2984 1340 3034 cuiue
1356 2980 1391 3029 di·

857 3053 927 3104 tionl
941 3068 1003 3103 mox
1018 3051 1112 3102 addite
1124 3069 1159 3103 ec
1171 3053 1234 3104 dein
1246 3069 1265 3103 e
1275 3052 1391 3114 Philippo

857 3129 1015 3240 expugnptu
1025 3122 1163 3205 interiieee
1174 3123 1294 3206 ridetur,
1309 3124 1332 3172 ei
1342 3118 1392 3201 qpi·

857 3191 1391 3326 litt}tttdtttltthtffht

857 3332 938 3383 Unde
949 3332 1029 3380 muris
1044 3333 1136 3391 einer,
1160 3334 1209 3397 qui
1221 3331 1306 3397 vulgo
1323 3330 1393 3379 Tom-

858 3417 937 3452 rmeur
956 3406 1083 3460 vocetur,
1111 3402 1317 3467 Meo-phernceer
1335 3413 1392 3464 qno

859 3487 913 3591 r
930 3475 1133 3590 uruit
1152 3473 1196 3591 ti
1211 3472 1272 3591 n

861 3558 960 3662 diso.
975 3575 1083 3675 styrie.
1097 3608 1116 3658 1.
1129 3577 1148 3659 ιῖ
1161 3578 1234 3661 ni„
1245 3610 1263 3660 ι.
1274 3556 1393 3671 ‘lelund

859 3678 1021 3730 Tzechuclre
1034 3684 1105 3730 nott.
1118 3695 1212 3745 exegg.
1228 3697 1255 3746 p.
1269 3678 1330 3730 1511.
1343 3676 1392 3733 ld).

268 3742 316 3795 καλ
330 3738 424 3809 λιμήν.
449 3747 510 3796 Non
523 3746 602 3811 longe
615 3763 631 3795 ε
641 3748 750 3797 Torone
762 3761 809 3809 po·
858 3751 995 3800 Mennert.
1007 3750 1070 3800 vn.
1083 3765 1110 3815 p.
1120 3750 1181 3802 too.
1192 3750 1252 3813 459,
1269 3749 1394 3800 Kleueen.

267 3818 342 3867 nitur
351 3816 488 3880 Lecythue
498 3831 556 3878 ern,
568 3822 637 3866 teste
648 3815 808 3880 Thucydide

269 3888 316 3941 lv.
336 3883 396 3935 113:
415 3900 496 3949 quem
510 3885 664 3936 Herodotue
678 3886 808 3949 ignorcnc

270 3955 349 4003 affert
368 3954 514 4019 Galepsum,
540 3956 619 4005 cuiue
639 3954 714 4004 nulle
736 3954 808 4020 opud

860 3819 894 3869 ed
910 3819 1044 3870 Heceteei
1058 3819 1184 3884 iregmm.
1198 3835 1261 3884 μορ.
1273 3821 1323 3881 77,
1343 3815 1393 3882 qui

860 3888 911 3939 hue
923 3887 985 3938 edd.
1000 3888 1161 3954 Millingen:
1182 3888 1290 3953 Sylloge
1307 3888 1338 3938 ol
1352 3901 1393 3935 en·

860 3959 934 4008 cient
943 3959 1029 4008 iuedit
1039 3960 1115 4009 coine
1126 3974 1188 4025 μορ.
1198 3960 1231 4009 45
1241 3974 1298 4023 eeq.
1322 3957 1393 4008 Nunc

270 4022 458 4087 Thucydidem
488 4025 605 4085 menti03
640 4040 711 4089 quoe
738 4027 809 4075 enim
860 4033 975 4078 vocetur
1001 4028 1193 4095 Moliropyrpo,
1223 4034 1254 4078 ut
1281 4030 1393 4079 testetur

270 4091 343 4156 cpud
363 4107 423 4142 eum
437 4095 489 4157 lv,
510 4095 557 4146 107
578 4096 698 4146 occurrit
713 4096 809 4158 chee·
861 4097 953 4149 Leehe
967 4098 986 4149 l.
998 4098 1017 4148 l,
1032 4114 1095 4163 pag.
1109 4100 1167 4150 155.
1194 4096 1315 4163 Olynthus
1325 4095 1392 4151 urbe,

270 4166 322 4219 lue,
349 4163 432 4225 probe
457 4164 576 4215 discerni
600 4165 690 4216 dehet.
729 4164 809 4215 Conf,
862 4166 1391 4219 omniumndMecedoniueecThrecirc

271 4233 365 4295 Poppo
376 4230 394 4280 1.
405 4232 451 4298 l.p
475 4234 535 4286 368.
552 4237 661 4286 Etenim
674 4234 810 4285 Threciae
862 4252 936 4287 orem
951 4237 1122 4289 conditorum
1138 4239 1255 4287 menime
1270 4238 1391 4289 eminent.

271 4302 334 4351 urbe
349 4306 401 4363 eet,
416 4320 433 4354 n
443 4304 556 4369 Scylace
570 4310 595 4368 θ.
607 4306 639 4356 67
650 4320 812 4356 commemo·
862 4307 897 4357 ed
917 4309 1004 4357 uiuum
1024 4308 1196 4358 Toronaeum
1215 4312 1292 4358 extre
1307 4304 1392 4356 Sitho-

270 4375 349 4434 rate,
367 4371 413 4423 ubi
423 4374 536 4425 Mueller
548 4375 659 4441 (deogr.
670 4376 717 4426 Gr.
727 4376 809 4424 minn.
862 4378 924 4426 nice
942 4378 1103 4442 penineulee
1118 4378 1248 4428 isthmum
1262 4377 1345 4428 iacuit
1357 4389 1393 4422 ee·

272 4442 294 4495 1.
317 4457 383 4507 pag.
400 4442 446 4509 ot)
474 4444 588 4496 eliorum
614 4459 720 4510 quoque
744 4445 813 4495 scri·
862 4447 976 4512 noginto
986 4447 1070 4497 terme
1080 4447 1176 4501 etudiie
1186 4446 1340 4506 eirotrihue
1351 4443 1392 4493 ho
