3052 5134
407 418 673 480 HERODOTI
694 419 967 482 POLYMNIA.
990 420 1063 483 VII.
1085 433 1110 485 l.
1263 421 1322 482 431

192 600 245 674 δις
259 590 420 682 ἐσβολὴν,
440 595 497 663 καὶ
518 590 560 683 δὴ
582 596 638 663 καὶ
657 592 732 664 τότε
752 598 866 687 πολλῷ
880 621 917 663 τε
931 593 1102 684 δεινότερα
1117 597 1226 664 ἐποίεε
1233 644 1243 681 ,
1269 597 1327 664 καὶ

192 704 319 787 μᾶλλον
344 694 476 788 ω”ρμητο
502 697 745 788 στρατεύεσθαι
765 700 821 767 ἐπὶ
843 697 904 787 τὴν
928 694 1079 768 Ἑλλάδα.
1119 700 1187 767 Kal
1205 695 1326 768 αὐτίκα

190 802 254 891 μὲν
281 804 503 890 ἐπηγγέλλετο
530 805 671 891 πέμπων
685 798 861 888 ’ἀγγέλους
889 800 973 870 κατὰ
1000 800 1111 887 πόλις,
1143 801 1326 891 ἑτοιμάζειν

189 904 367 993 στρατιὴν,
387 909 501 996 πολλῷ
520 907 616 974 πλέω
633 905 821 975 ἐπιτάσσων
836 904 1001 975 ἑκάστοισι
1022 899 1043 995 ἢ
1060 903 1224 995 πρότερον
1238 934 1324 997 παρ-

191 1025 296 1097 εῖχον,
324 1009 381 1077 aul
406 1011 484 1088 νέοις
505 1035 540 1077 τε
559 1009 616 1077 καὶ
638 1014 761 1088 ἵππους
782 1009 838 1076 καὶ
861 1025 954 1078 σῖτον
982 1010 1038 1077 καὶ
1056 1017 1166 1078 πλοῖα.
1195 1009 1325 1080 τούτων

137 1113 235 1181 hoedi
250 1114 585 1202 περιαγγελλομένων
598 1107 619 1200 ἡ
635 1109 727 1201 Ἀσίη
743 1114 895 1182 ἐδονέετο
908 1113 963 1181 ἐπὶ
977 1118 1053 1201 τρία
1068 1118 1159 1198 ἔτεα,
1183 1123 1324 1183 καταλε-

189 1218 343 1305 γομένων
365 1242 401 1284 τε
421 1219 492 1293 των
508 1211 673 1304 ἀρίστων,
701 1212 745 1296 ὡς
766 1217 820 1284 ἐπὶ
837 1214 899 1304 τὴν
921 1210 1062 1284 Ἑλλάδα
1081 1219 1323 1306 στρατευσομέ-

188 1347 260 1389 νων
276 1320 333 1389 καὶ
347 1320 702 1406 παρασκευαζομένων.
748 1317 899 1412 Τετάρτῳ
921 1320 959 1387 δὲ
980 1323 1049 1388 ἔτει·
1060 1320 1239 1406 Αἰγύπτιοι
1259 1317 1326 1391 iul

189 1422 379 1512 Καμβύσεω
404 1426 637 1503 δουλωθέντες
661 1420 851 1510 ἀπέστησαν
876 1418 941 1491 ἀπὸ
961 1424 1137 1512 Περσέων·
1174 1427 1324 1493 ἐνθαῦτα

187 1629 384 1696 Artaphernem
401 1633 429 1680 et
442 1629 571 1695 Hippiam
589 1626 731 1693 illeagno·
781 1640 870 1689 πονς,
884 1631 949 1694 apte
961 1628 1067 1679 monuit
1075 1627 1203 1695 Kuehuer
1217 1628 1262 1679 Gr.
1276 1627 1323 1680 Gr.
1357 1623 1365 1634 “

187 1714 264 1752 seete
282 1700 334 1751 sibi
352 1699 478 1761 videtur,
501 1698 647 1750 dubitante
667 1699 731 1750 Ger·
782 1701 806 1761 5.
824 1699 885 1748 727.
903 1703 960 1749 not.
980 1697 1011 1758 3,
1032 1700 1080 1764 qni
1097 1698 1197 1748 ibidem
1216 1712 1323 1763 qnoque

187 1771 263 1820 hard.
279 1787 304 1836 p.
319 1769 384 1831 118,
405 1769 452 1834 qui
472 1769 568 1820 merito
584 1768 628 1819 vel
643 1769 731 1833 magis
781 1768 890 1820 eonsuli
907 1771 1009 1834 poterit
1028 1771 1153 1819 ebusum
1173 1768 1323 1833 particula-

188 1840 297 1890 dnbitat
309 1839 343 1889 de
355 1838 576 1889 Forehhammeri
593 1838 731 1888 sententia
770 1838 840 1889 'rum
853 1833 902 1886 aul
920 1834 957 1903 δὴ
970 1833 1018 1887 ael
1038 1840 1066 1888 in
1079 1839 1199 1904 proxime
1214 1843 1323 1888 antece-

189 1909 269 1973 (ihid.
287 1924 328 1959 nr.
350 1907 408 1959 107.
424 1923 487 1973 pag.
507 1908 557 1959 108
573 1914 601 1957 et
614 1906 730 1957 Jahrhb.
781 1909 919 1971 dentibus,
936 1908 1052 1959 afferens
1065 1908 1167 1959 similes
1179 1907 1275 1959 Nostri
1285 1906 1323 1958 lo-

188 1975 730 2043 aphileau.Paedeg.Lxxvl1.p.136
781 1994 828 2029 eos
842 1979 891 2040 VI,
906 1978 965 2030 137.
990 1979 1023 2029 In
1037 1978 1160 2044 proximo
1171 1992 1246 2044 seqq.
1260 1992 1322 2028 eum

186 2048 275 2116 seqq.)
294 2063 404 2099 scenam
417 2048 446 2097 iu
465 2047 560 2098 interis
573 2061 730 2112 repraesen-
781 2048 939 2100 Gaislordio
948 2042 1058 2099 τούτων
1072 2048 1182 2098 exhibui
1197 2065 1246 2114 pro
1257 2061 1323 2097 τον-
1413 2064 1425 2077 ·

186 2121 241 2169 tari
263 2120 402 2185 putantis,
427 2120 456 2167 in
478 2132 533 2182 qua
552 2118 653 2167 Darius
674 2132 731 2166 nna
780 2115 859 2168 τέων.

186 2204 247 2240 enm
258 2188 407 2238 interorum
415 2186 552 2239 iudicibus
562 2190 728 2252 compareat.
819 2181 931 2252 ὴἊσίη
947 2176 1074 2236 ἐδονέετο
1096 2179 1141 2235 lul
1162 2187 1226 2250 τοιόι
1246 2178 1319 2250 ἔτεσι]

185 2260 256 2310 Utut
267 2260 352 2324 igitur
363 2258 396 2308 de
409 2258 538 2322 singulis,
555 2272 625 2322 qnae
637 2258 665 2306 in
677 2256 729 2306 hae
780 2259 847 2309 Post
869 2250 998 2307 ἐδονέετο
1022 2259 1051 2307 iu
1070 2256 1168 2307 Aldina
1192 2257 1322 2306 inseritur

186 2330 303 2393 imagine
325 2328 504 2389 exhibentur,
525 2330 641 2387 statuis,
664 2341 728 2376 eon·
780 2325 872 2383 adeon
889 2327 962 2378 haud
977 2327 1060 2386 male,
1080 2326 1159 2376 modo
1177 2326 1275 2392 reliqui
1290 2324 1322 2375 li-

185 2404 298 2449 ventum
313 2397 449 2463 quendam
461 2397 542 2447 Darii
554 2412 614 2447 enm
629 2397 728 2446 Persa·
780 2396 835 2457 bri,
855 2397 994 2462 inquibus
1009 2396 1134 2446 omnibns
1151 2396 1243 2459 deest,
1264 2396 1321 2446 aul-

186 2485 243 2518 rnm
270 2468 428 2534 proceribus
453 2471 480 2517 et
505 2465 729 2516 deliberationem
779 2466 962 2532 taugerentur.
990 2466 1108 2515 Additur
1122 2464 1171 2514 illa
1181 2464 1280 2516 vooula
1293 2467 1322 2515 in

185 2538 325 2598 habitam,
349 2553 419 2603 quae
435 2537 472 2586 ad
490 2536 634 2588 Graeciam
652 2537 729 2587 inva-
779 2536 847 2587 loeis
858 2536 991 2588 similibus
1002 2551 1018 2584 a
1028 2535 1207 2600 Weseelingio
1219 2538 1322 2586 exeita-

183 2608 299 2659 dendam
325 2607 477 2672 pertineat,
505 2606 730 2671 hle'repraesen·
780 2607 816 2657 tis
832 2606 951 2672 Appiani
964 2608 995 2655 B.
1008 2605 1037 2658 (λ.
1053 2605 1099 2667 lV,
1112 2606 1155 2667 οἳ,
1169 2604 1321 2655 Herodiani

185 2679 253 2741 tari,
268 2677 340 2727 hand
351 2677 462 2727 dubium
472 2676 672 2739 mihividetur,
683 2691 729 2726 ne·
778 2677 846 2740 Vll,
865 2678 890 2728 5.
908 2677 969 2740 §08
987 2674 1048 2726 eoll.
1064 2674 1175 2739 Gregor.
1190 2676 1259 2725 Naa.
1272 2675 1319 2725 Or.

185 2764 237 2813 qne
258 2748 379 2797 animum
400 2747 528 2797 inducere
548 2761 673 2811 possum,
696 2750 728 2794 nt
779 2747 908 2800 xxvln.
925 2762 989 2812 pag.
1002 2744 1094 2795 1831).
1113 2745 1214 2808 Agath.
1227 2744 1318 2795 Sehol.

184 2832 294 2868 scenam
315 2816 452 2883 quandam
473 2832 506 2867 ex
522 2815 652 2881 Aeschyli
664 2816 728 2865 Per·
778 2816 816 2869 11.
830 2833 857 2881 p.
872 2816 920 2869 3οι
944 2815 1088 2879 inquibus
1111 2814 1182 2864 idem
1201 2815 1320 2865 occurrit

183 2890 221 2937 sis
246 2888 433 2953 depromptam
458 2886 504 2936 hie
527 2885 648 2937 exhiberi
672 2900 728 2935 ere·
777 2883 1054 2938 verbum'doveioiiaa
1069 2883 1263 2954 delpopuload
1278 2900 1320 2934 se·

184 2959 260 3022 dam,
276 2956 318 3006 nti
336 2958 480 3022 proposuit
493 2956 641 3007 Minervini
657 2954 727 3005 libro
777 2957 908 3007 ditionem
926 2956 1047 3007 excitato
1067 2954 1125 3004 sive
1144 2954 1249 3006 bellicis
1263 2958 1320 3004 tur-

183 3042 267 3091 supra
285 3026 412 3088 laudato,
441 3026 518 3078 laos.
538 3041 578 3076 nr.
601 3025 650 3076 135
671 3024 726 3089 (ll.
777 3026 820 3076 bis
833 3027 951 3093 agitato.
967 3024 1036 3077 Add.
1047 3022 1154 3074 Iaeohs.
1166 3024 1316 3076 adAelian.

127 3110 138 3135 ν
184 3112 248 3147 ann.
262 3095 324 3161 VI.)
340 3111 403 3161 pag.
416 3096 451 3147 83
465 3110 540 3161 seqq.
776 3098 810 3147 N.
824 3098 855 3146 A.
871 3097 934 3159 XV,
954 3096 985 3145 21
1006 3100 1033 3145 et
1052 3091 1124 3144 eoni.
1140 3095 1316 3160 aristophan.

218 3161 266 3215 nal
280 3160 345 3223 νέας
356 3180 385 3215 τι
402 3160 449 3213 κοιλ
464 3162 572 3222 ἵππους
585 3160 633 3213 aul
646 3165 727 3213 σῖτον
776 3167 828 3219 Ar.
845 3167 920 3217 1182.
948 3166 1075 3215 Aotivnm
1092 3159 1191 3213 δονεῖν
1207 3165 1319 3231 (opilare

183 3231 231 3285 ιιοιλ
243 3233 339 3301 πλοῖα]
359 3235 533 3285 Florentinus
546 3250 608 3285 enm
621 3233 726 3285 duobus
776 3235 831 3299 lae)
851 3236 1004 3287 invenimus
1023 3250 1105 3296 supra
1118 3234 1173 3297 lv,
1186 3238 1212 3287 2.
1240 3236 1317 3296 Quae

182 3305 246 3356 aliia
259 3304 457 3356 oodd.exhibet
470 3299 517 3353 aul
528 3306 607 3353 σῖτον
619 3300 725 3352 κοιλ-ἴπ-
776 3306 876 3357 Noster
888 3305 915 3359 h.
929 3304 948 3356 1.
962 3305 1031 3355 dioit
1043 3298 1185 3368 έτεοιτρίοι,
1201 3305 1318 3355 Tzetaes

182 3390 272 3439 πονς,
285 3375 394 3426 omissis
406 3374 666 3440 prorsnsvooabulis
676 3368 725 3422 ιιοιλ
776 3375 847 3428 chit.
865 3376 892 3439 1,
911 3374 963 3451 872
979 3389 1110 3439 prosuae
1127 3373 1228 3425 aetatis
1243 3390 1318 3425 more

182 3445 284 3508 πλοῖα,
303 3460 373 3510 quae
390 3445 485 3495 eadem
503 3459 521 3493 a
533 3444 657 3494 Medieeo
677 3444 725 3494 ab·
775 3445 846 3495 dixit
856 3447 931 3510 τρεῖς
943 3443 1028 3501 ολονς
1041 3438 1176 3509 χρόνους,
1190 3460 1238 3509 per
1248 3460 1316 3510 quos

182 3520 255 3567 sunt.
297 3514 364 3564 Inde
394 3515 532 3564 eiecerunt
562 3511 612 3564 has
643 3528 725 3565 voees
779 3516 844 3566 haia
855 3516 967 3565 turbata
977 3515 1014 3564 sit
1024 3515 1111 3578 copiis
1123 3515 1244 3579 undique
1254 3529 1318 3566 oon·

182 3585 291 3636 Beklrer
310 3590 339 3635 et
355 3584 497 3643 Dindori.;
514 3584 593 3634 nneis
613 3582 726 3637 inclusit
775 3585 874 3637 ductis.
887 3612 922 3622 -
940 3586 1017 3647 Quae
1032 3585 1162 3635 continno
1176 3585 1248 3649 apud
1262 3585 1317 3635 He·

181 3653 307 3705 Dietseh.
346 3654 478 3719 Equidem
495 3651 634 3718 vulgatam
652 3653 725 3703 inta-
775 3654 900 3705 nodotum
917 3659 1067 3720 sequuntur
1082 3653 1179 3714 verba,
1204 3669 1237 3705 ea
1256 3670 1316 3705 oum

182 3730 255 3774 etam
272 3722 424 3789 relinquere
444 3723 542 3786 malui,
563 3726 587 3773 si
607 3723 724 3789 quidem,
775 3724 943 3790 Schweigh,
963 3724 1051 3776 Gaias.
1073 3729 1100 3775 et
1117 3728 1231 3775 reeentt.
1253 3724 1313 3776 edd.

184 3796 253 3845 hene
266 3793 430 3844 observante
442 3793 574 3843 Valoken.
591 3794 625 3843 ad
640 3790 725 3843 Hero·
776 3796 817 3845 ita
829 3795 1033 3857 constituimus,
1045 3798 1077 3844 ut
1088 3795 1232 3858 malorem,
1247 3809 1316 3860 quae

182 3864 241 3914 dot.
254 3862 302 3923 VI,
316 3864 364 3925 48,
387 3862 555 3928 distinguere
569 3863 634 3914 lieet
652 3864 724 3913 inter
775 3870 839 3915 ante
851 3858 1080 3929 καταλεγομένων
1097 3870 1256 3930 poneretur,
1278 3865 1317 3914 di·

182 3931 258 3995 νέοις,
270 3933 289 3983 i.
301 3949 323 3985 e.
335 3949 413 3983 manea
425 3936 513 3998 leopos
522 3948 614 3998 easque
623 3933 726 3983 bellicas
775 3936 950 3986 stinetionem
963 3941 1181 3986 converteremus
1194 3937 1222 3985 iu
1232 3937 1318 3985 miuo-

182 4019 205 4052 s.
221 4005 335 4053 triremes
353 4002 400 4069 (of.
416 4008 484 4054 nott.
505 4003 539 4053 ad
558 4003 616 4065 111,
635 4003 679 4066 13)
697 4007 724 4053 et
775 4020 845 4070 rem,
864 4006 989 4071 proxima
1003 4005 1101 4057 voenld
1117 4000 1149 4055 δέ
1170 4007 1316 4057 matathia

183 4071 279 4133 πλοῖα,
292 4074 311 4121 i.
324 4089 349 4126 e.
363 4074 465 4139 aaolpia
478 4074 611 4123 odmilites
620 4088 726 4138 aquosae
775 4088 818 4137 τε,
835 4076 964 4126 maiorem
976 4090 1041 4127 vero
1053 4075 1255 4135 distinctionem
1269 4092 1316 4139 po-

181 4142 306 4192 oelmndoa
322 4151 526 4208 commeatumque
546 4150 726 4206 transportan-
775 4161 899 4197 meremus
925 4151 988 4210 post
1015 4141 1314 4207 παρασκευαζομένων,

182 4212 391 4263 demetientem
401 4221 552 4278 apparatum
562 4221 633 4278 apta,
640 4212 726 4261 πλοῖα
775 4216 822 4266 ubi
831 4215 914 4281 vulgo
925 4217 1014 4266 minor
1024 4215 1160 4266 exstabat.
1185 4215 1247 4265 Vid.
1259 4215 1315 4264 He-

185 4274 339 4345 ἱππαγωγὰ
350 4274 616 4346 ιιαλφορτηγητικοί.
646 4284 727 4334 Wes-
775 4284 1315 4348 rold.Emendd.Herodd.P.l.pag.13.

184 4350 316 4416 selingius
336 4352 506 4405 excitaverat
532 4354 639 4407 barian.
664 4352 725 4404 Ind.
813 4346 942 4421 Τετάοτῳ
963 4349 995 4403 δὲ
1011 4348 1066 4404 ἔτεϊ
1084 4347 1232 4419 Αἰγύπτιοι
1252 4369 1277 4406 κ.
1290 4369 1315 4405 τ.

187 4421 229 4473 111.
249 4426 274 4484 ἓ.
293 4424 318 4474 7.
354 4423 397 4473 De
416 4437 466 4474 usu
484 4422 681 4487 particularum
696 4437 725 4473 τε
776 4423 813 4491 1,]
832 4424 993 4474 Incidithoo
1002 4424 1029 4472 in
1040 4440 1138 4474 annum
1151 4424 1203 4476 486
1213 4440 1239 4475 ιι.
1250 4424 1315 4479 Chr.

183 4487 247 4556 ιιοιλ,
270 4492 368 4557 quibus
384 4493 534 4559 iunguntur
550 4491 616 4551 νέας
635 4496 664 4545 ot
678 4490 724 4544 irc·
774 4510 803 4547 a.
827 4495 889 4548 Vid.
902 4493 1030 4547 Laroher.
1045 4495 1123 4547 Tem,
1135 4494 1198 4547 VII.
1212 4510 1240 4561 p.
1253 4495 1314 4563 642,
