3008 5128
481 354 850 425 ranrslcflonn.
875 356 913 420 V.
932 363 975 421 67,

1230 345 1288 418 121

155 544 369 627 Κλεισθένης
393 533 459 627 γὰρ
488 494 663 626 'depticios
689 529 876 625 πολεμήσας
901 532 997 603 τούτο
1024 525 1085 620 μὲν
1114 523 1294 624 ῥαψῳδοὺς

156 735 311 796 σθένεος
335 729 510 804 ἄρχοντος
532 729 592 787 acl
613 726 704 787 ἑκεί-

157 826 225 861 νου
240 807 439 866 τεθνεῶτος
453 800 493 858 ἔτι
506 796 556 858 ἔπ’
567 796 704 872 feraliq-

155 894 258 932 sorau.

205 939 365 1016 δαυῳδούς
387 938 492 996 ἔπαυσε
515 935 547 995 ἒν
576 939 703 995 Σικυῶνι

155 1010 361 1083 ἀγωνίζεσθαι]
385 1018 403 1066 i.
424 1031 447 1069 s.
468 1019 543 1068 uetuit
561 1014 704 1078 rhapsodos

155 1090 269 1157 Sicyone
285 1088 420 1139 eanum
433 1088 619 1139 [lomericorum
638 1086 703 1135 reci·

156 1159 297 1211 mannum
309 1157 412 1225 publice
425 1158 545 1208 instituis
559 1158 702 1207 decertare.

157 1231 203 1282 De
215 1232 357 1281 structura
367 1225 510 1287 infinitivi,
530 1227 579 1291 qui
591 1223 704 1274 additur

158 1299 247 1351 serbo
265 1292 386 1355 παύειν,
414 1300 447 1349 nt
464 1295 533 1359 VII,
551 1297 601 1357 54,
629 1291 701 1345 coni.

157 1368 300 1421 Kuehuer.
311 1366 357 1416 Gr.
369 1366 414 1416 Gr.
426 1365 451 1429 ᾗ.
463 1364 523 1417 660.
535 1369 593 1416 not.
607 1365 633 1415 2.
660 1358 703 1414 De

158 1426 702 1503 rerboc’ryowlieodmdisputatNitzsch.

158 1510 204 1560 De
214 1507 281 1558 bist.
295 1505 407 1557 Homer.
420 1504 458 1555 11.
473 1521 501 1570 p.
516 1504 564 1556 113
576 1519 644 1569 seq,
658 1502 704 1568 qui

159 1578 234 1645 qnod
249 1577 314 1627 lruic
328 1575 412 1628 rerbo
427 1575 539 1625 eandem
552 1574 610 1626 iere
623 1572 706 1637 signi-

158 1651 317 1700 ficationem
335 1644 421 1695 tribui
443 1643 502 1696 vult
524 1650 607 1709 atque
623 1641 706 1693 verbo

159 1707 360 1768 ἐπιδεικνύναι
383 1712 461 1779 (artis
488 1719 613 1779 specimen
636 1711 708 1763 estt-

160 1789 232 1850 δραι,
240 1784 410 1850 ‚,debuter“),
419 1799 480 1834 cum
487 1800 516 1835 re
524 1800 588 1836 vera
598 1797 708 1834 concer-

161 1858 236 1909 tatio
249 1856 339 1907 locum
353 1870 407 1905 nou
423 1854 549 1905 babuerit
562 1866 708 1917 omnesque

162 1929 344 1978 communiter
362 1924 489 1974 dicantur
512 1914 708 1973 ἐπιδεικνύναι

162 1997 206 2050 rel
226 1986 445 2045 ἐπιδείκνυσθαι
465 2000 493 2043 et
510 1987 707 2057 ἀγωνίζεσθαι,

162 2067 211 2133 qui
225 2072 286 2117 arte
299 2062 466 2114 contendant
478 2065 604 2129 artisque
621 2061 708 2126 speci-

162 2140 239 2187 mina
251 2134 401 2187 exhibeant
414 2131 457 2198 (ut
469 2133 495 2183 h.
506 2134 523 2185 l.
539 2131 671 2197 rhapsodi
679 2132 708 2180 in

163 2207 245 2259 lestis
258 2202 453 2266 Graecorum),
468 2218 564 2254 vereor
574 2207 605 2254 ut
614 2215 709 2253 assen-

163 2278 212 2327 tiri
223 2276 341 2342 possim,
355 2275 380 2325 si
392 2274 501 2339 quidem
513 2288 606 2324 rerum
620 2275 708 2322 certa·

163 2362 226 2398 meu
244 2346 318 2397 inter
335 2344 486 2408 rhapsodos
504 2343 604 2406 inisse,
625 2341 709 2406 idque

164 2418 342 2467 coniunctum
358 2429 419 2465 cum
438 2412 502 2463 aliis
516 2410 709 2464 certaminibus

163 2486 317 2553 gymnicis,
346 2498 416 2549 quac
440 2497 527 2547 aeque
552 2482 587 2533 ad
609 2481 709 2531 fastum

164 2554 410 2608 concelebrandum
434 2552 587 2616 pertinent,
615 2548 710 2615 negari

164 2626 212 2677 vix
231 2624 344 2690 poterit.
375 2622 428 2684 Qui
441 2637 507 2673 vero
524 2621 652 2672 hocloco
669 2618 709 2668 di-

165 2700 269 2746 cuntur
278 2684 428 2759 ύαψῳδοὶ,
439 2697 576 2757 utcunque
587 2691 619 2742 de
629 2689 710 2740 huius

164 2765 244 2815 vocis
259 2764 366 2829 origine
378 2763 496 2822 statuis,
516 2762 625 2811 minime
640 2756 709 2809 tales

753 739 830 797 tura,
855 733 1003 786 adcantus
1018 733 1125 800 quidem
1141 730 1295 784 similitudi·

754 821 814 861 nem
833 803 977 856 accederet
991 804 1134 867 recitatio,
1155 802 1203 856 sed
1218 803 1293 855 vocis

754 873 940 927 modulatione
960 878 1067 925 tautum
1087 889 1105 924 a
1119 889 1183 924 vero
1199 878 1294 931 cautu,

754 950 887 1012 quantum
908 949 989 1010 gestu
1005 959 1022 994 a
1041 959 1108 996 vera
1130 943 1294 995 histrionum

754 1016 876 1078 actious,
898 1015 1017 1066 abesset.
1045 1015 1134 1083 Atque
1148 1015 1177 1064 in
1191 1029 1222 1066 eo
1239 1028 1293 1064 cer·

754 1093 846 1137 tamen
870 1085 955 1136 fuisse
983 1085 1136 1137 institutum
1162 1083 1295 1148 ludosque

753 1155 887 1209 solemnes
902 1171 935 1205 ac
954 1154 1092 1220 publicos,
1114 1155 1184 1204 satis
1199 1153 1296 1205 testari

753 1226 861 1278 ridetur
875 1226 962 1290 ipsum
982 1225 1093 1276 verbum
1106 1214 1296 1289 ἀγωνίζεσθαι

753 1299 881 1361 &Nostro
891 1294 1049 1344 adhibitum.
1069 1293 1132 1345 Alia
1140 1294 1173 1344 de
1184 1294 1296 1359 rhapso-

754 1370 795 1420 dis
810 1381 881 1416 nunc
898 1365 994 1416 labens
1013 1369 1140 1428 transeo,
1160 1380 1228 1430 qnae
1243 1364 1297 1414 huc

755 1437 843 1488 minus
871 1434 992 1495 iaciant,
1024 1433 1071 1483 ubi
1099 1450 1154 1485 uon
1179 1439 1236 1484 tam
1263 1432 1297 1482 ds

755 1503 1092 1572 rhapsodorumhistoria,
1109 1520 1189 1569 quum
1200 1505 1234 1554 de
1243 1502 1298 1552 loci

756 1575 906 1628 Herodotei
914 1574 1245 1640 interpretationeagitur.
1255 1573 1298 1622 Tu

757 1645 829 1697 coni.
841 1648 950 1708 praeter
962 1642 1180 1694 Valckenariaus
1193 1643 1227 1693 sd
1239 1642 1265 1692 h.
1278 1640 1297 1692 1.

757 1714 842 1766 Wolf.
854 1713 978 1780 Prolegg.
986 1713 1110 1763 Homerr.
1125 1728 1188 1778 pag.
1197 1713 1240 1764 98.
1251 1712 1299 1762 tto

759 1789 787 1835 et
805 1783 951 1834 Heinrich:
973 1782 1123 1848 Appendic.
1141 1784 1175 1834 ad
1190 1784 1299 1848 Epime-

759 1855 815 1906 nid.
831 1852 967 1919 [inprimis
980 1867 1042 1918 pag.
1058 1851 1135 1919 1571,
1153 1858 1299 1917 utrumqne

758 1941 776 1976 a
789 1924 924 1974 Oreuzero
940 1923 968 1973 in
979 1921 1141 1973 Commentt.
1153 1923 1297 1975 Herodoti.

757 2010 784 2059 p.
802 1994 851 2044 217
868 1992 990 2043 allatum.
1022 1993 1063 2043 Eo
1080 1994 1166 2059 magis
1181 2008 1247 2044 sane
1260 1996 1299 2042 te·

757 2078 871 2116 neamus
884 2062 1017 2114 Herodoti
1035 2063 1219 2114 testimonium
1239 2078 1299 2129 gra·

757 2134 898 2186 vissimum
922 2132 988 2183 illud
1008 2133 1116 2197 quidem
1138 2133 1173 2183 ad
1193 2148 1298 2184 omnem

758 2204 909 2255 carminum
921 2204 1081 2254 Homericor
1103 2220 1128 2253 m
1141 2204 1298 2254 historiam:

759 2271 832 2339 quod
858 2274 884 2324 si
905 2272 1043 2338 cognitum
1071 2219 1169 2324 fflisset
1190 2270 1300 2332 Wolfio,

759 2345 805 2394 vix
823 2357 855 2392 ea
873 2343 1031 2407 scripsisset
1048 2342 1171 2408 Prolegg.
1187 2344 1299 2393 Homer.

760 2427 823 2479 pag.
833 2411 917 2461 CXL:
933 2412 1050 2476 „ltaque
1060 2411 1171 2463 Homeri
1181 2411 1302 2463 carmina

761 2483 845 2533 etiam
859 2485 923 2532 ante
936 2480 1062 2532 Solonem
1076 2482 1187 2531 recitari
1200 2495 1301 2531 morem

760 2553 847 2604 fuisse
860 2550 904 2600 vel
918 2553 1121 2610 aineteseimcnio
1131 2553 1223 2602 veteris
1237 2551 1301 2601 scri·

758 2624 841 2686 pteris
853 2620 1005 2672 crederes.“
1032 2622 1156 2686 Namque
1167 2619 1303 2671 Herodoti

761 2692 920 2743 testimonio
933 2692 1003 2742 satis
1020 2690 1192 2742 manifestum
1204 2689 1245 2753 tit,
1258 2687 1303 2741 rel

760 2766 825 2812 ante
846 2761 986 2811 Pisistrati
1006 2765 1139 2823 aetatem,
1164 2761 1198 2811 ad
1223 2774 1302 2826 qnam

165 2850 227 2886 essa
248 2837 378 2898 possunt,
401 2832 446 2898 qui
471 2832 593 2882 carmina
612 2833 710 2894 suopte

165 2903 280 2969 ingenio
304 2903 340 2953 fin
360 2906 409 2954 ant
430 2918 464 2953 ac
486 2904 624 2967 pangant,
649 2914 711 2950 curn

166 2976 230 3040 ipsa
251 2988 306 3024 vox
330 2919 481 3037 (ξιψφδίας
505 2970 659 3037 aequabilis
684 2972 712 3018 et

166 3043 319 3096 continuae
331 3057 417 3108 neque
431 3041 466 3091 ab
485 3040 541 3091 alio
555 3038 711 3104 interpella·
761 3040 805 3091 rel
823 3044 896 3092 certe
909 3040 1038 3101 Iliadem,
1057 3056 1137 3105 qnam
1153 3040 1181 3094 h.
1196 3039 1214 3090 l.
1228 3038 1304 3104 tangi

168 3113 403 3166 taurecitationis
417 3109 659 3161 iudiciumhabere
672 3108 712 3157 ri·
762 3110 892 3162 credibile
920 3117 961 3162 est
990 3109 1036 3173 (cl.
1056 3110 1179 3164 Nitasch.
1202 3111 1304 3176 Sagen-

167 3185 269 3235 deatur
280 3198 315 3232 sc
327 3183 391 3232 dein
407 3181 554 3246 praecipue
573 3181 712 3243 epicorum
761 3184 839 3247 po'els.
856 3181 881 3229 d.
899 3180 1006 3232 (iriech.
1023 3197 1050 3247 p.
1073 3181 1133 3233 305.
1149 3180 1230 3251 316),
1254 3195 1305 3244 pu-

165 3267 313 3315 renuam,
344 3250 457 3301 Homeri
479 3250 605 3314 inprimis
629 3254 713 3314 atque
763 3250 835 3300 blice
859 3252 1025 3310 recitantes,
1056 3250 1092 3302 ad
1115 3250 1304 3314 Sicyoniorum

166 3321 301 3383 Hesiodi,
331 3320 487 3370 recitationi
516 3321 553 3369 sit
578 3318 710 3369 adhibita.
764 3334 872 3386 quoque
883 3318 963 3370 ludos
980 3322 1152 3385 pervenerint
1164 3322 1223 3371 sire
1241 3319 1304 3370 aliis

168 3394 214 3442 'l'n
225 3390 281 3442 rid.
293 3389 415 3441 Nitnscb.
428 3388 553 3454 Prolegg.
566 3389 594 3439 in
603 3387 709 3437 Platon.
765 3407 797 3441 ea
809 3388 892 3451 locis,
907 3390 981 3452 sire,
996 3391 1065 3454 quod
1078 3389 1183 3450 malim,
1197 3404 1230 3440 ex
1242 3390 1305 3454 ipsa

167 3463 231 3511 lon.
244 3475 306 3526 cap.
322 3460 358 3510 11.
372 3462 463 3524 pag.4
480 3474 571 3524 seqq,
593 3459 635 3509 De
648 3457 713 3508 hist.
764 3460 925 3523 Argivorum
946 3464 1020 3509 tcrra
1041 3459 1094 3510 huc
1115 3459 1246 3523 profecti,
1277 3458 1305 3507 in

169 3532 283 3582 Homer.
296 3529 336 3582 11.
351 3545 377 3594 p.
397 3529 444 3579 tlt
459 3545 533 3594 seqq.
551 3528 598 3580 132
614 3542 670 3591 seq.
686 3530 714 3576 et
767 3543 821 3595 qua
831 3543 897 3579 sane
909 3529 1057 3595 praecipua
1068 3530 1145 3580 sedes
1158 3529 1306 3594 rhapsodo-

169 3616 244 3666 quae
268 3601 328 3664 ipse
356 3599 389 3649 de
418 3598 560 3664 rhapsodis
586 3596 713 3659 disserui,
765 3598 1306 3664 rum;inquametianrterram,Sicyone

169 3669 306 3721 adhibitis
324 3674 446 3721 veterum
468 3668 647 3732 testimoniis,
670 3667 712 3716 iu:
765 3668 860 3721 cedere
878 3670 983 3730 coacti,
1004 3686 1032 3720 se
1046 3670 1181 3734 recepisse
1193 3682 1306 3733 eamque

170 3739 258 3804 Pauly
271 3737 530 3803 Realencyclopaed.
546 3736 595 3798 VI,
611 3738 711 3801 Lpag.
765 3739 822 3790 suis
851 3739 1017 3789 carminibus
1047 3739 1093 3791 vel
1121 3738 1207 3803 magis
1236 3737 1305 3790 celc-

169 3810 222 3862 3911
246 3825 321 3873 seq,
346 3809 437 3874 ibique
456 3809 586 3859 Krenser:
613 3806 714 3856 Home·
764 3809 860 3859 brasse
876 3806 916 3858 illi
936 3808 1073 3863 videntur.
1104 3807 1166 3859 Vid.
1181 3807 1305 3859 Nitzsch.

169 3879 262 3930 rische
271 3878 436 3943 Rhapsoden
448 3893 508 3942 pag.
523 3876 639 3941 llilseq.
652 3874 714 3928 206.
765 3880 808 3929 De
823 3877 919 3929 histor.
937 3879 1046 3929 Homer.
1062 3878 1084 3927 I.
1105 3894 1166 3944 pag.
1183 3878 1232 3929 154
1248 3894 1304 3942 seq.

170 3952 270 4015 ltaque
302 3948 354 3998 hoc
387 3947 447 3998 loco
477 3951 590 3997 auctore
621 3946 714 3997 eodem
764 3948 1307 4014 Entsanehsecprimaatretustissima

169 4019 315 4071 Nitzschio
329 4016 402 4082 (coll.
413 4015 576 4069 aaaron.
587 4016 712 4080 Proleng.
766 4022 794 4068 et
818 4018 1011 4082 rhapsodornm
1036 4023 1064 4069 et
1083 4019 1233 4069 carminum
1252 4018 1308 4067 Ho-

169 4090 206 4140 ad
218 4090 329 4139 Homer.
351 4102 413 4151 pag.
428 4086 529 4137 XCVII
547 4084 635 4150 seqq.)
653 4085 715 4134 rha·
766 4087 925 4139 mericcrum
942 4088 970 4137 in
986 4087 1119 4153 agonibus
1134 4089 1308 4139 recitatorum

168 4159 271 4225 psodos
289 4156 466 4221 intelligimus
486 4171 548 4218 eos,
567 4156 615 4219 qui
633 4155 660 4203 in
677 4155 716 4206 ie-
768 4158 885 4218 menti0;
909 4158 945 4208 ad
966 4173 1047 4222 quam
1063 4156 1214 4217 accedunt,
1239 4172 1308 4222 quaa

170 4231 222 4280 stis
232 4228 401 4280 solemnibus
413 4241 460 4290 pro
469 4240 543 4275 more
553 4228 584 4273 ut
593 4222 664 4284 aliu,
677 4225 716 4274 ita
768 4226 801 4277 de
821 4227 904 4277 simili
922 4227 1071 4278 certamine
1092 4233 1186 4278 narrat
1202 4225 1309 4291 Thucy·

170 4298 285 4349 Homeri
308 4297 434 4361 inprimis
455 4294 578 4345 carmina
607 4293 716 4359 publice
768 4295 845 4347 didas
859 4298 918 4357 ΙΙΙ,
934 4297 998 4355 104;
1019 4297 1073 4347 alia
1093 4296 1173 4359 attigi
1190 4296 1250 4346 loco
1265 4312 1309 4346 sn-

170 4368 331 4419 recitabant
341 4366 381 4417 ita
390 4364 514 4431 quidem,
526 4367 571 4424 ut,
585 4368 716 4429 qnantum
766 4382 817 4431 pra
827 4365 846 4416 1.
863 4365 1086 4430 (Realencyclop.
1105 4382 1132 4432 p.
1146 4365 1225 4431 anon
1250 4366 1309 4430 qni·

170 4452 344 4490 numerorum
370 4435 542 4502 poiiticorum
566 4434 651 4485 ferret
670 4449 717 4484 ua·
767 4437 818 4487 bus
836 4451 909 4487 nunc
925 4436 990 4490 addi
1008 4436 1104 4503 velim,
1128 4451 1199 4504 quae
1216 4436 1310 4489 retulit

760 2830 964 2883 Homericorum
992 2832 1141 2880 carminum
1170 2829 1303 2896 composi-

761 2903 863 2952 tionem
878 2907 943 2952 sunt
959 2903 1004 2968 qai
1021 2901 1164 2961 reiiciaut,
1189 2901 1303 2965 rhapso-

762 2972 810 3023 dos
827 2970 928 3027 inisse,
950 2972 997 3035 qui
1016 2971 1137 3022 carmina
1157 2971 1304 3021 Homerica
