2916 5130
274 409 335 473 816
412 406 679 472 HXOURSUS
703 408 749 469 IV
786 412 852 472 AD
876 412 1134 476 HERODOT.
1159 418 1211 491 VI,
1231 428 1270 483 69,

273 583 376 660 βωμὸν,
392 586 505 639 b.e.ad
524 586 700 652 invisarum,
727 605 795 653 qaue
814 589 911 640 estsub
932 584 1120 657 maceriam*).
1164 593 1242 654 Quae
1260 593 1280 642 si
1298 604 1370 644 nostro

273 677 332 726 loco
348 674 488 736 adhibeas,
507 671 583 723 dicas
597 671 625 723 in
641 671 778 723 Demarati
793 672 886 723 chorte
901 672 944 723 rel
960 674 1090 744 impluvio
1105 677 1137 743 (i.
1155 696 1180 729 e.
1197 675 1256 727 aula
1271 677 1370 735 subdidi)

273 770 302 813 et
319 761 380 829 ipso
403 757 501 810 Hercei
525 756 601 807 loris
621 773 693 807 araur
716 757 847 808 maceriae
863 758 915 828 (τῷ
934 753 1032 829 ipsias)
1050 769 1156 814 tantum
1178 779 1231 813 non
1252 763 1370 829 contiguas

274 845 372 898 luisse.
406 844 459 895 larn
475 858 534 893 curn
548 841 645 892 ibidem
661 841 804 893 Astrabaci
820 842 912 893 herois
934 844 1063 898 sacellam
1077 844 1198 899 locatum
1213 843 1371 913 dicaturwsr'

272 934 334 1003 τῇσι
350 922 473 998 αὐλείῃσι
485 920 598 996 θύρῃσι,
616 926 635 978 i.
651 944 677 977 e.
692 925 726 977 ad
740 921 863 992 ἑρκείους
876 921 980 989 nilus:
996 940 1214 983 consentaneum
1228 940 1270 982 est
1281 933 1371 989 credere,

274 1019 340 1071 loois
355 1016 448 1069 Hercei
462 1030 539 1065 aruns
559 1014 671 1064 locutam
687 1014 773 1081 saian
795 1014 823 1064 in
839 1014 913 1079 aula,
937 1024 963 1067 et
982 1018 1085 1082 quiden
1106 1019 1140 1070 ub
1158 1018 1247 1071 ultera
1258 1028 1323 1086 purte
1337 1022 1371 1069 ἀιι

272 1112 375 1175 portae,
390 1118 458 1167 pune
472 1116 520 1168 per
534 1099 676 1149 maceriam
693 1101 772 1150 nolae
784 1099 811 1149 in
825 1098 895 1150 νίονν
908 1102 1026 1169 putebat,
1041 1104 1151 1155 Ιιονοαοι
1168 1112 1257 1156 auten
1273 1106 1372 1156 Ande

273 1192 350 1243 ritum
362 1188 447 1257 foisse
462 1195 486 1237 et
502 1185 586 1254 iprum
600 1183 628 1234 irs
643 1184 718 1249 aula,
734 1185 843 1251 itemque
858 1186 890 1235 ab
902 1185 1014 1238 eiusdem
1028 1196 1125 1255 portae
1137 1198 1220 1256 purte
1233 1191 1312 1240 ultera
1322 1188 1366 1255 ste

273 1271 407 1346 oppositu)
423 1272 476 1337 itn,
497 1278 527 1321 at
541 1269 671 1322 introrsus
689 1278 713 1321 et
734 1270 851 1338 luppiter
870 1279 898 1321 et
918 1271 994 1322 beros
1015 1273 1147 1340 utrinque
1169 1274 1270 1326 aditum
1288 1283 1363 1326 team

272 1372 298 1416 et
313 1359 389 1429 puori
404 1363 565 1411 tutarentur.
610 1354 649 1403 Αο
663 1354 838 1421 pertinebant
860 1353 908 1405 bae
930 1354 1078 1423 religiones
1093 1374 1156 1410 cum
1178 1357 1214 1409 ad
1235 1358 1361 1409 securitas·

271 1446 379 1500 aedium
400 1442 567 1512 privatarum
590 1444 645 1489 turn
664 1437 702 1490 ud
721 1438 902 1490 sanctitatem.
939 1440 975 1491 lat
995 1441 1105 1509 quando
1129 1442 1259 1495 Hereeas
1283 1440 1362 1511 lappis

272 1531 402 1584 Italorum
419 1526 684 1592 Penatiburpoterat
699 1523 838 1575 accenseri
853 1523 925 1593 (vid.
941 1525 975 1575 sd
991 1525 1044 1592 Vl,
1059 1528 1122 1593 aa),
1150 1527 1305 1594 gentilitias
1318 1527 1368 1577 tes

272 1616 441 1670 Astrabaeus
458 1610 533 1665 buris
547 1608 633 1660 locum
655 1608 785 1660 sustinet.
830 1608 911 1660 Haud
935 1609 1017 1662 dubie
1039 1611 1110 1662 enim
1131 1612 1161 1663 in
1188 1612 1275 1664 sacris
1288 1610 1370 1680 prirstis

273 1701 351 1755 valde
366 1703 500 1767 cognatus
518 1695 591 1746 inter
606 1711 636 1745 se
655 1693 708 1744 fnit
723 1692 814 1745 cultus
829 1710 908 1746 sacer
924 1702 1044 1747 veterum
1060 1696 1237 1765 populorum,
1253 1713 1315 1766 quos
1325 1695 1369 1746 diri

271 1805 341 1841 mus.
359 1776 441 1848 'Qua
457 1783 491 1834 de
514 1798 543 1833 re
568 1778 647 1848 plura
668 1777 770 1829 contnli
786 1778 813 1833 in
832 1778 940 1831 dnuall.
956 1780 1135 1849 Heidelberg.
1164 1786 1242 1835 1817.
1259 1799 1297 1832 nr.
1310 1782 1370 1847 Ttp

274 1876 340 1928 1230
356 1890 415 1939 seq.
447 1868 499 1919 Hic
515 1865 567 1916 alia
587 1863 704 1931 paucula
723 1860 865 1917 sublicium
885 1865 1075 1918 coniunctiora
1095 1884 1157 1919 cunr
1175 1866 1321 1919 Heroduteo
1339 1864 1371 1913 list

271 1963 441 2027 argumento.
465 1951 506 2003 Ad
521 1949 694 2001 securitatem
707 1947 793 2015 igitur
807 1954 914 2017 spectat
927 1949 1004 2016 illud,
1017 1953 1089 2020 quod
1105 1950 1173 2004 alibi
1187 1954 1299 2021 luppiter
1307 1953 1372 2003 casn

271 2062 331 2098 curn
351 2046 419 2096 bure
440 2035 584 2106 copulatur
607 2034 812 2103 perattribnta‚
842 2053 867 2085 ν.
885 2050 908 2086 c.
926 2035 1265 2104 peradionctumeanesa
1298 2033 1371 2086 ltaille

272 2129 396 2199 luppiter
410 2123 510 2176 lulmen
529 2130 628 2172 tenens
642 2119 792 2173 accubante
807 2135 874 2170 eane
892 2118 995 2173 uisitur
1015 2120 1042 2172 in
1065 2121 1182 2176 lucerna
1197 2119 1331 2191 sepulcrali
1341 2135 1371 2185 ιρ.

271 2213 376 2268 Bartol.
393 2218 420 2264 et
441 2205 586 2260 Belloriurn
605 2204 633 2255 in
648 2204 769 2258 Lucern.
788 2203 924 2273 sepulchr.
947 2214 1017 2274 part.
1034 2206 1072 2258 ll.
1088 2225 1116 2277 p.
1135 2212 1163 2261 l.
1195 2206 1306 2260 Laribus
1321 2202 1370 2255 eris

272 2302 306 2354 ob
321 2300 400 2353 fidam
415 2291 565 2347 custodiam
579 2290 801 2342 attribuebantnr
815 2304 909 2345 annes.
938 2290 999 2342 Vid.
1019 2292 1191 2362 scriptores,
1208 2308 1275 2361 quus
1290 2286 1370 2341 laudari

271 2387 304 2438 ad
327 2385 417 2436 Cicer.
439 2379 472 2430 de
489 2377 524 2429 N.
543 2375 688 2441 D.11,·27.
713 2392 740 2443 p.
756 2378 807 2427 315
827 2382 856 2426 et
875 2376 909 2427 sd
925 2375 977 2441 ΙΙΙ,
993 2379 1036 2429 25.
1060 2395 1086 2446 p.
1106 2381 1171 2433 633.
1209 2375 1369 2431 Sanetitrtiret

270 2470 396 2526 castilatis
411 2481 496 2534 supra
514 2461 561 2531 [ad
580 2459 625 2525 Vl,
640 2461 696 2526 llll]
713 2459 874 2513 mentionem
890 2459 1018 2526 lecimus,
1042 2463 1087 2515 ubi
1110 2464 1316 2533 quaerebamus,
1335 2473 1368 2509 rar

270 2558 305 2610 ad
319 2551 419 2607 Hercei
435 2548 510 2601 lovis
526 2562 598 2598 aram
615 2554 702 2597 ortum
717 2561 797 2596 suum
813 2544 969 2613 exploraret
985 2546 1158 2602 Demaratus.
1202 2549 1294 2617 Neque
1306 2542 1367 2594 ninus

270 2640 418 2696 earundem
432 2633 594 2701 religionum
617 2630 723 2697 legibus
738 2628 931 2682 continebatur
951 2622 969 2699 ἡ
991 2627 1117 2697 οἰκουρία
1140 2636 1308 2696 seminarant,
1326 2642 1365 2677 tt·

183 2738 188 2745 '
271 2736 350 2796 septo
366 2721 497 2777 excedere
512 2718 596 2787 inque
611 2715 679 2767 riam
696 2715 805 2784 prodire
819 2715 932 2767 honeste
948 2732 1002 2766 non
1019 2724 1134 2784 possent
1148 2718 1285 2772 mulieres.
1305 2714 1363 2775 ΟΜ

270 2831 325 2867 rem
339 2808 431 2877 attigit
443 2804 572 2856 Valclen.
588 2801 622 2853 ad
637 2799 739 2852 Herod.
756 2799 809 2866 lV,
824 2803 881 2853 lll.
914 2800 973 2851 Clr.
988 2801 1142 2870 Boettiger:
1172 2804 1225 2855 Die
1237 2793 1361 2854 lldnbraal.

269 2897 373 2952 Hocbr.
390 2912 417 2963 p.
435 2894 484 2945 134
501 2896 528 2941 rt
541 2892 665 2939 annotat.
688 2892 773 2936 nostr.
792 2885 825 2936 ad
841 2885 962 2936 lllrrsonii
979 2886 1075 2954 fragm.
1091 2887 1117 2939 in
1133 2888 1218 2941 Stud.
1235 2887 1280 2939 tv.
1294 2882 1358 2954 put

270 2985 354 3036 Nunc
371 2981 397 3032 iu
414 2974 537 3029 clausula
552 2970 692 3025 Herodoto
707 2969 848 3038 applicabo
869 2968 935 3020 illud
952 2969 1098 3024 Menandri
1114 2974 1217 3042 poetae
1237 2964 1352 3042 sponsat

270 3068 356 3120 Serm.
376 3083 399 3117 c.
419 3065 467 3117 163
490 3058 545 3129 [rel
561 3057 654 3127 potius
668 3055 725 3107 Tit.
741 3055 860 3123 LXXIV,
882 3056 935 3123 ll.]

477 3166 544 3227 τοὺς
557 3169 607 3235 τῆς
619 3169 770 3235 γαμετῆς
784 3158 871 3231 ὅρους
883 3157 1066 3234 ὖκερβαίνεις
1082 3164 1165 3232 γύναι

478 3236 527 3291 διὰ
540 3237 592 3305 τὴν
604 3232 732 3289 αὐλάν·
747 3235 834 3300 κε’ρας
847 3230 1060 3302 γὰραῦλειος
1074 3233 1171 3304 θύρα

477 3307 613 3378 ἐλευθέρᾳ
628 3305 772 3375 γυναικὶ
787 3301 927 3370 aaronica?
945 3301 1046 3369 οἰκίας.

477 3375 510 3433 τὸ
523 3380 540 3430 d
561 3374 723 3431 ἐπιδιώκειν
738 3377 779 3437 εἷς
790 3394 818 3429 ιε
833 3374 884 3445 τὴν
899 3371 969 3428 ὁδὸν
983 3375 1091 3443 τρέχειν

476 3446 516 3502 ἔτι
529 3446 763 3518 λοιδορουμένην,
779 3444 865 3507 κυνός
877 3444 929 3499 ἐστ’
942 3442 1141 3515 ἔργον,Ῥόορ,

270 3569 323 3622 Cui
339 3566 398 3618 loco
415 3561 525 3617 similem
534 3560 661 3621 ,Philonis
677 3560 710 3612 de
722 3559 889 3628 specialibus
906 3557 1013 3625 legibus
1030 3559 1069 3626 [p.
1082 3559 1143 3610 803.
1161 3555 1208 3623 C.]
1223 3549 1304 3605 iunxit
1314 3558 1364 3640 utg-

269 3671 322 3707 nus
350 3650 477 3703 Valesius
504 3648 536 3699 ad
563 3646 679 3699 Eusebii
697 3644 803 3697 Histor.
823 3642 1036 3709 constantiv,
1057 3646 1082 3695 ῖ.
1109 3660 1138 3711 p.
1153 3643 1221 3706 568,
1246 3635 1288 3689 ubi
1310 3638 1366 3682 etat!

266 3737 407 3806 οἰκουρίας
422 3736 526 3789 diserta
540 3722 726 3797 mentio.“**)
748 3761 781 3769 -

338 3939 367 4001 *)
382 3937 416 4004 [Β
430 3935 617 3986 Laurentiano
627 3931 737 3993 codice,
761 3928 807 3995 qui
819 3944 890 3978 unna
912 3930 1029 3979 omnium
1042 3927 1183 3986 codicum,
1204 3923 1249 3990 qni
1259 3912 1364 3989 Attollat}¹

270 4011 379 4063 Scholia
390 4007 540 4066 contiueat,
553 4004 613 4054 lons
629 4019 689 4054 esse
703 4000 866 4067 perhibetur,
878 3997 946 4049 lasea
961 3998 1046 4050 verba
1058 3997 1098 4048 sic
1107 4011 1195 4060 nuper
1206 3991 1285 4045 edidit
1292 3985 1364 4069 litun·

270 4099 319 4133 cus
335 4081 452 4132 Kellios:
478 4066 597 4138 Δανάην
615 4066 646 4122 dl
659 4068 813 4136 καταφέρει
830 4064 883 4120 οὐν
898 4065 937 4136 τῷ
955 4064 1037 4117 παιδὶ
1049 4058 1096 4117 ἐπὶ
1116 4059 1168 4116 cdv
1180 4057 1237 4114 siud
1253 4054 1281 4109 τὸ
1292 4060 1363 4117 roam

270 4148 339 4208 Δὶος
367 4166 389 4198 ω
411 4143 455 4199 α’ν.
474 4146 520 4195 Βν.
1355 4180 1360 4193 ,

339 4148 482 4286 β’)μμᾶά.
499 4145 608 4281 sinesii
628 4212 717 4263 locum
738 4212 771 4262 de
793 4207 898 4275 prorid.
920 4224 947 4273 p.
970 4207 1020 4259 105
1038 4206 1081 4269 C.‚
1098 4221 1179 4271 quem
1197 4202 1230 4255 sd
1251 4186 1362 4269 unuln

269 4294 355 4344 verbs
380 4297 443 4355 apte
465 4286 561 4337 attulit
575 4284 699 4335 Meiualre
720 4280 840 4346 (Fragm.
857 4280 976 4329 Comicc.
995 4278 1044 4328 lV.
1067 4292 1093 4342 p.
1113 4268 1361 4353 lell.):'uat{u‚t¹¹¹¹¹¹

270 4360 390 4411 mulieris
407 4360 535 4410 virtutem
551 4371 610 4406 esse
629 4354 749 4404 affirmat
766 4351 896 4415 synesius
910 4344 941 4399 τὸ
954 4343 1026 4413 μήτε
1037 4338 1069 4397 τὸ
1086 4343 1167 4409 σῶμα
1178 4355 1242 4409 pora
1255 4354 1281 4387 ro
1291 4334 1359 4390 „sapt

270 4421 359 4494 adripe
374 4425 510 4494 διαβῆναι
526 4419 578 4492 τὴν
589 4413 700 4475 αὔλιον.
722 4419 784 4486 lin]

732 4560 929 4571 ——-—-—·
