3010 5134
471 321 744 386 POLYMNIA.
769 319 840 380 VlI.
860 328 980 387 67—69.

1226 316 1288 378 555

158 494 240 587 πρὸς
259 493 367 585 δεξιόν,
387 496 507 586 μακραί.
552 501 716 577 Αἰθίοπες
736 494 774 565 δὲ
794 500 984 586 παρδαλέας
1004 524 1040 567 τε
1059 486 1115 566 καλ
1136 499 1290 577 λεοντέας

156 716 203 750 rae
221 698 343 749 νοαααι.“
382 700 518 764 Longius:
542 697 699 749 dieArater

158 785 244 820 waren
256 772 297 817 mit
311 770 396 819 meilen
409 769 589 819 Oterklentem
600 773 700 832 urnqcr-

158 848 201 891 tet.
235 838 329 887 Malim
346 839 485 904 equidem:
512 840 608 902 ,papo
626 844 699 887 erant

157 910 253 969 irrcluti,
271 910 369 973 ctnprtlo
382 909 454 973 ἰιιίνα
470 925 495 959 s.
511 909 547 957 cd
563 908 699 972 inferiores

157 981 274 1041 corporis
287 978 520 1042 partes-adnoto.“
554 978 596 1027 De
615 976 698 1026 verbo

157 1041 357 1106 ὑποζωννόναι
379 1048 450 1098 conf.
467 1046 570 1097 Herod.
588 1047 632 1109 11,
655 1045 698 1104 85,

158 1116 207 1167 ubi
227 1116 296 1167 heus
313 1116 508 1183 Wyttenbsch.
534 1119 563 1165 iu
583 1116 696 1166 Selectt.

157 1187 268 1236 historr.
282 1201 345 1252 pag.
361 1186 426 1237 355:
447 1177 698 1248 ,,όποζω’ννυσθαι,

156 1258 282 1321 euectnpi,
303 1258 355 1306 trie
367 1255 424 1307 fere
441 1261 533 1306 notet:
556 1258 625 1305 intra
638 1257 698 1305 reli-

157 1341 222 1391 quae
238 1335 321 1376 vestes
337 1328 457 1390 οὶαριιλανι
476 1328 580 1390 corpori
595 1326 698 1373 olrann-

159 1396 239 1452 dure:
257 1395 391 1458 inferiores
401 1403 506 1461 partes,
523 1395 622 1456 idest,
640 1397 700 1443 lurn-

160 1464 205 1515 bos
219 1472 243 1515 el
254 1467 375 1529 pudenda
391 1474 476 1530 tepere
486 1466 595 1528 teupulo:
612 1467 700 1529 lonpae

157 1542 239 1584 uestes·
258 1537 333 1584 allius
352 1551 368 1584 α
384 1535 492 1600 pedihus
510 1549 607 1584 sursum
623 1534 699 1583 redu-

157 1614 213 1654 ctas
230 1603 331 1669 dripere
348 1606 383 1653 ad
395 1605 543 1664 facilitatem
558 1602 699 1653 incessus.“

158 1676 237 1736 Quae
259 1674 320 1737 ipsu
340 1673 503 1738 significatio
524 1674 552 1722 in
578 1678 699 1723 nostrum

71 1786 73 1789 ,
157 1738 246 1793 locum
266 1744 369 1808 optime
386 1743 512 1807 quadrat.
543 1743 603 1792 Vox
614 1735 700 1805 ζειοα,

160 1827 232 1877 quue
245 1816 327 1863 etiem
343 1814 479 1862 invenitur
498 1811 565 1873 Vll,
584 1813 632 1875 75,
654 1827 700 1861 cx-

157 1882 269 1947 ponitur
278 1884 306 1932 in
316 1881 406 1935 Gloss.
421 1881 521 1932 Herod.
534 1878 628 1944 μίτρα,
642 1897 700 1929 ται-

158 1951 223 2013 νία,
237 1946 379 2015 διάδημα,
392 1944 506 2015 ἱμάτιον
517 1988 524 2013 ,
534 1943 617 2014 ζαίνη,
631 1964 699 2014 ποο-

157 2017 273 2083 φοοοῦν
288 2014 405 2084 ἔνδυμα.
434 2020 514 2073 Conl.
532 2020 612 2069 etiam
627 2021 700 2070 Pier-

158 2107 218 2141 sou.
239 2090 274 2139 ud
287 2086 400 2141 Moerid.
416 2106 443 2155 p.
459 2089 509 2142 1311
527 2094 555 2139 et
572 2090 606 2139 de
620 2090 699 2140 vocis

158 2160 247 2210 forme
264 2159 393 2211 Schueter
409 2165 437 2210 et
448 2162 524 2210 Best.
540 2159 574 2208 cd
585 2158 699 2224 Gregor.

158 2228 283 2282 Corinth.
295 2230 409 2295 paphi.
429 2230 559 2279 Timueus
569 2229 597 2276 in
606 2228 699 2278 Lexic.

157 2298 266 2349 Platon.
278 2315 304 2363 p.
313 2298 376 2350 129:
389 2296 492 2359 ζειραί·
508 2294 623 2361 χιτῶνες
633 2289 702 2346 οἰνα-

158 2364 374 2431 νεαολλαμίνοτ,
397 2368 444 2418 ubi
457 2367 600 2418 Ruhnken.
617 2368 700 2417 scribi

159 2437 265 2487 mavult
283 2430 564 2500 ἀνακεκολττωμένοι,
588 2441 619 2485 nt
637 2441 701 2488 tuni-

749 700 849 764 equino
871 701 981 750 concite
1005 697 1101 750 tele“:
1130 713 1183 764 quo
1209 697 1289 749 modu

749 770 842 833 utique
853 771 1027 820 Homericum
1049 768 1115 819 illud
1132 766 1289 818 παλίντονα

750 834 817 898 τόξα
832 837 980 904 (lli.v111‚
997 838 1056 890 266.
1078 840 1142 900 XV,
1155 839 1217 890 443.
1235 837 1287 888 Od.

749 910 824 965 xxl.
839 909 883 968 11;
897 909 968 959 uude
978 908 1050 972 spnd
1060 907 1187 974 Apollou.
1198 907 1286 960 Rhod.

749 980 777 1041 1,
795 978 861 1029 093:
885 976 1057 1026 παλίντονον
1076 971 1171 1042 τόξον)
1192 983 1220 1028 et
1237 981 1288 1028 Ae-

748 1047 886 1113 schyleum
910 1046 1073 1112 (Onouphor.
1100 1046 1160 1111 151)
1190 1045 1288 1095 παλίν·

747 1131 818 1165 τονα
841 1110 906 1182 βέλη
930 1121 958 1167 et
973 1115 1153 1182 Sophocleum
1177 1115 1287 1182 (Trech.

748 1185 811 1253 520)
827 1185 984 1235 παλίντονα
995 1180 1065 1247 τόξα
1077 1185 1227 1238 reddidisse
1240 1202 1290 1250 pu·

748 1255 849 1307 teudus
870 1256 922 1306 erit
941 1259 1023 1321 poeta
1036 1256 1166 1317 Latinus3
1190 1254 1289 1306 intelli·

748 1326 828 1392 gordi
851 1326 935 1389 igitur
956 1330 1036 1377 erunt
1055 1341 1150 1389 arcus,
1177 1325 1223 1390 qni
1246 1326 1290 1391 (ut

748 1398 788 1445 nit
802 1394 949 1445 Bloufield,
964 1397 999 1445 cd
1010 1394 1135 1459 Aeschyl.
1153 1394 1171 1443 l.
1184 1394 1215 1461 l.)
1229 1410 1289 1445 ner·

749 1465 790 1515 vis
803 1464 900 1515 solutis
913 1480 967 1514 nou
981 1464 1054 1514 illico
1063 1455 1233 1527 εόθότονοι,
1248 1480 1289 1513 re-

749 1536 783 1584 cti
801 1534 912 1592 fiebunt,
935 1534 983 1585 sed
1004 1536 1032 1584 iu
1050 1534 1213 1584 contrariam
1228 1549 1289 1596 per·

749 1608 804 1654 tem
814 1619 843 1653 ee
853 1604 1008 1654 flectebant.
1025 1603 1115 1668 Atque
1125 1603 1188 1653 inde
1196 1602 1287 1653 Schol.

750 1674 785 1722 ud
804 1672 845 1722 Ili.
866 1673 948 1736 Vlll,
969 1673 1020 1723 266
1038 1675 1151 1739 exponit
1166 1667 1235 1732 τόξα
1249 1664 1289 1727 τίς

748 1733 875 1791 τούπίσω
897 1736 1054 1806 ταττόμενα.
1097 1743 1194 1807 Itaque
1215 1746 1290 1791 recte

748 1812 790 1872 vir
804 1811 901 1862 doctus
915 1814 956 1862 in:
976 1813 1114 1878 Goetting.
1129 1811 1186 1862 Gel.
1203 1813 1288 1861 dunc.

752 1879 826 1931 1837.
840 1896 902 1946 pag.
918 1883 985 1935 1816
997 1882 1066 1949 seq.)
1079 1882 1289 1946 interpretetur:

750 1951 818 2014 „ein
837 1951 945 2016 Hegea,
967 1953 1064 2003 deseen
1081 1951 1241 2002 Blesticitttt
1258 1965 1288 1999 so

750 2036 827 2083 grues
844 2020 894 2082 ist,
914 2022 979 2073 duss
992 2038 1020 2072 er
1032 2037 1085 2072 von
1100 2023 1189 2073 seiner
1201 2019 1289 2071 Sehue

748 2090 847 2140 betreit
869 2091 940 2141 uach
959 2092 1006 2141 der
1026 2092 1129 2142 andern
1150 2091 1225 2142 Seite
1244 2089 1290 2138 hin

750 2160 808 2208 sich
821 2160 905 2225 biegt‚
921 2160 963 2210 uls
976 2161 1043 2212 nach
1054 2161 1102 2210 der
1114 2176 1142 2210 er
1153 2165 1291 2225 gespcunt

749 2229 804 2277 und
818 2244 939 2293 gezogeu
951 2231 1048 2281 wird.“
1076 2230 1146 2280 Add.
1162 2245 1232 2293 quae
1244 2244 1290 2277 ex-

750 2298 842 2363 posuit
858 2299 926 2348 Wex
947 2301 989 2349 in:
1014 2299 1146 2350 zeitschr.
1165 2299 1184 2348 f.
1200 2298 1290 2348 Alter·

750 2367 1088 2420 thnmewissenech.183tl.
1103 2384 1143 2419 nr.
1157 2367 1214 2418 145.
1228 2382 1289 2431 peg.

754 2437 818 2488 11111
837 2451 893 2501 seq.
910 2464 943 2473 —
960 2439 1025 2488 Mox
1036 2436 1211 2487 Florentium
1228 2452 1289 2486 cum

157 2523 205 2556 cce
217 2505 405 2571 intelligentur
419 2510 443 2556 ἰα
458 2510 536 2557 einum
551 2508 699 2568 replicatae.
750 2506 811 2556 eliis
823 2503 991 2568 προοδὲξτα;
1011 2507 1226 2589 mcluiequidem
1237 2505 1290 2556 dis·

158 2577 237 2627 Alius
254 2577 450 2642 grammaticus
473 2569 702 2641 exposueretlfr-
751 2575 866 2626 iunctim
885 2577 962 2628 edere
980 2569 1051 2638 πρός
1064 2572 1157 2638 «tegla,
1178 2591 1239 2625 cum
1251 2576 1291 2624 in·

158 2639 235 2709 δυμό
246 2661 290 2708 τι,
311 2635 328 2695 ό
342 2636 532 2694 ίπενὸόνοντο
548 2636 615 2701 μεταλ
634 2638 701 2702 τοός
748 2645 909 2710 telligantur
919 2662 999 2697 uncus
1010 2648 1170 2697 addextrare
1184 2646 1293 2710 aripenni

158 2711 294 2780 χιτῶνας,
321 2704 414 2778 ὥσπερ
434 2706 593 2779 ἐφεστρίδα.
631 2716 701 2767 Utut
750 2720 907 2777 ατααρααοὶ.

161 2789 217 2845 est,
233 2784 290 2833 h.l.
308 2783 422 2850 intelligi
436 2785 545 2834 videtur
558 2785 702 2835 vestimen·
790 2780 929 2841 Αἰθίοπες
951 2775 983 2832 dl
1006 2775 1165 2846 παρδαλέας
1187 2797 1216 2832 τε
1242 2779 1290 2830 καί

160 2860 218 2904 tum
237 2870 259 2904 s.
277 2868 370 2918 sagum
391 2852 526 2918 amplum,
546 2854 651 2918 largum
668 2871 700 2903 ac
750 2844 1058 2918 λεοντέαςζίναμμένοτ]
1085 2854 1104 2905 i.
1116 2871 1139 2905 e.
1154 2852 1292 2915 Aethiopes

159 2922 441 2988 sinuosum,reliquis
451 2923 575 2973 vestibus
587 2924 646 2975 eive
658 2928 698 2973 tu·
744 2925 883 2987 pardorum
907 2927 1050 2988 leonumque
1069 2923 1178 2987 pellibus
1200 2925 1291 2980 amicti,

159 2994 239 3043 nicee
250 2993 456 3059 superindutum
477 2998 504 3041 et
518 2993 627 3058 cingulo
642 3010 699 3043 sur·
750 2995 836 3044 indeed.
882 2994 922 3043 Ad
949 2993 1019 3043 hanc
1043 2991 1224 3054 locutionem,
1256 2992 1290 3043 ud

159 3078 220 3112 sum
245 3063 391 3113 adductum
414 3062 450 3111 sd
474 3063 636 3112 facilitatem
661 3064 701 3113 in·
751 3079 832 3129 quam
853 3063 935 3127 vulgo
955 3061 1082 3128 supplent
1098 3060 1186 3126 δορὰς
1207 3059 1292 3115 udo-

160 3147 264 3185 cessus.
302 3133 377 3194 Quae
396 3132 489 3181 cedem
504 3136 546 3182 est
563 3134 701 3183 sententia
751 3126 818 3197 οόιν,
834 3133 997 3184 Ιίαλολτοοατ,
1011 3131 1291 3197 excitavitAristeph.

161 3202 233 3253 Galli
243 3204 411 3266 interpretis,
422 3202 505 3251 Miot:
523 3217 611 3266 neque
622 3201 701 3253 uliter
751 3204 821 3254 Rau.
843 3202 903 3256 433,
934 3202 1047 3253 Cornut.
1069 3204 1111 3253 De
1132 3206 1191 3253 nat.
1214 3202 1288 3252 deor.

160 3272 228 3321 hacc
242 3271 356 3336 intelligi
370 3271 458 3321 voluit
470 3272 569 3321 Struve
582 3271 700 3337 Opuscc.
751 3273 795 3321 27.
820 3272 985 3335 Harpocrat.
1001 3289 1023 3322 s.
1040 3288 1064 3320 v.
1080 3269 1213 3338 νεβρίζων
1230 3270 1291 3321 coll.

160 3341 198 3394 11.
212 3358 239 3407 p.
255 3342 306 3392 345
320 3355 392 3405 seq„
410 3341 456 3390 nbi
470 3340 542 3391 hunc
553 3341 641 3392 locum
656 3359 700 3392 nc·
753 3340 843 3392 Schol.
857 3341 993 3391 Theocrit.
1008 3342 1030 3403 1,
1044 3341 1060 3389 3
1075 3347 1103 3393 et
1117 3341 1244 3392 Enctath.
1256 3340 1292 3390 ud

160 3416 255 3461 curete
269 3415 383 3461 tractet.
753 3410 832 3463 Iliad.
846 3412 897 3461 ΙΙΙ.
918 3427 943 3475 p.
961 3411 1027 3475 283,
1040 3412 1083 3465 43,
1113 3412 1175 3462 Alie
1189 3411 1292 3460 dabunt

194 3472 264 3541 τόξα
274 3476 443 3545 παλίντονα]
461 3480 564 3544 Tangit
573 3479 700 3531 Eustnth.
751 3480 914 3544 Wesseling.
927 3480 962 3529 nd
973 3480 1085 3531 Diodor.
1097 3483 1120 3545 1,
1135 3482 1161 3532 ll
1177 3484 1205 3531 et
1214 3481 1293 3529 Lum-

161 3549 251 3600 cdlii.
268 3565 295 3615 p.
309 3549 375 3612 375,
388 3548 405 3597 9
419 3565 441 3598 s.
454 3549 506 3598 283
518 3553 588 3601 extr.
602 3555 629 3598 et
641 3551 701 3610 712,
752 3550 820 3599 bert.
830 3550 892 3602 Bos.
902 3551 943 3600 De
954 3549 1055 3614 ellipse.
1065 3567 1128 3615 pag.
1138 3550 1197 3610 115.
1213 3550 1292 3599 Simi-

160 3620 195 3669 20
206 3635 227 3670 s.
239 3619 299 3681 5118,
309 3620 351 3682 λθ,
366 3618 413 3669 ubi
424 3624 497 3669 recte
510 3619 623 3684 exponit
633 3610 703 3679 τόξα
751 3619 790 3668 liu
806 3619 940 3683 quaedum
957 3616 1055 3670 attulit
1072 3634 1177 3685 quoqne
1193 3620 1293 3670 Struse

161 3678 206 3736 ἐπὶ
216 3681 325 3747 θάτερα
339 3686 409 3753 μέρη
421 3682 581 3752 κλινόμενα,
596 3690 615 3738 i.
625 3704 648 3739 e.
658 3704 701 3737 er·
752 3689 868 3749 Opuscc.
885 3689 924 3739 ΙΙ.
943 3704 1003 3753 pag.
1023 3691 1070 3749 71,
1091 3706 1145 3756 qno
1167 3694 1292 3740 mouente

161 3773 224 3820 cus,
244 3758 328 3823 quiin
343 3766 585 3823 utramquepartem
600 3760 702 3822 flexiles
752 3750 928 3822 ,ἐνημμένος
949 3758 1145 3821 adniteris,
1169 3759 1215 3824 qni
1235 3758 1293 3823 pal-

161 3837 232 3887 πτολ,
245 3828 315 3879 tendi
322 3835 435 3890 possunt,
451 3829 502 3877 tela
515 3830 657 3892 reciproca,
670 3831 701 3877 ut
751 3827 785 3877 lis
807 3827 851 3879 vel
871 3827 935 3897 pelli
953 3829 1095 3893 amicitur,
1121 3829 1161 3878 itu
1177 3833 1207 3879 ut
1224 3828 1293 3879 hacc

103 3919 107 3925 ·
162 3898 203 3946 sit
221 3898 314 3947 Attius
333 3897 405 3961 apud
424 3898 538 3947 Varron.
560 3900 590 3947 L.
604 3899 634 3947 L.
651 3899 698 3947 Vl.
751 3898 916 3948 vestimenta
935 3899 1080 3949 munimem
1096 3899 1293 3962 corporispur-

161 3983 189 4030 p.
203 3966 237 4016 78
251 3972 363 4017 notente
379 3968 399 4016 1.
416 3966 555 4030 Scaligero
573 3983 634 4033 pag.
651 3967 702 4017 144
752 3973 806 4016 tem
828 3972 924 4032 tegent
950 3967 1186 4033 involvuntque;“
1216 3968 1294 4017 addit

161 4034 421 4100 (adherentem).
444 4036 513 4085 Attii
525 4036 611 4096 locus,
621 4052 700 4102 quem
753 4037 822 4086 idem
834 4039 877 4086 vir
888 4037 994 4099 doctus,
1007 4054 1059 4087 non
1069 4038 1219 4102 perfectum
1230 4052 1293 4099 pus-

160 4105 361 4169 Wesselingius
384 4107 438 4154 iem
461 4106 609 4168 iudicavit,
635 4107 702 4171 legi·
752 4107 805 4154 sivi
824 4106 866 4168 (nt
884 4112 1014 4167 posuerat
1027 4106 1125 4157 Mutth.
1143 4106 1190 4156 Gr.
1205 4105 1251 4155 Gr.
1266 4109 1291 4169 5.

163 4178 207 4223 tur
232 4174 305 4238 apud
322 4176 471 4224 Varronem
493 4177 535 4226 De
553 4176 620 4238 ling.
638 4178 700 4226 Lat.
752 4177 814 4237 424,
827 4175 855 4240 λ)
869 4176 915 4226 hic
927 4175 1063 4237 adhiberi,
1079 4175 1126 4227 sed
1141 4175 1220 4225 medii
1234 4190 1293 4239 per·

162 4245 291 4307 vl1,80,
314 4245 489 4309 depromptus
504 4246 703 4297 exPhiloctete
755 4246 864 4295 lectum.
889 4271 923 4281 -
946 4246 988 4296 De
1013 4245 1191 4310 Aethiopibus
1218 4245 1291 4295 cont.

162 4313 310 4379 (Fregmm.
326 4329 367 4363 ur.
384 4314 433 4364 lx.
452 4330 493 4366 vs.
511 4317 562 4367 545
581 4317 622 4368 ed.
637 4316 702 4365 Rib·
753 4315 805 4378 ΙΙΙ,
820 4317 858 4367 17,
869 4316 912 4367 91.
938 4315 1040 4365 Nostro
1051 4315 1112 4366 loco
1125 4315 1193 4364 bene
1206 4315 1293 4364 utitur

160 4382 258 4451 heck):
290 4384 456 4448 „reciproce
481 4385 594 4437 tendens
619 4400 703 4438 nervo
754 4384 875 4437 Heereu:
891 4385 974 4436 Ideeu
989 4386 1034 4450 11,
1051 4385 1073 4436 l.
1088 4401 1116 4453 p.
1129 4383 1181 4435 370
1197 4384 1231 4434 cd
1248 4401 1293 4439 ex-
