2916 5130
261 318 323 386 822
655 327 926 392 EXOURSUS
951 326 993 391 VI

261 500 293 553 Α.
303 499 495 553 Westermann
517 498 562 552 in:
583 498 742 554 zeitschrift
755 502 776 554 l'.
789 500 1035 556 Altertbnmswiss.
1053 505 1130 557 1840.
1147 521 1189 556 nr.
1208 505 1257 559 1³2
1269 522 1342 574 seqq.
1356 512 1380 557 et

260 585 305 638 W.
321 585 468 651 Hoffmann
480 585 507 638 in
530 603 628 655 operes
649 586 701 639 Die
720 586 791 639 alten
805 587 991 657 Geograpbeu
1007 587 1065 640 und
1083 588 1127 640 die
1140 587 1194 641 alte
1205 590 1378 658 Geograpbie.

259 670 330 723 Eine
347 668 507 723 zeitschrift
522 676 574 723 etc.
590 671 721 741 (Leipzig
738 672 818 737 1842)
834 672 871 724 ll.
886 690 950 743 pag.
968 676 1074 743 laeqq.
1092 673 1192 724 additis
1208 673 1380 725 adnotationi-

259 754 321 822 bus,
338 754 365 807 in
383 755 484 825 quibus
500 755 570 808 ratio
586 755 678 809 habita
698 764 742 809 est
756 772 866 824 eorum,
887 774 960 827 quae
981 764 1010 810 et
1024 757 1173 810 Proheseb.
1195 765 1225 809 et
1239 757 1319 809 Roas.
1335 757 1351 808 l.
1365 758 1381 808 l.

260 848 450 909 exposuerunt
474 840 542 909 (vid,
564 857 593 908 p.
614 844 647 894 37
668 844 760 912 seqq.)
778 849 806 893 et
830 842 950 911 quaeda
970 842 1382 911 pugnaMarathoniadispats·

259 924 301 977 vit
325 924 359 976 C.
385 941 410 975 a.
441 923 570 977 Minutoli
594 925 638 977 in:
659 925 821 978 zeitschrift
842 927 888 979 itit
907 926 1015 993 Kunst‚
1036 927 1244 980 Wissenschal't
1263 927 1319 978 und
1334 928 1382 979 Ge·

259 1008 617 1077 schicbtod.l(riegs183ll.
632 1011 700 1062 fasc.
718 1011 765 1063 Vl.
779 1029 805 1080 p.
819 1014 870 1064 uto
882 1030 960 1082 seqq.
976 1016 1056 1081 (pag.
1072 1016 1106 1065 hii
1121 1013 1233 1081 seqq.);
1249 1028 1300 1063 nec
1313 1010 1384 1063 deest

259 1093 406 1146 delineatio
431 1094 555 1162 regionis
579 1094 779 1148 Marathonius.
828 1097 881 1148 llis
903 1095 1025 1165 denique
1052 1096 1116 1149 addi
1138 1104 1274 1165 poterunt
1302 1106 1329 1147 et
1348 1112 1383 1160 es,

258 1195 329 1249 qaae
344 1177 378 1230 de
394 1196 487 1248 campo
502 1179 676 1231 Marathonio
690 1180 848 1232 observavit
864 1180 1032 1248 Fridericus,
1047 1180 1254 1233 illustrissimus
1266 1180 1383 1232 Austviee

258 1262 405 1331 archidux,
432 1264 734 1317 cuiuscommentarios
749 1264 864 1334 protulit
881 1265 1036 1333 Bergmann
1062 1265 1090 1317 in
1106 1264 1216 1334 Opere:
1245 1264 1383 1317 Medaillen

257 1348 413 1401 berithmter
436 1348 556 1401 Minner
570 1348 731 1403 Oestreicbs
755 1358 806 1402 ete.
836 1348 896 1400 Vol.
914 1349 952 1401 ll.
969 1369 997 1420 p.
1013 1352 1065 1409 510
1079 1367 1173 1420 seqq,
1201 1356 1232 1402 et
1253 1367 1300 1415 ea,
1324 1366 1384 1419 quae

256 1433 371 1486 tradidit
386 1433 515 1499 Vischer,
532 1434 580 1503 qui
596 1451 685 1503 nuper
699 1434 767 1486 banc
784 1433 923 1502 regionem
940 1434 1129 1503 perlustravit,
1144 1434 1171 1485 in
1188 1452 1290 1504 opere:
1311 1435 1383 1486 lirin-

257 1535 400 1587 nerungen
428 1536 478 1571 aus
503 1518 706 1572 Griechenland
732 1526 784 1573 etc.
811 1536 874 1587 pag.
900 1524 933 1573 72
962 1537 1038 1590 seqq.
1065 1517 1197 1571 Pluribus
1213 1519 1333 1588 denique
1355 1518 1385 1569 de

257 1601 372 1671 regione
386 1604 560 1656 Marathonis
581 1620 730 1674 pugnaque
749 1605 787 1656 ibi
804 1604 946 1657 commissa
961 1604 1095 1656 disseruit
1108 1605 1213 1656 Grote:
1230 1603 1343 1672 History
1360 1604 1386 1655 oi

257 1688 364 1741 Greece
380 1689 428 1741 lV.
446 1706 508 1757 pag.
524 1692 575 1742 tuo
590 1707 670 1758 eeqq.
686 1691 737 1742 483
752 1708 831 1759 eeqq.

341 1773 384 1826 Ex
401 1773 477 1825 hisce
491 1773 612 1826 virorum
627 1774 766 1828 doctorum
784 1774 1065 1839 commentationibus,
1081 1790 1153 1842 quae
1169 1773 1203 1825 ad
1220 1772 1382 1825 Herodotum

254 1857 448 1911 illustrandum
462 1859 554 1911 lacere
573 1868 704 1928 possunt,
721 1861 816 1928 paucis
838 1860 1024 1928 proteramus,
1048 1856 1164 1929 reliquis
1187 1859 1292 1911 missis.
1334 1858 1381 1920 Qui

255 1941 364 2012 quidem
379 1943 432 1995 viri
449 1944 520 1995 docti
538 1961 631 1996 omnes
644 1944 705 1996 l'ere
718 1943 914 2011 consentiunt,
930 1943 1000 1996 hanc
1025 1943 1164 2011 regionem
1180 1951 1298 2014 propter
1311 1943 1381 1995 maris

255 2027 344 2080 sinum
356 2028 472 2080 navibus
484 2029 645 2081 commodum
658 2031 820 2098 praebuisse
833 2028 929 2095 locum,
944 2028 972 2080 iu
986 2046 1040 2099 quo
1050 2045 1133 2081 naves
1146 2028 1184 2080 ite
1193 2028 1381 2091 subsisterent,

255 2120 286 2165 ut
302 2113 395 2181 copiae
411 2113 490 2165 simul
505 2114 578 2166 sacili
596 2114 706 2181 negotio
725 2115 751 2166 iu
768 2122 868 2167 terram
883 2113 1077 2179 educerentur,
1091 2112 1235 2184 ipsamque
1254 2111 1380 2183 planitien

253 2196 332 2249 talem
353 2216 423 2257 esse,
439 2199 466 2250 in
484 2216 538 2267 qua
553 2199 700 2252 Persarum
714 2201 816 2269 copiae,
836 2199 943 2268 equites
957 2198 1136 2269 praesertim,
1159 2200 1234 2252 bene
1255 2199 1284 2250 in
1309 2198 1378 2249 eciem

252 2282 367 2351 produci
384 2283 534 2351 potuerint.
573 2286 649 2336 Haec
669 2285 808 2355 planities,
824 2285 1000 2338 Marathonio
1017 2300 1088 2353 quae
1104 2282 1214 2349 dicitur,
1235 2283 1380 2336 extenditur

251 2367 278 2419 in
302 2366 500 2435 longitudinem
522 2369 555 2439 (i.
585 2387 609 2421 e.
631 2386 647 2422 a
668 2370 858 2437 septentrione
879 2371 911 2422 ad
935 2368 1085 2435 meridiem)
1106 2368 1224 2421 duarum
1246 2367 1291 2420 vel
1310 2368 1376 2419 trion

253 2453 379 2505 horarum
396 2453 495 2522 spatio,
512 2454 538 2506 in
557 2454 725 2507 latitudinem
739 2454 772 2525 (i.
788 2473 813 2506 e.
830 2472 845 2505 a
860 2455 925 2507 mari
945 2454 1111 2507 occidentem
1127 2470 1230 2506 verene
1246 2460 1275 2506 et
1288 2453 1375 2504 intror-

252 2538 326 2603 sum)
342 2537 387 2590 vix
407 2537 490 2590 nnius
506 2539 588 2592 barae
607 2539 723 2609 spatium
746 2540 790 2591 illa
805 2540 935 2609 complet:
959 2557 1043 2608 rupes
1067 2539 1139 2591 enim
1161 2548 1326 2609 montesque
1339 2556 1375 2589 es·

251 2630 387 2690 surgunt,
404 2622 506 2692 quibus
521 2624 650 2693 planities
669 2625 768 2676 haece
785 2625 892 2696 reliqua
908 2624 1012 2693 Attica,
1029 2623 1156 2693 adquam
1174 2623 1242 2677 inde
1263 2622 1375 2676 difficiles

250 2726 300 2777 per
313 2711 407 2760 lances
424 2708 532 2773 editus,
555 2716 714 2778 separatur:
740 2727 756 2761 a
777 2709 967 2779 septentrione
982 2707 1105 2779 pltmitiei
1127 2710 1290 2763 extenditur
1309 2707 1375 2777 palus

251 2794 296 2844 vir
312 2793 484 2863 permeauda,
502 2812 517 2844 n
532 2795 642 2846 meridie
658 2794 800 2847 invenitur
814 2794 899 2847 altera
914 2793 1002 2864 palus,
1016 2793 1064 2845 sed
1080 2793 1162 2863 longe
1176 2795 1268 2847 minor
1279 2793 1375 2851 ambita,

249 2877 382 2948 reliquum
398 2879 516 2947 spatium
533 2880 658 2932 obtinent
672 2879 765 2932 colles.
790 2881 868 2932 inter
883 2879 952 2932 banc
969 2884 1113 2948 utramque
1132 2879 1260 2949 paludem
1285 2886 1374 2931 montes

249 2980 367 3015 acmare
383 2980 453 3033 qnae
480 2964 534 3016 sita
557 2972 638 3031 sunt,
666 2982 832 3034 enprorsus
858 2964 939 3034 plana
964 2981 995 3016 ac
1022 2964 1096 3016 nuda
1120 2971 1187 3016 sunt
1213 2978 1373 3034 prorsusque

249 3048 359 3100 deserta
375 3065 448 3100 nrrnc
462 3049 652 3115 inveniuntur,
669 3050 792 3120 quamvis
808 3049 870 3101 olim
885 3052 954 3102 bene
971 3048 1060 3101 cnlta:
1075 3049 1143 3101 adeo
1160 3057 1192 3101 ut
1206 3049 1315 3102 tristem
1328 3056 1374 3099 tots

249 3133 326 3200 regio
345 3149 418 3184 nunc
432 3135 564 3202 praebent
577 3134 746 3205 adspectum.
790 3136 833 3187 Ex
852 3134 948 3187 mediis
963 3137 1047 3188 ferme
1063 3134 1211 3199 montibus,
1229 3136 1277 3205 qui
1292 3135 1324 3185 ab
1338 3148 1370 3183 oo

248 3235 313 3270 casu
329 3218 469 3287 planitiem
485 3219 610 3287 cingunt,
628 3221 781 3291 prorumpit
796 3220 955 3272 Charadrus
969 3218 1076 3272 rivulus
1099 3218 1275 3288 pervellem,
1290 3219 1372 3285 inqut
1400 3232 1401 3237 ’

249 3320 322 3355 nunc
336 3303 407 3355 iacet
423 3303 509 3369 vicus,
526 3305 572 3374 qui
589 3314 712 3358 avetere
728 3306 891 3359 Marathone
907 3304 995 3356 adbuc
1008 3304 1125 3357 retinuit
1137 3322 1253 3369 nomen,
1270 3305 1303 3356 ab
1322 3303 1370 3370 ipss
1398 3288 1400 3377 ,¹

249 3388 362 3458 planitie
387 3389 511 3441 nonnihil
526 3390 634 3442 distans
652 3397 681 3442 et
702 3392 834 3460 utrinqne
852 3391 991 3443 montibus
1007 3387 1148 3454 inclusus3
1165 3399 1281 3442 vocatur
1296 3394 1370 3440 auten
1396 3384 1398 3447 l

246 3467 261 3527 ὁ
285 3476 481 3544 Μαραθῶνας.
526 3475 583 3538 Qui
605 3475 681 3527 loccis
702 3493 760 3529 cum
783 3493 799 3528 a
822 3474 990 3528 meridionali
1013 3473 1139 3544 planitiei
1165 3480 1259 3544 parte,
1284 3475 1308 3525 in
1327 3485 1369 3540 qut
1396 3452 1397 3519 l

248 3578 314 3612 serre
330 3578 423 3630 pugna
437 3561 580 3613 commissa
591 3568 643 3627 est,
660 3560 771 3629 longius
786 3562 884 3614 abesse
900 3560 1049 3624 videretur,
1066 3566 1184 3611 veterem
1196 3558 1369 3611 Marathonem
1394 3546 1396 3589 l

247 3663 301 3697 non
319 3664 351 3695 eo
373 3645 447 3711 loco,
472 3662 527 3714 quo
550 3645 690 3699 recentius
713 3646 841 3715 oppidum
860 3652 1029 3697 exstructum
1043 3649 1100 3710 est,
1124 3644 1220 3713 quaeri
1236 3644 1369 3696 voluerunt
1392 3660 1394 3729 q

248 3729 301 3783 viri
326 3730 409 3795 docti,
438 3730 487 3783 sed
515 3731 630 3800 propius
657 3748 712 3784 eam
740 3730 864 3799 planitiei
882 3736 1002 3798 partem,
1027 3729 1055 3780 in
1083 3745 1138 3797 qua
1163 3730 1367 3797 pugnaverant

246 3814 367 3866 iacuisse
384 3816 595 3881 contenderunt,
613 3817 685 3868 baud
700 3815 795 3887 procul
812 3833 827 3866 a
843 3814 959 3867 collibus
974 3812 1111 3866 meridiem
1131 3830 1228 3865 versus
1244 3811 1368 3882 planitien

247 3898 433 3965 cingentibus.
480 3901 544 3963 Quo
560 3900 618 3953 loco
635 3918 694 3954 cnm
710 3900 864 3971 reperiatur
879 3898 1072 3952 monasterium
1084 3915 1158 3950 nunc
1172 3899 1230 3950 seve
1245 3898 1367 3951 desertam

247 4000 278 4035 ac
295 3999 381 4051 prope
398 3983 447 4035 hoc
462 3984 540 4036 vicus
556 3986 673 4054 exiguus
689 3987 797 4039 nomine
814 3987 920 4051 Vvono,
935 4002 968 4035 eo
983 3982 1043 4036 loco
1058 3988 1178 4036 veterem
1195 3982 1366 4036 Marathonem

247 4067 340 4120 urbem
356 4074 521 4120 exstructam
549 4088 638 4139 neque
664 4070 760 4141 procul
784 4071 848 4124 inde
869 4087 987 4140 pugnam
1008 4069 1176 4122 commissam
1198 4086 1261 4121 esse
1285 4061 1364 4120 anteit

246 4151 340 4205 Lente
356 4151 372 4202 Ι.
389 4169 475 4220 snpra
489 4153 517 4218 l.,
527 4172 606 4223 quem
618 4156 743 4226 plerique
756 4164 867 4209 nostrae
883 4155 982 4207 aetatis
996 4153 1050 4207 viri
1064 4153 1153 4205 secuti
1171 4160 1245 4220 suat,
1261 4147 1364 4220 inponis

246 4237 398 4303 Forbiger:
418 4237 527 4290 Handb.
544 4240 571 4291 d.
589 4239 634 4292 alt.
650 4242 807 4310 Geogrnpb.
823 4240 875 4292 ΙΙΙ.
892 4258 919 4309 ρ.
941 4243 992 4295 953
1016 4246 1099 4309 atque
1113 4239 1193 4291 etiam
1208 4233 1363 4306 superatne
1384 4250 1386 4293 l

246 4321 427 4391 Topograph.
443 4321 540 4376 histor.
559 4324 637 4375 Atlas
651 4343 704 4377 von
718 4325 822 4391 Hellas,
840 4324 940 4380 Tabul.
955 4324 1028 4379 xlv,
1072 4324 1208 4393 Equidem
1222 4339 1276 4393 qno
1291 4319 1361 4371 nina
1383 4316 1385 4385 l

247 4422 358 4478 sequar,
375 4407 411 4459 iis
424 4407 568 4476 impedior,
584 4425 655 4478 qnae
671 4420 768 4463 contra
783 4410 865 4479 Angli
880 4411 933 4464 viri
949 4410 1022 4463 docti
1038 4408 1201 4462 sententiam
1216 4423 1302 4477 nuper
1312 4417 1362 4472 prv-
1382 4392 1384 4435 l
