2916 5130
212 363 274 426 820
361 366 628 428 EXCURSUS
649 367 677 425 V
714 369 780 427 AD
802 367 1057 429 HERODOT.
1081 369 1135 431 vl,
1159 377 1204 431 fis.

213 539 312 592 ficulna
329 538 498 592 Astrabacus
513 539 636 609 potuerit
646 540 801 593 Heraclidis
815 530 957 593 accenseri
970 548 1054 611 atque
1066 541 1168 594 sacello
1184 541 1365 611 coronisque

212 625 324 676 mactari
338 624 558 677 Lacedaemone:
574 632 602 676 et
615 624 684 679 idem
700 634 788 677 tamen
804 626 926 678 iocorum
942 626 1185 696 cavillationisque
1205 644 1364 694 arguuen-

212 716 268 762 tum
286 709 424 762 exhibere.
470 710 538 761 Nam
559 709 721 762 Demaratus
738 718 766 762 et
786 710 833 779 qui
856 712 890 762 ab
911 712 1032 763 asinario
1054 712 1163 763 nomine
1185 711 1311 764 dicteria
1333 713 1363 763 iu

213 811 273 847 eum
295 794 441 847 eliciebant
461 794 628 859 adversarii,
651 795 825 847 Persicorum
851 804 940 848 aetate
963 796 1094 848 bellorum
1121 796 1272 863 vixerunt3
1304 813 1364 867 qao

213 886 335 948 tempore
350 878 459 930 licentia
475 880 632 949 optimatum
648 881 847 932 Laconicorum
867 897 957 949 neque
972 898 1061 949 usque
1076 898 1188 951 quaque
1210 880 1364 948 religioni-

213 966 265 1016 bus
280 964 412 1032 pepercit.
464 962 519 1016 Sed
539 972 628 1016 tamen
648 964 727 1017 etiam
751 972 807 1016 tum
830 964 927 1033 patriis
949 965 1131 1033 religionibus
1157 967 1276 1035 publice
1304 966 1363 1035 pri·

212 1049 350 1117 velimque
365 1065 435 1099 suus
450 1049 595 1101 constabat
616 1050 716 1115 bonor,
743 1066 795 1101 sua
819 1049 962 1101 sanctitas.
1007 1050 1107 1117 Argnit
1132 1049 1177 1103 vel
1207 1050 1362 1102 Astrabaei

213 1134 323 1185 beroam
355 1131 463 1201 publice
489 1133 672 1203 privatimque
697 1133 838 1186 residuum
864 1134 1069 1188 Lacedaemone
1094 1135 1167 1206 (rid.
1194 1135 1310 1187 Herod.
1334 1146 1363 1187 et

213 1217 333 1268 Pauran.
351 1215 369 1266 l.
389 1215 453 1283 l.).“
466 1249 499 1258 -

298 1301 446 1369 Comparat
460 1303 521 1354 dein
540 1304 590 1356 Cr.
609 1302 715 1371 Hygini
730 1303 915 1356 narrationem
925 1302 1006 1355 Poet.
1021 1310 1125 1355 astron.
1139 1320 1184 1373 ap.
1200 1307 1250 1359 23.
1268 1322 1299 1373 p.
1311 1309 1364 1360 473

213 1387 257 1438 ed.
273 1404 327 1438 van
349 1387 474 1453 Stasea,
502 1404 573 1458 quae
592 1405 672 1456 quam
692 1388 804 1440 maxime
825 1388 878 1440 buc
902 1388 1002 1441 reterri
1017 1388 1123 1457 possit,
1145 1390 1187 1440 ita
1201 1399 1237 1441 ut
1252 1391 1364 1445 uum·

211 1475 297 1544 prisco
311 1474 428 1539 adeoque
442 1474 531 1526 Sileno
541 1475 686 1527 simillimus
699 1476 795 1538 euadat
806 1475 873 1528 idern
885 1474 930 1527 ille
942 1477 1116 1532 Astrabucare3
1131 1490 1192 1527 cum
1204 1475 1365 1546 utrobique

214 1558 378 1625 auagicarum
390 1574 481 1610 rerum
497 1558 786 1628 daemoniacarumque
796 1559 940 1612 manifesta
955 1558 1084 1626 vestigia.
1106 1559 1168 1610 Nec
1180 1559 1363 1613 Astrabacas

214 1645 304 1694 minus
334 1645 415 1696 orello
444 1643 554 1695 iunctus
578 1645 750 1711 insaniaeque
772 1643 935 1713 implicitae,
963 1660 1042 1712 quam
1070 1644 1205 1695 Bacchus.
1255 1646 1364 1697 Neutri

214 1729 278 1781 item
293 1727 372 1778 deest
387 1727 553 1794 significatio
572 1736 714 1781 astrorum.
759 1728 933 1796 Cogitaudus
952 1735 1042 1781 autem
1066 1728 1092 1778 b.
1115 1728 1133 1779 l.
1150 1736 1195 1780 est
1213 1729 1363 1782 Bacchus·

213 1814 324 1864 Silenus
342 1812 495 1881 priscarum
518 1812 680 1880 religionum
695 1812 913 1880 Pelasgiearum,
936 1828 1007 1883 qliae
1030 1812 1102 1882 apud
1123 1813 1299 1866 Dodonaeae
1321 1816 1362 1866 ia-

214 1896 309 1967 primis
325 1895 513 1949 invaluerunt.
557 1898 639 1960 Quod
662 1916 728 1950 vero
743 1898 816 1966 apud
831 1897 970 1965 Hyginum
992 1897 1009 1949 l.
1025 1898 1044 1949 l.
1062 1897 1185 1949 bacchus
1210 1899 1297 1950 asino
1312 1900 1362 1965 illi,

215 1999 270 2051 quo
286 1982 379 2031 fuerat
394 1990 505 2047 vectus,
521 2000 614 2034 rocem
630 1984 770 2035 humanam
790 1982 901 2034 dedisse
922 1982 1038 2047 dicitur,
1060 1980 1181 2034 Balaami
1201 1985 1307 2036 asinae
1324 1985 1363 2036 lo·

215 2066 325 2137 quentis
342 2065 412 2117 idem
426 2067 545 2119 meminit
567 2087 582 2119 e
598 2068 685 2120 sacris
702 2069 889 2120 Hebraeorum
910 2067 1040 2135 scriptia,
1053 2066 1162 2135 aliaque
1176 2067 1313 2137 disputat
1328 2070 1362 2121 ad

215 2151 286 2202 asini
303 2150 355 2202 rim
372 2158 400 2202 ct
420 2159 582 2220 potestatem
602 2151 630 2203 in
651 2159 774 2205 veterum
796 2151 979 2219 religionibus
1000 2152 1220 2220 cognoscendam
1248 2160 1278 2206 et
1300 2173 1361 2224 per-

215 2236 382 2305 spiciendam
398 2236 548 2304 aptissima.
594 2238 655 2289 Nos
671 2238 722 2289 buc
744 2254 776 2289 ea
790 2242 896 2288 tantum
914 2237 1116 2303 adscribamus,
1132 2254 1203 2307 quae
1221 2238 1361 2292 disserta·

216 2322 300 2372 tionis
317 2322 397 2372 linem
413 2322 587 2374 constituunt
606 2324 644 2392 [p.
664 2319 741 2395 270]:
756 2322 831 2387 „lam
852 2322 919 2374 illud
932 2338 1151 2392 unumquemque
1166 2322 1313 2389 advertat
1329 2328 1362 2376 el

215 2408 341 2459 Hebrocir
360 2423 413 2456 non
443 2406 532 2458 minus
560 2423 639 2475 quam
655 2425 671 2459 a
688 2409 797 2461 Graecis
822 2407 849 2458 in
876 2406 993 2474 imagine
1009 2409 1077 2461 nrinr'
1101 2413 1129 2458 et
1145 2408 1264 2461 ιιιὸιιιιηῖ
1288 2412 1364 2480 geori

217 2493 282 2543 baec
301 2491 355 2541 duo
371 2489 493 2542 includi:
519 2491 632 2561 primum
658 2502 765 2564 agreste
780 2495 849 2545 citae
860 2511 948 2563 genere
961 2495 1160 2561 solitariumque
1176 2512 1208 2546 rre
1222 2495 1361 2548 admirer

216 2576 315 2628 deinde
337 2576 470 2628 lasciviam
491 2584 574 2646 atrpue
594 2596 683 2632 raram
705 2596 878 2631 venerearum
898 2580 1065 2648 cupidiorem.
1115 2578 1246 2639 Quarum
1268 2597 1359 2632 rerum

216 2660 283 2713 nibil
299 2661 379 2711 abest
400 2661 434 2711 ab
456 2663 594 2715 Aeta-aboei
616 2663 676 2715 sive
698 2662 789 2714 herois
813 2663 873 2715 sive
895 2663 970 2731 genii
993 2662 1094 2715 tabula.
1139 2664 1360 2732 aggregatura

216 2746 356 2797 Clemente
373 2745 416 2796 bic
431 2745 491 2815 ipse
505 2752 563 2807 τοῖς
577 2753 695 2815 μιαροῖς,
711 2748 729 2800 i.
743 2766 767 2799 e.
783 2747 908 2800 scelestis
924 2765 955 2799 ac
977 2748 1069 2800 saeris
1085 2748 1279 2801 daemonibus.
1325 2751 1360 2802 Et

216 2848 312 2899 reapse
329 2829 458 2898 adportat
473 2850 572 2884 saevas
588 2833 737 2899 religiones
752 2832 929 2904 crudeliaque
945 2850 1039 2902 sacra,
1067 2833 1148 2885 ducta
1168 2833 1204 2884 ab
1228 2835 1360 2887 extremis

216 2914 274 2967 oris
290 2925 317 2967 et
330 2932 402 2983 quae
417 2915 585 2968 silvestrium
602 2917 736 2969 hominnm
752 2935 783 2968 ac
792 2924 931 2987 pastorum
947 2936 1031 2970 sensa
1049 2935 1081 2970 ac
1094 2936 1185 2970 morea
1202 2918 1361 2972 luculenter

216 3008 344 3066 arguant.
397 3000 452 3052 Sed
475 3002 553 3053 etiam
577 3004 626 3054 boc
647 3002 732 3055 altero
754 3019 828 3054 more
851 3003 998 3055 asinariam
1022 3012 1147 3055 naturam
1167 3003 1298 3056 declarat
1317 3004 1362 3056 ille

215 3085 354 3136 Laconum
377 3085 493 3151 genius,
515 3087 588 3157 qnod
611 3088 738 3139 venereis
759 3088 842 3140 rebus
864 3086 1009 3155 indulgere
1031 3096 1060 3140 et
1081 3105 1141 3140 cum
1154 3088 1276 3142 muliere
1297 3107 1361 3141 eoa-

215 3168 342 3221 cumbere
356 3168 488 3221 dicitur.“
1181 3224 1185 3231 ,

301 3255 397 3319 „Haec
412 3255 500 3307 omnia
517 3256 562 3307 ubi
577 3256 605 3307 in
624 3273 706 3308 ιιιιιιιιι
723 3255 884 3325 collegeris,
908 3256 1039 3326 dispicias
1055 3275 1170 3310 necesse
1187 3266 1234 3310 est
1258 3261 1360 3329 priate

215 3358 273 3391 rum
295 3341 454 3408 religionum
469 3340 587 3393 indolem
603 3340 708 3394 scilicet
722 3359 830 3408 earum,
855 3358 941 3413 quae,
965 3349 996 3395 ut
1017 3343 1049 3393 lit
1069 3342 1097 3394 in
1113 3344 1265 3411 pastoritio
1276 3346 1362 3414 ⁴vitae

215 3443 330 3491 genere,
355 3433 383 3476 et
398 3426 490 3479 ritibus
506 3429 629 3491 horrent,
657 3428 778 3495 deprensi
792 3429 932 3481 sarmentis
952 3429 1091 3481 silvescunt
1113 3438 1138 3481 ct
1158 3431 1241 3499 vagis
1257 3434 1361 3484 reditu
1454 3494 1455 3501 ἵ

214 3518 347 3578 teruntur,
363 3521 386 3563 et
398 3514 546 3580 pronriecuc
559 3515 663 3579 lateque
677 3515 704 3564 in
718 3516 817 3583 vulgus
834 3522 979 3583 grassante
994 3514 1116 3567 vaticinio
1128 3517 1361 3569 conturbaatarf‘
