<?xml version="1.0" encoding="UTF-8"?>
<!DOCTYPE html PUBLIC "-//W3C//DTD XHTML 1.0 Transitional//EN"
    "http://www.w3.org/TR/xhtml1/DTD/xhtml1-transitional.dtd">
<html xmlns="http://www.w3.org/1999/xhtml" xml:lang="en" lang="en">
 <head>
  <title>
</title>
<meta http-equiv="Content-Type" content="text/html;charset=utf-8" />
  <meta name='ocr-system' content='tesseract 3.04.00' />
  <meta name='ocr-capabilities' content='ocr_page ocr_carea ocr_par ocr_line ocrx_word'/>
</head>
<body>
  <div class='ocr_page' id='page_1' title='image "./herodotihalicar03bhgoog_0358.png"; bbox 0 0 2970 5128; ppageno 0'>
   <div class='ocr_carea' id='block_1_1' title="bbox 540 418 1303 488">
    <p class='ocr_par' dir='ltr' id='par_1_1' title="bbox 540 418 1303 488">
     <span class='ocr_line' id='line_1_1' title="bbox 540 418 1303 488; baseline 0.008 -7"><span class='ocrx_word' id='word_1_1' title='bbox 540 418 720 484; x_wconf 80' lang='lat' dir='ltr'><strong>ERATO.</strong></span> <span class='ocrx_word' id='word_1_2' title='bbox 744 418 799 484; x_wconf 83' lang='lat' dir='ltr'><strong>Vi.</strong></span> <span class='ocrx_word' id='word_1_3' title='bbox 821 432 865 487; x_wconf 75' lang='lat'><strong>82.</strong></span> <span class='ocrx_word' id='word_1_4' title='bbox 887 430 932 488; x_wconf 82' lang='lat'><strong>83.</strong></span> <span class='ocrx_word' id='word_1_5' title='bbox 1241 420 1303 488; x_wconf 86' lang='grc'><strong>339</strong></span> 
     </span>
    </p>
   </div>
   <div class='ocr_carea' id='block_1_2' title="bbox 159 589 1302 1200">
    <p class='ocr_par' dir='ltr' id='par_1_2' title="bbox 159 589 1302 1200">
     <span class='ocr_line' id='line_1_2' title="bbox 166 589 1302 685; baseline 0.007 -24"><span class='ocrx_word' id='word_1_6' title='bbox 166 591 362 681; x_wconf 74' lang='grc' dir='ltr'><strong><em>πρήγματα,</em></strong></span> <span class='ocrx_word' id='word_1_7' title='bbox 383 589 540 681; x_wconf 74' lang='grc' dir='ltr'><strong><em>ἄρχοντές</em></strong></span> <span class='ocrx_word' id='word_1_8' title='bbox 562 621 598 663; x_wconf 85' lang='grc' dir='ltr'><strong><em>τε</em></strong></span> <span class='ocrx_word' id='word_1_9' title='bbox 619 597 674 663; x_wconf 84' lang='grc' dir='ltr'><strong>καὶ</strong></span> <span class='ocrx_word' id='word_1_10' title='bbox 693 597 881 680; x_wconf 76' lang='grc' dir='ltr'><strong><em>διέποντες,</em></strong></span> <span class='ocrx_word' id='word_1_11' title='bbox 903 599 936 675; x_wconf 80' lang='grc' dir='ltr'><strong>ἐς</strong></span> <span class='ocrx_word' id='word_1_12' title='bbox 955 591 975 664; x_wconf 80' lang='grc' dir='ltr'><strong><em>δ</em></strong></span> <span class='ocrx_word' id='word_1_13' title='bbox 995 596 1168 685; x_wconf 78' lang='grc' dir='ltr'><strong><em>ἐπήβησαν</em></strong></span> <span class='ocrx_word' id='word_1_14' title='bbox 1183 603 1218 668; x_wconf 82' lang='lat' dir='ltr'><strong>oi</strong></span> <span class='ocrx_word' id='word_1_15' title='bbox 1235 605 1302 669; x_wconf 77' lang='lat' dir='ltr'><strong>noia</strong></span> 
     </span>
     <span class='ocr_line' id='line_1_3' title="bbox 159 690 1300 787; baseline 0.007 -24"><span class='ocrx_word' id='word_1_16' title='bbox 159 693 387 785; x_wconf 74' lang='grc' dir='ltr'><strong><em>ἀπολομένων</em></strong></span> <span class='ocrx_word' id='word_1_17' title='bbox 406 703 532 776; x_wconf 75' lang='grc' dir='ltr'><strong><em>παῖδες.</em></strong></span> <span class='ocrx_word' id='word_1_18' title='bbox 562 698 674 766; x_wconf 78' lang='grc' dir='ltr'><strong><em>ἔπειτά</em></strong></span> <span class='ocrx_word' id='word_1_19' title='bbox 693 720 798 785; x_wconf 80' lang='grc' dir='ltr'><strong><em>σφεας</em></strong></span> <span class='ocrx_word' id='word_1_20' title='bbox 817 690 924 785; x_wconf 70' lang='grc' dir='ltr'><strong><em>οὗτοι,</em></strong></span> <span class='ocrx_word' id='word_1_21' title='bbox 945 696 1175 787; x_wconf 75' lang='grc' dir='ltr'><strong><em>ἀνακτώμενοι</em></strong></span> <span class='ocrx_word' id='word_1_22' title='bbox 1194 699 1300 771; x_wconf 84' lang='grc' dir='ltr'><strong><em>ὀπίσω</em></strong></span> 
     </span>
     <span class='ocr_line' id='line_1_4' title="bbox 166 796 1299 890; baseline 0.008 -24"><span class='ocrx_word' id='word_1_23' title='bbox 166 801 201 878; x_wconf 75' lang='grc' dir='ltr'><strong>ἐς</strong></span> <span class='ocrx_word' id='word_1_24' title='bbox 223 798 370 878; x_wconf 84' lang='grc' dir='ltr'><strong><em>ἑωυτούς</em></strong></span> <span class='ocrx_word' id='word_1_25' title='bbox 389 796 427 867; x_wconf 84' lang='grc' dir='ltr'><strong>τὸ</strong></span> <span class='ocrx_word' id='word_1_26' title='bbox 446 797 582 886; x_wconf 64' lang='grc' dir='ltr'><strong><em>Ἄργος,</em></strong></span> <span class='ocrx_word' id='word_1_27' title='bbox 613 804 786 889; x_wconf 78' lang='grc' dir='ltr'><strong><em>ἐξέβαλον·</em></strong></span> <span class='ocrx_word' id='word_1_28' title='bbox 820 803 1045 890; x_wconf 78' lang='grc' dir='ltr'><strong><em>ἐξωθεύμενοι</em></strong></span> <span class='ocrx_word' id='word_1_29' title='bbox 1073 804 1110 872; x_wconf 69' lang='grc' dir='ltr'><strong>δὲ</strong></span> <span class='ocrx_word' id='word_1_30' title='bbox 1131 808 1165 872; x_wconf 76' lang='lat' dir='ltr'><strong>ot</strong></span> <span class='ocrx_word' id='word_1_31' title='bbox 1184 810 1299 875; x_wconf 75' lang='lat' dir='ltr'><strong>dodiau</strong></span> 
     </span>
     <span class='ocr_line' id='line_1_5' title="bbox 164 896 1297 997; baseline 0.006 -28"><span class='ocrx_word' id='word_1_32' title='bbox 164 901 255 991; x_wconf 74' lang='grc' dir='ltr'><strong><em>μάχη</em></strong></span> <span class='ocrx_word' id='word_1_33' title='bbox 277 909 374 988; x_wconf 78' lang='grc' dir='ltr'><strong><em>ἔσχον</em></strong></span> <span class='ocrx_word' id='word_1_34' title='bbox 393 910 555 990; x_wconf 83' lang='grc' dir='ltr'><strong><em>Τίρυνθα.</em></strong></span> <span class='ocrx_word' id='word_1_35' title='bbox 601 908 689 984; x_wconf 79' lang='grc' dir='ltr'><strong><em>Τέως</em></strong></span> <span class='ocrx_word' id='word_1_36' title='bbox 710 906 772 992; x_wconf 69' lang='grc' dir='ltr'><strong>μὲν</strong></span> <span class='ocrx_word' id='word_1_37' title='bbox 792 904 834 993; x_wconf 83' lang='grc' dir='ltr'><strong>δή</strong></span> <span class='ocrx_word' id='word_1_38' title='bbox 852 926 912 992; x_wconf 86' lang='grc' dir='ltr'><strong><em>σφι</em></strong></span> <span class='ocrx_word' id='word_1_39' title='bbox 933 896 975 994; x_wconf 79' lang='grc' dir='ltr'><strong>ἦν</strong></span> <span class='ocrx_word' id='word_1_40' title='bbox 995 902 1123 994; x_wconf 73' lang='grc' dir='ltr'><strong><em>ἄρθμια</em></strong></span> <span class='ocrx_word' id='word_1_41' title='bbox 1143 910 1175 986; x_wconf 78' lang='grc' dir='ltr'><strong>ἐς</strong></span> <span class='ocrx_word' id='word_1_42' title='bbox 1197 905 1297 997; x_wconf 81' lang='grc' dir='ltr'><strong><em>ύλλή-</em></strong></span> 
     </span>
     <span class='ocr_line' id='line_1_6' title="bbox 164 999 1298 1097; baseline 0.006 -25"><span class='ocrx_word' id='word_1_43' title='bbox 164 1014 262 1085; x_wconf 87' lang='grc' dir='ltr'><strong><em>λους·</em></strong></span> <span class='ocrx_word' id='word_1_44' title='bbox 302 1012 415 1074; x_wconf 80' lang='grc' dir='ltr'><strong><em>ἔπειτα</em></strong></span> <span class='ocrx_word' id='word_1_45' title='bbox 443 1006 480 1074; x_wconf 74' lang='grc' dir='ltr'><strong>δὲ</strong></span> <span class='ocrx_word' id='word_1_46' title='bbox 502 1010 535 1085; x_wconf 82' lang='grc' dir='ltr'><strong>ἐς</strong></span> <span class='ocrx_word' id='word_1_47' title='bbox 558 1003 636 1085; x_wconf 84' lang='grc' dir='ltr'><strong><em>τούς</em></strong></span> <span class='ocrx_word' id='word_1_48' title='bbox 661 1008 803 1088; x_wconf 75' lang='grc' dir='ltr'><strong><em>δούλους</em></strong></span> <span class='ocrx_word' id='word_1_49' title='bbox 822 999 907 1096; x_wconf 81' lang='grc' dir='ltr'><strong><em>ἦλθε</em></strong></span> <span class='ocrx_word' id='word_1_50' title='bbox 930 1006 1014 1096; x_wconf 78' lang='grc' dir='ltr'><strong><em>ἀνὴρ</em></strong></span> <span class='ocrx_word' id='word_1_51' title='bbox 1036 1010 1153 1097; x_wconf 78' lang='grc' dir='ltr'><strong><em>μάντις</em></strong></span> <span class='ocrx_word' id='word_1_52' title='bbox 1170 1014 1298 1080; x_wconf 79' lang='grc' dir='ltr'><strong><em>Κλέαν-</em></strong></span> 
     </span>
     <span class='ocr_line' id='line_1_7' title="bbox 165 1103 1297 1200; baseline 0.008 -24"><span class='ocrx_word' id='word_1_53' title='bbox 165 1114 265 1193; x_wconf 88' lang='grc' dir='ltr'><strong><em>δρος,</em></strong></span> <span class='ocrx_word' id='word_1_54' title='bbox 296 1111 393 1195; x_wconf 79' lang='grc' dir='ltr'><strong><em>γένος</em></strong></span> <span class='ocrx_word' id='word_1_55' title='bbox 418 1107 483 1178; x_wconf 76' lang='grc' dir='ltr'><strong>ἐὼν</strong></span> <span class='ocrx_word' id='word_1_56' title='bbox 503 1110 672 1196; x_wconf 74' lang='grc' dir='ltr'><strong><em>Φιγαλεὺς</em></strong></span> <span class='ocrx_word' id='word_1_57' title='bbox 693 1109 751 1180; x_wconf 77' lang='grc' dir='ltr'><strong>ἀπ’</strong></span> <span class='ocrx_word' id='word_1_58' title='bbox 776 1109 969 1200; x_wconf 72' lang='grc' dir='ltr'><strong><em>Ἀρκαδίης·</em></strong></span> <span class='ocrx_word' id='word_1_59' title='bbox 1006 1103 1104 1193; x_wconf 80' lang='grc' dir='ltr'><strong><em>οὗτος</em></strong></span> <span class='ocrx_word' id='word_1_60' title='bbox 1123 1112 1200 1192; x_wconf 82' lang='grc' dir='ltr'><strong><em>τούς</em></strong></span> <span class='ocrx_word' id='word_1_61' title='bbox 1219 1115 1297 1184; x_wconf 85' lang='grc' dir='ltr'><strong><em>δού·</em></strong></span> 
     </span>
    </p>
   </div>
   <div class='ocr_carea' id='block_1_3' title="bbox 160 1267 1298 1966">
    <p class='ocr_par' dir='ltr' id='par_1_3' title="bbox 161 1267 1298 1689">
     <span class='ocr_line' id='line_1_8' title="bbox 164 1267 1297 1344; baseline 0.006 -20"><span class='ocrx_word' id='word_1_62' title='bbox 164 1290 239 1340; x_wconf 88' lang='lat' dir='ltr'><strong>quae</strong></span> <span class='ocrx_word' id='word_1_63' title='bbox 255 1275 393 1324; x_wconf 83' lang='lat' dir='ltr'><strong>invenitur</strong></span> <span class='ocrx_word' id='word_1_64' title='bbox 406 1274 461 1334; x_wconf 89' lang='lat'><strong>111,</strong></span> <span class='ocrx_word' id='word_1_65' title='bbox 480 1275 513 1324; x_wconf 82' lang='lat'><strong>57</strong></span> <span class='ocrx_word' id='word_1_66' title='bbox 535 1270 574 1337; x_wconf 78' lang='grc' dir='ltr'><strong><em>(εἰ</em></strong></span> <span class='ocrx_word' id='word_1_67' title='bbox 584 1267 623 1339; x_wconf 79' lang='grc' dir='ltr'><em>μή</em></span> <span class='ocrx_word' id='word_1_68' title='bbox 639 1267 710 1325; x_wconf 76' lang='grc' dir='ltr'><strong>ἀνα.</strong></span> <span class='ocrx_word' id='word_1_69' title='bbox 759 1282 833 1327; x_wconf 86' lang='lat' dir='ltr'><strong>reote</strong></span> <span class='ocrx_word' id='word_1_70' title='bbox 852 1277 951 1328; x_wconf 82' lang='lat' dir='ltr'><strong>Suidae</strong></span> <span class='ocrx_word' id='word_1_71' title='bbox 969 1279 991 1331; x_wconf 93' lang='grc' dir='ltr'><strong>Ι.</strong></span> <span class='ocrx_word' id='word_1_72' title='bbox 1017 1294 1077 1342; x_wconf 84' lang='lat' dir='ltr'><strong>pag.</strong></span> <span class='ocrx_word' id='word_1_73' title='bbox 1099 1277 1151 1329; x_wconf 89' lang='grc'><strong>330</strong></span> <span class='ocrx_word' id='word_1_74' title='bbox 1170 1268 1297 1344; x_wconf 77' lang='grc' dir='ltr'><strong><em>ἄρθμια·</em></strong></span> 
     </span>
     <span class='ocr_line' id='line_1_9' title="bbox 161 1336 1298 1410; baseline 0.008 -18"><span class='ocrx_word' id='word_1_75' title='bbox 161 1341 319 1407; x_wconf 68' lang='lat' dir='ltr'><strong>arquatum</strong></span> <span class='ocrx_word' id='word_1_76' title='bbox 337 1337 429 1392; x_wconf 77' lang='lat' dir='ltr'><strong>daiam</strong></span> <span class='ocrx_word' id='word_1_77' title='bbox 450 1337 503 1407; x_wconf 81' lang='grc' dir='ltr'><strong>τὴν</strong></span> <span class='ocrx_word' id='word_1_78' title='bbox 520 1336 634 1410; x_wconf 79' lang='grc' dir='ltr'><strong><em>ἀρχὴν).</em></strong></span> <span class='ocrx_word' id='word_1_79' title='bbox 655 1347 707 1409; x_wconf 93' lang='lat' dir='ltr'><strong>lll,</strong></span> <span class='ocrx_word' id='word_1_80' title='bbox 759 1343 840 1408; x_wconf 84' lang='grc' dir='ltr'><strong><em>φίλια</em></strong></span> <span class='ocrx_word' id='word_1_81' title='bbox 851 1338 1016 1409; x_wconf 83' lang='grc' dir='ltr'><strong><em>Ἡρόδοτος.</em></strong></span> <span class='ocrx_word' id='word_1_82' title='bbox 1046 1350 1116 1398; x_wconf 89' lang='lat' dir='ltr'><strong>Item</strong></span> <span class='ocrx_word' id='word_1_83' title='bbox 1129 1348 1298 1403; x_wconf 81' lang='lat' dir='ltr'><strong>GlossaHe-</strong></span> 
     </span>
     <span class='ocr_line' id='line_1_10' title="bbox 163 1413 1296 1484; baseline 0.009 -22"><span class='ocrx_word' id='word_1_84' title='bbox 163 1413 199 1463; x_wconf 77' lang='lat'><strong>73</strong></span> <span class='ocrx_word' id='word_1_85' title='bbox 219 1414 291 1474; x_wconf 91' lang='lat' dir='ltr'><strong>etl,</strong></span> <span class='ocrx_word' id='word_1_86' title='bbox 310 1414 352 1464; x_wconf 88' lang='grc'><strong>61.</strong></span> <span class='ocrx_word' id='word_1_87' title='bbox 398 1413 542 1464; x_wconf 74' lang='lat' dir='ltr'>Sententia</span> <span class='ocrx_word' id='word_1_88' title='bbox 561 1417 635 1465; x_wconf 88' lang='lat' dir='ltr'><strong>haud</strong></span> <span class='ocrx_word' id='word_1_89' title='bbox 662 1417 707 1465; x_wconf 89' lang='lat' dir='ltr'><strong>oh·</strong></span> <span class='ocrx_word' id='word_1_90' title='bbox 757 1416 965 1480; x_wconf 80' lang='lat' dir='ltr'><strong>rodoteaatqne</strong></span> <span class='ocrx_word' id='word_1_91' title='bbox 977 1417 1161 1481; x_wconf 77' lang='lat' dir='ltr'><strong>Hesychiusl.</strong></span> <span class='ocrx_word' id='word_1_92' title='bbox 1174 1435 1234 1484; x_wconf 84' lang='lat' dir='ltr'><strong>pag.</strong></span> <span class='ocrx_word' id='word_1_93' title='bbox 1245 1423 1296 1472; x_wconf 76' lang='lat'><strong>527</strong></span> 
     </span>
     <span class='ocr_line' id='line_1_11' title="bbox 162 1474 1298 1550; baseline 0.007 -17"><span class='ocrx_word' id='word_1_94' title='bbox 162 1497 262 1533; x_wconf 83' lang='lat' dir='ltr'><strong>seura:</strong></span> <span class='ocrx_word' id='word_1_95' title='bbox 276 1498 329 1531; x_wconf 84' lang='grc' dir='ltr'><strong><em>εααι</em></strong></span> <span class='ocrx_word' id='word_1_96' title='bbox 339 1483 512 1541; x_wconf 67' lang='lat' dir='ltr'><strong>dmrrourtenr</strong></span> <span class='ocrx_word' id='word_1_97' title='bbox 523 1484 642 1550; x_wconf 84' lang='lat' dir='ltr'><strong>(quaein</strong></span> <span class='ocrx_word' id='word_1_98' title='bbox 653 1501 707 1535; x_wconf 88' lang='lat' dir='ltr'><strong>ser·</strong></span> <span class='ocrx_word' id='word_1_99' title='bbox 757 1474 877 1547; x_wconf 78' lang='grc' dir='ltr'><strong><em>ἄρθμιοι</em></strong></span> <span class='ocrx_word' id='word_1_100' title='bbox 888 1502 893 1511; x_wconf 93' lang='grc'><em>·</em></span> <span class='ocrx_word' id='word_1_101' title='bbox 908 1484 996 1546; x_wconf 85' lang='grc' dir='ltr'><strong><em>φίλοι.</em></strong></span> <span class='ocrx_word' id='word_1_102' title='bbox 1018 1487 1119 1535; x_wconf 89' lang='lat' dir='ltr'><strong>Notum</strong></span> <span class='ocrx_word' id='word_1_103' title='bbox 1131 1494 1173 1536; x_wconf 88' lang='lat' dir='ltr'><strong>est</strong></span> <span class='ocrx_word' id='word_1_104' title='bbox 1184 1489 1298 1541; x_wconf 79' lang='lat' dir='ltr'><strong>adieeti-</strong></span> 
     </span>
     <span class='ocr_line' id='line_1_12' title="bbox 161 1545 1294 1624; baseline 0.006 -21"><span class='ocrx_word' id='word_1_105' title='bbox 161 1568 260 1603; x_wconf 79' lang='lat' dir='ltr'><strong>vorum</strong></span> <span class='ocrx_word' id='word_1_106' title='bbox 278 1558 415 1616; x_wconf 78' lang='lat' dir='ltr'><strong>potestate</strong></span> <span class='ocrx_word' id='word_1_107' title='bbox 436 1550 506 1615; x_wconf 82' lang='lat' dir='ltr'><strong>erat)</strong></span> <span class='ocrx_word' id='word_1_108' title='bbox 527 1564 709 1617; x_wconf 66' lang='lat' dir='ltr'><strong>recuperarent</strong></span> <span class='ocrx_word' id='word_1_109' title='bbox 756 1570 819 1604; x_wconf 84' lang='lat' dir='ltr'><strong>vum</strong></span> <span class='ocrx_word' id='word_1_110' title='bbox 830 1545 971 1617; x_wconf 79' lang='grc' dir='ltr'><strong><em>ἄρθμιος,</em></strong></span> <span class='ocrx_word' id='word_1_111' title='bbox 985 1571 1103 1615; x_wconf 77' lang='lat' dir='ltr'><strong>concors,</strong></span> <span class='ocrx_word' id='word_1_112' title='bbox 1118 1561 1219 1619; x_wconf 74' lang='lat' dir='ltr'><strong>auricus,</strong></span> <span class='ocrx_word' id='word_1_113' title='bbox 1233 1561 1294 1624; x_wconf 90' lang='lat' dir='ltr'><strong>VII,</strong></span> 
     </span>
     <span class='ocr_line' id='line_1_13' title="bbox 162 1622 1185 1689; baseline 0.006 -19"><span class='ocrx_word' id='word_1_114' title='bbox 162 1638 196 1670; x_wconf 84' lang='lat' dir='ltr'><strong>nc</strong></span> <span class='ocrx_word' id='word_1_115' title='bbox 208 1637 325 1671; x_wconf 70' lang='lat' dir='ltr'><strong>nummum</strong></span> <span class='ocrx_word' id='word_1_116' title='bbox 338 1629 485 1684; x_wconf 79' lang='grc' dir='ltr'><strong><em>μοιεεεαεανι</em></strong></span> <span class='ocrx_word' id='word_1_117' title='bbox 496 1624 544 1672; x_wconf 84' lang='lat' dir='ltr'><strong>sibi</strong></span> <span class='ocrx_word' id='word_1_118' title='bbox 551 1640 641 1673; x_wconf 76' lang='lat' dir='ltr'><strong>rursus</strong></span> <span class='ocrx_word' id='word_1_119' title='bbox 654 1627 706 1673; x_wconf 77' lang='lat' dir='ltr'><strong>uin·</strong></span> <span class='ocrx_word' id='word_1_120' title='bbox 757 1623 816 1675; x_wconf 89' lang='grc'><strong>101.</strong></span> <span class='ocrx_word' id='word_1_121' title='bbox 834 1624 881 1687; x_wconf 82' lang='lat' dir='ltr'><strong>lx,</strong></span> <span class='ocrx_word' id='word_1_122' title='bbox 893 1624 918 1676; x_wconf 89' lang='grc'><strong>9.</strong></span> <span class='ocrx_word' id='word_1_123' title='bbox 932 1622 974 1674; x_wconf 81' lang='grc'><strong>37.</strong></span> <span class='ocrx_word' id='word_1_124' title='bbox 991 1624 1112 1689; x_wconf 84' lang='lat' dir='ltr'><strong>Theogn.</strong></span> <span class='ocrx_word' id='word_1_125' title='bbox 1125 1625 1185 1676; x_wconf 72' lang='grc'><strong>3211.</strong></span> 
     </span>
    </p>

    <p class='ocr_par' dir='ltr' id='par_1_4' title="bbox 160 1684 1297 1966">
     <span class='ocr_line' id='line_1_14' title="bbox 163 1684 1297 1764; baseline 0.005 -24"><span class='ocrx_word' id='word_1_126' title='bbox 163 1693 284 1751; x_wconf 63' lang='grc' dir='ltr'><strong><em>ἀέσαι-ιω</em></strong></span> <span class='ocrx_word' id='word_1_127' title='bbox 302 1707 323 1741; x_wconf 92' lang='lat' dir='ltr'><strong>s.</strong></span> <span class='ocrx_word' id='word_1_128' title='bbox 339 1693 374 1739; x_wconf 82' lang='lat' dir='ltr'><strong>ad</strong></span> <span class='ocrx_word' id='word_1_129' title='bbox 390 1707 419 1740; x_wconf 84' lang='lat' dir='ltr'><strong>ae</strong></span> <span class='ocrx_word' id='word_1_130' title='bbox 431 1693 568 1754; x_wconf 74' lang='lat' dir='ltr'><strong>referrent.</strong></span> <span class='ocrx_word' id='word_1_131' title='bbox 600 1693 704 1744; x_wconf 84' lang='lat' dir='ltr'>Vocula</span> <span class='ocrx_word' id='word_1_132' title='bbox 785 1684 859 1757; x_wconf 75' lang='grc' dir='ltr'><strong><em>ἀνὴρ</em></strong></span> <span class='ocrx_word' id='word_1_133' title='bbox 870 1687 968 1755; x_wconf 79' lang='grc' dir='ltr'><strong><em>μάντις</em></strong></span> <span class='ocrx_word' id='word_1_134' title='bbox 976 1687 1147 1758; x_wconf 75' lang='grc' dir='ltr'><strong><em>Κλέανδρος]</em></strong></span> <span class='ocrx_word' id='word_1_135' title='bbox 1159 1695 1204 1746; x_wconf 89' lang='lat' dir='ltr'><strong>Sio</strong></span> <span class='ocrx_word' id='word_1_136' title='bbox 1214 1712 1297 1764; x_wconf 88' lang='grc' dir='ltr'><strong><em>ποιη-</em></strong></span> 
     </span>
     <span class='ocr_line' id='line_1_15' title="bbox 162 1755 1296 1828; baseline 0.009 -19"><span class='ocrx_word' id='word_1_137' title='bbox 162 1757 277 1819; x_wconf 80' lang='grc' dir='ltr'><strong><em>ἒπειτα,</em></strong></span> <span class='ocrx_word' id='word_1_138' title='bbox 294 1760 459 1810; x_wconf 88' lang='lat' dir='ltr'><strong>Bredovium</strong></span> <span class='ocrx_word' id='word_1_139' title='bbox 480 1762 504 1810; x_wconf 88' lang='lat' dir='ltr'><strong>si</strong></span> <span class='ocrx_word' id='word_1_140' title='bbox 518 1762 659 1813; x_wconf 83' lang='lat' dir='ltr'><strong>audiamus</strong></span> <span class='ocrx_word' id='word_1_141' title='bbox 676 1779 703 1828; x_wconf 88' lang='lat' dir='ltr'><strong>p.</strong></span> <span class='ocrx_word' id='word_1_142' title='bbox 753 1755 806 1827; x_wconf 75' lang='grc' dir='ltr'><strong>τὴν</strong></span> <span class='ocrx_word' id='word_1_143' title='bbox 833 1756 927 1825; x_wconf 78' lang='grc' dir='ltr'><strong><em>ἄνδρα</em></strong></span> <span class='ocrx_word' id='word_1_144' title='bbox 955 1762 1026 1812; x_wconf 84' lang='lat' dir='ltr'><strong>dixit</strong></span> <span class='ocrx_word' id='word_1_145' title='bbox 1048 1764 1187 1828; x_wconf 87' lang='lat' dir='ltr'><strong>Aristoph.</strong></span> <span class='ocrx_word' id='word_1_146' title='bbox 1213 1768 1296 1819; x_wconf 83' lang='lat' dir='ltr'><strong>Thes·</strong></span> 
     </span>
     <span class='ocr_line' id='line_1_16' title="bbox 163 1824 1295 1903; baseline 0.004 -22"><span class='ocrx_word' id='word_1_147' title='bbox 163 1830 231 1892; x_wconf 82' lang='lat'><strong>108,</strong></span> <span class='ocrx_word' id='word_1_148' title='bbox 244 1830 375 1879; x_wconf 87' lang='lat' dir='ltr'><strong>mutanda</strong></span> <span class='ocrx_word' id='word_1_149' title='bbox 388 1830 440 1879; x_wconf 88' lang='lat' dir='ltr'><strong>erit</strong></span> <span class='ocrx_word' id='word_1_150' title='bbox 452 1831 480 1879; x_wconf 92' lang='lat' dir='ltr'><strong>in</strong></span> <span class='ocrx_word' id='word_1_151' title='bbox 494 1824 611 1893; x_wconf 75' lang='grc' dir='ltr'><strong><em>ἔπειτεν,</em></strong></span> <span class='ocrx_word' id='word_1_152' title='bbox 624 1848 705 1896; x_wconf 87' lang='lat' dir='ltr'><strong>quam</strong></span> <span class='ocrx_word' id='word_1_153' title='bbox 754 1833 843 1897; x_wconf 91' lang='lat' dir='ltr'><strong>moph.</strong></span> <span class='ocrx_word' id='word_1_154' title='bbox 863 1833 910 1883; x_wconf 80' lang='grc'><strong>159</strong></span> <span class='ocrx_word' id='word_1_155' title='bbox 924 1836 951 1882; x_wconf 85' lang='lat' dir='ltr'><strong>at</strong></span> <span class='ocrx_word' id='word_1_156' title='bbox 965 1832 1067 1883; x_wconf 80' lang='lat' dir='ltr'>Herod.</span> <span class='ocrx_word' id='word_1_157' title='bbox 1082 1834 1105 1893; x_wconf 90' lang='grc' dir='ltr'><strong>Ι,</strong></span> <span class='ocrx_word' id='word_1_158' title='bbox 1121 1833 1156 1884; x_wconf 79' lang='lat'><strong>62</strong></span> <span class='ocrx_word' id='word_1_159' title='bbox 1174 1850 1295 1903; x_wconf 86' lang='grc' dir='ltr'><strong><em>χρησμο-</em></strong></span> 
     </span>
     <span class='ocr_line' id='line_1_17' title="bbox 160 1892 1296 1966; baseline 0.006 -16"><span class='ocrx_word' id='word_1_160' title='bbox 160 1916 258 1951; x_wconf 81' lang='lat' dir='ltr'><strong>veram</strong></span> <span class='ocrx_word' id='word_1_161' title='bbox 283 1899 427 1949; x_wconf 80' lang='lat' dir='ltr'><strong>lectionem</strong></span> <span class='ocrx_word' id='word_1_162' title='bbox 460 1900 488 1948; x_wconf 91' lang='lat' dir='ltr'><strong>in</strong></span> <span class='ocrx_word' id='word_1_163' title='bbox 515 1908 645 1966; x_wconf 77' lang='lat' dir='ltr'><strong>corrupta</strong></span> <span class='ocrx_word' id='word_1_164' title='bbox 668 1902 705 1951; x_wconf 88' lang='lat' dir='ltr'><strong>le·</strong></span> <span class='ocrx_word' id='word_1_165' title='bbox 753 1894 839 1965; x_wconf 77' lang='grc' dir='ltr'><strong><em>λόγον</em></strong></span> <span class='ocrx_word' id='word_1_166' title='bbox 854 1892 959 1964; x_wconf 77' lang='grc' dir='ltr'><strong><em>ἄνδρα,</em></strong></span> <span class='ocrx_word' id='word_1_167' title='bbox 976 1902 1078 1965; x_wconf 88' lang='grc' dir='ltr'><strong>1Χ,75</strong></span> <span class='ocrx_word' id='word_1_168' title='bbox 1091 1897 1185 1966; x_wconf 72' lang='grc' dir='ltr'><strong><em>ἄνδρα</em></strong></span> <span class='ocrx_word' id='word_1_169' title='bbox 1196 1904 1296 1956; x_wconf 76' lang='grc' dir='ltr'><strong><em>πεντά-</em></strong></span> 
     </span>
    </p>
   </div>
   <div class='ocr_carea' id='block_1_4' title="bbox 161 1963 1402 2039">
    <p class='ocr_par' dir='ltr' id='par_1_5' title="bbox 161 1963 1402 2039">
     <span class='ocr_line' id='line_1_18' title="bbox 161 1963 1402 2039; baseline 0.005 -19"><span class='ocrx_word' id='word_1_170' title='bbox 161 1969 402 2020; x_wconf 80' lang='lat' dir='ltr'><strong>etionaSaneroiti</strong></span> <span class='ocrx_word' id='word_1_171' title='bbox 413 1970 475 2018; x_wconf 90' lang='lat' dir='ltr'><strong>libri</strong></span> <span class='ocrx_word' id='word_1_172' title='bbox 485 1976 512 2020; x_wconf 91' lang='lat' dir='ltr'><strong>et</strong></span> <span class='ocrx_word' id='word_1_173' title='bbox 522 1971 644 2031; x_wconf 87' lang='lat' dir='ltr'><strong>alterius,</strong></span> <span class='ocrx_word' id='word_1_174' title='bbox 657 1973 704 2038; x_wconf 89' lang='lat' dir='ltr'><strong>qui</strong></span> <span class='ocrx_word' id='word_1_175' title='bbox 754 1971 850 2020; x_wconf 82' lang='grc' dir='ltr'><strong><em>εθλον.</em></strong></span> <span class='ocrx_word' id='word_1_176' title='bbox 884 1971 973 2035; x_wconf 78' lang='lat' dir='ltr'><strong>Atque</strong></span> <span class='ocrx_word' id='word_1_177' title='bbox 985 1972 1102 2030; x_wconf 75' lang='lat' dir='ltr'><strong>VI,92:</strong></span> <span class='ocrx_word' id='word_1_178' title='bbox 1120 1963 1195 2039; x_wconf 82' lang='grc' dir='ltr'><strong>ύνὴρ</strong></span> <span class='ocrx_word' id='word_1_179' title='bbox 1214 1989 1295 2039; x_wconf 82' lang='lat' dir='ltr'><strong>orpu-</strong></span> <span class='ocrx_word' id='word_1_180' title='bbox 1392 2012 1402 2037; x_wconf 56' lang='grc'><strong>.,</strong></span> 
     </span>
    </p>
   </div>
   <div class='ocr_carea' id='block_1_5' title="bbox 154 2031 1294 4541">
    <p class='ocr_par' dir='ltr' id='par_1_6' title="bbox 154 2031 1294 4541">
     <span class='ocr_line' id='line_1_19' title="bbox 159 2031 1294 2110; baseline 0.01 -23"><span class='ocrx_word' id='word_1_181' title='bbox 159 2031 265 2088; x_wconf 75' lang='grc' dir='ltr'><strong><em>ἐπείτε</em></strong></span> <span class='ocrx_word' id='word_1_182' title='bbox 280 2039 420 2099; x_wconf 80' lang='lat' dir='ltr'><strong>exhibent,</strong></span> <span class='ocrx_word' id='word_1_183' title='bbox 441 2039 525 2090; x_wconf 90' lang='lat' dir='ltr'><strong>latere</strong></span> <span class='ocrx_word' id='word_1_184' title='bbox 539 2046 631 2105; x_wconf 88' lang='lat' dir='ltr'><strong>putat:</strong></span> <span class='ocrx_word' id='word_1_185' title='bbox 658 2042 704 2105; x_wconf 91' lang='lat' dir='ltr'><strong>qni</strong></span> <span class='ocrx_word' id='word_1_186' title='bbox 753 2033 846 2105; x_wconf 80' lang='grc' dir='ltr'><strong><em>τηηύς.</em></strong></span> <span class='ocrx_word' id='word_1_187' title='bbox 868 2041 903 2089; x_wconf 82' lang='lat' dir='ltr'><strong>Et</strong></span> <span class='ocrx_word' id='word_1_188' title='bbox 913 2041 1030 2090; x_wconf 80' lang='lat' dir='ltr'><strong>conferri</strong></span> <span class='ocrx_word' id='word_1_189' title='bbox 1040 2057 1145 2108; x_wconf 86' lang='lat' dir='ltr'><strong>quoque</strong></span> <span class='ocrx_word' id='word_1_190' title='bbox 1156 2050 1294 2110; x_wconf 88' lang='lat' dir='ltr'><strong>poterunt,</strong></span> 
     </span>
     <span class='ocr_line' id='line_1_20' title="bbox 160 2109 1293 2180; baseline 0.011 -23"><span class='ocrx_word' id='word_1_191' title='bbox 160 2110 236 2158; x_wconf 87' lang='lat' dir='ltr'><strong>idem</strong></span> <span class='ocrx_word' id='word_1_192' title='bbox 249 2111 331 2159; x_wconf 88' lang='lat' dir='ltr'><strong>etiam</strong></span> <span class='ocrx_word' id='word_1_193' title='bbox 347 2109 375 2157; x_wconf 89' lang='lat' dir='ltr'><strong>in</strong></span> <span class='ocrx_word' id='word_1_194' title='bbox 389 2109 510 2172; x_wconf 76' lang='lat' dir='ltr'><strong>proxime</strong></span> <span class='ocrx_word' id='word_1_195' title='bbox 527 2111 704 2175; x_wconf 87' lang='lat' dir='ltr'><strong>sequentibus</strong></span> <span class='ocrx_word' id='word_1_196' title='bbox 753 2126 822 2176; x_wconf 85' lang='lat' dir='ltr'><strong>quae</strong></span> <span class='ocrx_word' id='word_1_197' title='bbox 836 2110 870 2159; x_wconf 83' lang='lat' dir='ltr'><strong>ad</strong></span> <span class='ocrx_word' id='word_1_198' title='bbox 885 2110 937 2173; x_wconf 86' lang='grc' dir='ltr'><strong>ΙΙΙ,</strong></span> <span class='ocrx_word' id='word_1_199' title='bbox 951 2111 999 2160; x_wconf 79' lang='grc'><strong>125</strong></span> <span class='ocrx_word' id='word_1_200' title='bbox 1009 2112 1142 2162; x_wconf 84' lang='lat' dir='ltr'><strong>adnotata</strong></span> <span class='ocrx_word' id='word_1_201' title='bbox 1157 2113 1293 2180; x_wconf 85' lang='lat' dir='ltr'><strong>leguntur.</strong></span> 
     </span>
     <span class='ocr_line' id='line_1_21' title="bbox 161 2174 1294 2244; baseline 0.011 -19"><span class='ocrx_word' id='word_1_202' title='bbox 161 2179 271 2240; x_wconf 79' lang='lat' dir='ltr'><strong>verbis,</strong></span> <span class='ocrx_word' id='word_1_203' title='bbox 295 2179 340 2228; x_wconf 91' lang='lat' dir='ltr'><strong>ubi</strong></span> <span class='ocrx_word' id='word_1_204' title='bbox 361 2194 409 2241; x_wconf 89' lang='lat' dir='ltr'><strong>pro</strong></span> <span class='ocrx_word' id='word_1_205' title='bbox 426 2178 498 2242; x_wconf 81' lang='lat' dir='ltr'><strong>vulg.</strong></span> <span class='ocrx_word' id='word_1_206' title='bbox 520 2174 615 2228; x_wconf 76' lang='grc' dir='ltr'><strong><em>ἔπειτα</em></strong></span> <span class='ocrx_word' id='word_1_207' title='bbox 635 2180 705 2230; x_wconf 85' lang='lat' dir='ltr'><strong>San·</strong></span> <span class='ocrx_word' id='word_1_208' title='bbox 755 2180 1294 2244; x_wconf 82' lang='lat' dir='ltr'><strong>„Haudverisimilisvidebiturnonna-</strong></span> 
     </span>
     <span class='ocr_line' id='line_1_22' title="bbox 158 2240 1293 2315; baseline 0.007 -17"><span class='ocrx_word' id='word_1_209' title='bbox 158 2248 245 2298; x_wconf 82' lang='lat' dir='ltr'><strong>erofti</strong></span> <span class='ocrx_word' id='word_1_210' title='bbox 259 2248 327 2297; x_wconf 84' lang='lat' dir='ltr'><strong>liber</strong></span> <span class='ocrx_word' id='word_1_211' title='bbox 340 2240 405 2295; x_wconf 81' lang='grc' dir='ltr'><strong><em>ἐπεί</em></strong></span> <span class='ocrx_word' id='word_1_212' title='bbox 416 2261 445 2296; x_wconf 78' lang='grc' dir='ltr'><strong><em>τε</em></strong></span> <span class='ocrx_word' id='word_1_213' title='bbox 457 2248 581 2309; x_wconf 84' lang='lat' dir='ltr'><strong>exhibet,</strong></span> <span class='ocrx_word' id='word_1_214' title='bbox 596 2241 704 2297; x_wconf 76' lang='grc' dir='ltr'><strong><em>ἔπειτεν</em></strong></span> <span class='ocrx_word' id='word_1_215' title='bbox 755 2250 835 2300; x_wconf 85' lang='lat' dir='ltr'><strong>minis</strong></span> <span class='ocrx_word' id='word_1_216' title='bbox 851 2249 1026 2311; x_wconf 85' lang='lat' dir='ltr'><strong>coniectura,</strong></span> <span class='ocrx_word' id='word_1_217' title='bbox 1046 2254 1180 2315; x_wconf 82' lang='lat' dir='ltr'><strong>suspicati</strong></span> <span class='ocrx_word' id='word_1_218' title='bbox 1192 2257 1293 2306; x_wconf 88' lang='lat' dir='ltr'><strong>Manti-</strong></span> 
     </span>
     <span class='ocr_line' id='line_1_23' title="bbox 158 2316 1292 2388; baseline 0.007 -22"><span class='ocrx_word' id='word_1_219' title='bbox 158 2319 273 2368; x_wconf 84' lang='lat' dir='ltr'><strong>restitui</strong></span> <span class='ocrx_word' id='word_1_220' title='bbox 284 2316 360 2379; x_wconf 80' lang='lat' dir='ltr'><strong>vult,</strong></span> <span class='ocrx_word' id='word_1_221' title='bbox 382 2318 411 2366; x_wconf 90' lang='lat' dir='ltr'><strong>iu</strong></span> <span class='ocrx_word' id='word_1_222' title='bbox 426 2332 479 2381; x_wconf 89' lang='lat' dir='ltr'><strong>quo</strong></span> <span class='ocrx_word' id='word_1_223' title='bbox 492 2317 651 2368; x_wconf 84' lang='lat' dir='ltr'><strong>Dietsehius</strong></span> <span class='ocrx_word' id='word_1_224' title='bbox 664 2335 705 2369; x_wconf 85' lang='lat' dir='ltr'><strong>se·</strong></span> <span class='ocrx_word' id='word_1_225' title='bbox 753 2334 864 2370; x_wconf 89' lang='lat' dir='ltr'><strong>nensem</strong></span> <span class='ocrx_word' id='word_1_226' title='bbox 886 2319 971 2369; x_wconf 89' lang='lat' dir='ltr'><strong>fuisse</strong></span> <span class='ocrx_word' id='word_1_227' title='bbox 988 2319 1165 2387; x_wconf 80' lang='lat' dir='ltr'><strong>Cleandrum,</strong></span> <span class='ocrx_word' id='word_1_228' title='bbox 1187 2331 1292 2388; x_wconf 88' lang='lat' dir='ltr'><strong>patrem</strong></span> 
     </span>
     <span class='ocr_line' id='line_1_24' title="bbox 160 2386 1293 2453; baseline 0.009 -18"><span class='ocrx_word' id='word_1_229' title='bbox 160 2392 244 2436; x_wconf 80' lang='lat' dir='ltr'><strong>cotue</strong></span> <span class='ocrx_word' id='word_1_230' title='bbox 258 2391 310 2438; x_wconf 86' lang='lat' dir='ltr'><strong>est.</strong></span> <span class='ocrx_word' id='word_1_231' title='bbox 339 2388 397 2437; x_wconf 86' lang='lat' dir='ltr'><strong>Nos</strong></span> <span class='ocrx_word' id='word_1_232' title='bbox 410 2392 440 2435; x_wconf 92' lang='lat' dir='ltr'><strong>ut</strong></span> <span class='ocrx_word' id='word_1_233' title='bbox 456 2386 517 2437; x_wconf 86' lang='lat' dir='ltr'><strong>aliis</strong></span> <span class='ocrx_word' id='word_1_234' title='bbox 533 2388 602 2437; x_wconf 86' lang='lat' dir='ltr'><strong>loeis</strong></span> <span class='ocrx_word' id='word_1_235' title='bbox 615 2390 704 2453; x_wconf 78' lang='lat' dir='ltr'><strong>iiiique</strong></span> <span class='ocrx_word' id='word_1_236' title='bbox 753 2405 817 2440; x_wconf 84' lang='lat' dir='ltr'><strong>vero</strong></span> <span class='ocrx_word' id='word_1_237' title='bbox 837 2393 865 2439; x_wconf 88' lang='lat' dir='ltr'><strong>et</strong></span> <span class='ocrx_word' id='word_1_238' title='bbox 887 2389 1003 2437; x_wconf 90' lang='lat' dir='ltr'><strong>maiores</strong></span> <span class='ocrx_word' id='word_1_239' title='bbox 1017 2388 1204 2453; x_wconf 82' lang='lat' dir='ltr'><strong>Pliigaleuses;</strong></span> <span class='ocrx_word' id='word_1_240' title='bbox 1226 2395 1293 2444; x_wconf 86' lang='lat' dir='ltr'><strong>seri-</strong></span> 
     </span>
     <span class='ocr_line' id='line_1_25' title="bbox 160 2451 1293 2523; baseline 0.004 -17"><span class='ocrx_word' id='word_1_241' title='bbox 160 2456 304 2522; x_wconf 82' lang='lat' dir='ltr'><strong>plurimis,</strong></span> <span class='ocrx_word' id='word_1_242' title='bbox 317 2458 344 2504; x_wconf 93' lang='lat' dir='ltr'><strong>in</strong></span> <span class='ocrx_word' id='word_1_243' title='bbox 358 2456 456 2518; x_wconf 86' lang='lat' dir='ltr'><strong>quibus</strong></span> <span class='ocrx_word' id='word_1_244' title='bbox 466 2455 531 2506; x_wconf 89' lang='lat' dir='ltr'><strong>libri</strong></span> <span class='ocrx_word' id='word_1_245' title='bbox 543 2459 640 2522; x_wconf 81' lang='lat' dir='ltr'><strong>scripti</strong></span> <span class='ocrx_word' id='word_1_246' title='bbox 649 2474 704 2507; x_wconf 85' lang='lat' dir='ltr'><strong>orn·</strong></span> <span class='ocrx_word' id='word_1_247' title='bbox 754 2461 842 2523; x_wconf 80' lang='lat' dir='ltr'><strong>pnisse</strong></span> <span class='ocrx_word' id='word_1_248' title='bbox 861 2457 922 2506; x_wconf 90' lang='lat' dir='ltr'><strong>ideo</strong></span> <span class='ocrx_word' id='word_1_249' title='bbox 935 2456 1104 2507; x_wconf 88' lang='lat' dir='ltr'><strong>Herodotum</strong></span> <span class='ocrx_word' id='word_1_250' title='bbox 1122 2451 1157 2508; x_wconf 80' lang='grc' dir='ltr'><strong>ἄν</strong></span> <span class='ocrx_word' id='word_1_251' title='bbox 1169 2453 1196 2523; x_wconf 77' lang='grc' dir='ltr'><strong>’ρ</strong></span> <span class='ocrx_word' id='word_1_252' title='bbox 1208 2463 1293 2511; x_wconf 88' lang='grc' dir='ltr'><strong><em>Μαν-</em></strong></span> 
     </span>
     <span class='ocr_line' id='line_1_26' title="bbox 158 2521 1293 2594; baseline 0.004 -19"><span class='ocrx_word' id='word_1_253' title='bbox 158 2542 210 2577; x_wconf 86' lang='lat' dir='ltr'><strong>nes</strong></span> <span class='ocrx_word' id='word_1_254' title='bbox 224 2527 251 2575; x_wconf 90' lang='lat' dir='ltr'><strong>in</strong></span> <span class='ocrx_word' id='word_1_255' title='bbox 264 2526 350 2575; x_wconf 78' lang='lat' dir='ltr'><strong>torma</strong></span> <span class='ocrx_word' id='word_1_256' title='bbox 361 2522 456 2576; x_wconf 71' lang='grc' dir='ltr'><strong><em>ἔπειτα</em></strong></span> <span class='ocrx_word' id='word_1_257' title='bbox 467 2527 651 2590; x_wconf 76' lang='lat' dir='ltr'><strong>consentiunt,</strong></span> <span class='ocrx_word' id='word_1_258' title='bbox 663 2528 704 2577; x_wconf 89' lang='lat' dir='ltr'><strong>ita</strong></span> <span class='ocrx_word' id='word_1_259' title='bbox 752 2523 846 2583; x_wconf 82' lang='grc' dir='ltr'><strong><em>τινεύς</em></strong></span> <span class='ocrx_word' id='word_1_260' title='bbox 859 2521 1036 2590; x_wconf 77' lang='grc' dir='ltr'><strong><em>Κλέανδρος,</em></strong></span> <span class='ocrx_word' id='word_1_261' title='bbox 1050 2521 1132 2590; x_wconf 73' lang='grc' dir='ltr'><strong><em>γένος</em></strong></span> <span class='ocrx_word' id='word_1_262' title='bbox 1144 2521 1199 2577; x_wconf 72' lang='grc' dir='ltr'><strong>ἔων</strong></span> <span class='ocrx_word' id='word_1_263' title='bbox 1208 2531 1293 2594; x_wconf 78' lang='grc' dir='ltr'><strong><em>Φιγα-</em></strong></span> 
     </span>
     <span class='ocr_line' id='line_1_27' title="bbox 159 2588 1290 2663; baseline 0.002 -19"><span class='ocrx_word' id='word_1_264' title='bbox 159 2596 214 2647; x_wconf 85' lang='lat' dir='ltr'><strong>hoe</strong></span> <span class='ocrx_word' id='word_1_265' title='bbox 228 2610 335 2660; x_wconf 88' lang='lat' dir='ltr'><strong>quoque</strong></span> <span class='ocrx_word' id='word_1_266' title='bbox 348 2595 409 2646; x_wconf 89' lang='lat' dir='ltr'><strong>loeo</strong></span> <span class='ocrx_word' id='word_1_267' title='bbox 421 2588 516 2643; x_wconf 79' lang='grc' dir='ltr'><strong><em>ἔπειτα</em></strong></span> <span class='ocrx_word' id='word_1_268' title='bbox 531 2598 702 2646; x_wconf 87' lang='lat' dir='ltr'><strong>retinendum</strong></span> <span class='ocrx_word' id='word_1_269' title='bbox 752 2592 824 2654; x_wconf 85' lang='grc' dir='ltr'><strong><em>λεύς.</em></strong></span> <span class='ocrx_word' id='word_1_270' title='bbox 851 2597 1007 2647; x_wconf 76' lang='lat' dir='ltr'><strong>Pausaniae</strong></span> <span class='ocrx_word' id='word_1_271' title='bbox 1026 2612 1052 2660; x_wconf 91' lang='lat' dir='ltr'><strong>p.</strong></span> <span class='ocrx_word' id='word_1_272' title='bbox 1072 2597 1123 2647; x_wconf 85' lang='grc'><strong>598</strong></span> <span class='ocrx_word' id='word_1_273' title='bbox 1139 2598 1230 2663; x_wconf 92' lang='lat' dir='ltr'><strong>[VIII,</strong></span> <span class='ocrx_word' id='word_1_274' title='bbox 1247 2602 1290 2654; x_wconf 78' lang='grc'><strong>39,</strong></span> 
     </span>
     <span class='ocr_line' id='line_1_28' title="bbox 159 2657 1293 2729; baseline 0.004 -14"><span class='ocrx_word' id='word_1_275' title='bbox 159 2666 300 2716; x_wconf 81' lang='lat' dir='ltr'><strong>duximus.</strong></span> <span class='ocrx_word' id='word_1_276' title='bbox 326 2664 402 2716; x_wconf 82' lang='lat' dir='ltr'><strong>Geni.</strong></span> <span class='ocrx_word' id='word_1_277' title='bbox 418 2665 499 2714; x_wconf 86' lang='lat' dir='ltr'><strong>etiam</strong></span> <span class='ocrx_word' id='word_1_278' title='bbox 511 2665 584 2715; x_wconf 83' lang='lat' dir='ltr'><strong>inira</strong></span> <span class='ocrx_word' id='word_1_279' title='bbox 595 2668 643 2729; x_wconf 88' lang='lat' dir='ltr'><strong>VI,</strong></span> <span class='ocrx_word' id='word_1_280' title='bbox 656 2666 699 2717; x_wconf 90' lang='grc'><strong>91.</strong></span> <span class='ocrx_word' id='word_1_281' title='bbox 751 2670 776 2728; x_wconf 69' lang='lat'><strong>§-</strong></span> <span class='ocrx_word' id='word_1_282' title='bbox 802 2663 826 2729; x_wconf 91' lang='lat' dir='ltr'><strong>l]</strong></span> <span class='ocrx_word' id='word_1_283' title='bbox 851 2669 1015 2715; x_wconf 86' lang='lat' dir='ltr'><strong>memoratus</strong></span> <span class='ocrx_word' id='word_1_284' title='bbox 1033 2657 1107 2729; x_wconf 67' lang='grc' dir='ltr'><strong><em>ἀνὴρ</em></strong></span> <span class='ocrx_word' id='word_1_285' title='bbox 1128 2662 1293 2726; x_wconf 79' lang='grc' dir='ltr'><strong><em>Μαντινεύς</em></strong></span> 
     </span>
     <span class='ocr_line' id='line_1_29' title="bbox 159 2726 1291 2801; baseline 0.005 -17"><span class='ocrx_word' id='word_1_286' title='bbox 159 2762 194 2771; x_wconf 92' lang='lat'><strong>—-</strong></span> <span class='ocrx_word' id='word_1_287' title='bbox 205 2726 352 2798; x_wconf 72' lang='grc' dir='ltr'><strong><em>ἐπήβησαν</em></strong></span> <span class='ocrx_word' id='word_1_288' title='bbox 363 2734 411 2799; x_wconf 85' lang='lat' dir='ltr'><strong>(ad</strong></span> <span class='ocrx_word' id='word_1_289' title='bbox 417 2734 573 2796; x_wconf 74' lang='lat' dir='ltr'><strong>pubertatem</strong></span> <span class='ocrx_word' id='word_1_290' title='bbox 580 2752 701 2799; x_wconf 84' lang='lat' dir='ltr'><strong>peruene-</strong></span> <span class='ocrx_word' id='word_1_291' title='bbox 751 2732 912 2799; x_wconf 77' lang='grc' dir='ltr'><strong><em>Κλέανδρος</em></strong></span> <span class='ocrx_word' id='word_1_292' title='bbox 925 2734 971 2783; x_wconf 90' lang='lat' dir='ltr'><strong>illo</strong></span> <span class='ocrx_word' id='word_1_293' title='bbox 983 2735 1065 2799; x_wconf 81' lang='lat' dir='ltr'><strong>longe</strong></span> <span class='ocrx_word' id='word_1_294' title='bbox 1081 2735 1133 2786; x_wconf 86' lang='lat' dir='ltr'><strong>init</strong></span> <span class='ocrx_word' id='word_1_295' title='bbox 1145 2741 1291 2801; x_wconf 73' lang='lat' dir='ltr'><strong>recentior,</strong></span> 
     </span>
     <span class='ocr_line' id='line_1_30' title="bbox 158 2797 1292 2870; baseline 0.004 -16"><span class='ocrx_word' id='word_1_296' title='bbox 158 2812 236 2867; x_wconf 81' lang='lat' dir='ltr'><strong>rant,</strong></span> <span class='ocrx_word' id='word_1_297' title='bbox 256 2804 429 2867; x_wconf 82' lang='lat' dir='ltr'><strong>adoleverunt)</strong></span> <span class='ocrx_word' id='word_1_298' title='bbox 447 2806 548 2855; x_wconf 86' lang='lat' dir='ltr'><strong>retinui</strong></span> <span class='ocrx_word' id='word_1_299' title='bbox 569 2822 617 2870; x_wconf 93' lang='lat' dir='ltr'><strong>pro</strong></span> <span class='ocrx_word' id='word_1_300' title='bbox 639 2797 700 2854; x_wconf 72' lang='grc' dir='ltr'><strong><em>ἕπε’-</em></strong></span> <span class='ocrx_word' id='word_1_301' title='bbox 750 2810 826 2855; x_wconf 87' lang='lat' dir='ltr'><strong>tutor</strong></span> <span class='ocrx_word' id='word_1_302' title='bbox 841 2803 1197 2869; x_wconf 82' lang='lat' dir='ltr'><strong>quippePhilopoemenIs.⁴‘</strong></span> <span class='ocrx_word' id='word_1_303' title='bbox 1220 2811 1249 2858; x_wconf 89' lang='lat' dir='ltr'><em>V</em></span> <span class='ocrx_word' id='word_1_304' title='bbox 1250 2811 1292 2858; x_wconf 83' lang='lat' dir='ltr'><strong>ol-</strong></span> 
     </span>
     <span class='ocr_line' id='line_1_31' title="bbox 159 2872 1290 2942; baseline 0.007 -21"><span class='ocrx_word' id='word_1_305' title='bbox 159 2872 254 2940; x_wconf 87' lang='grc' dir='ltr'><strong><em>βησαν</em></strong></span> <span class='ocrx_word' id='word_1_306' title='bbox 270 2873 468 2939; x_wconf 79' lang='lat' dir='ltr'><strong>(accesserant),</strong></span> <span class='ocrx_word' id='word_1_307' title='bbox 491 2875 565 2938; x_wconf 91' lang='lat' dir='ltr'><strong>quod</strong></span> <span class='ocrx_word' id='word_1_308' title='bbox 579 2875 701 2929; x_wconf 83' lang='lat' dir='ltr'><strong>Florent.</strong></span> <span class='ocrx_word' id='word_1_309' title='bbox 751 2875 837 2924; x_wconf 79' lang='grc' dir='ltr'><strong><em>αλια.</em></strong></span> <span class='ocrx_word' id='word_1_310' title='bbox 861 2873 963 2924; x_wconf 85' lang='lat' dir='ltr'><strong>Dehoe</strong></span> <span class='ocrx_word' id='word_1_311' title='bbox 973 2873 1029 2923; x_wconf 83' lang='lat' dir='ltr'><strong>vid.</strong></span> <span class='ocrx_word' id='word_1_312' title='bbox 1040 2873 1112 2923; x_wconf 92' lang='lat' dir='ltr'><strong>Plut.</strong></span> <span class='ocrx_word' id='word_1_313' title='bbox 1123 2874 1290 2942; x_wconf 82' lang='lat' dir='ltr'><strong>PhiIopoem.</strong></span> 
     </span>
     <span class='ocr_line' id='line_1_32' title="bbox 158 2943 1080 3009; baseline -0.002 -15"><span class='ocrx_word' id='word_1_314' title='bbox 158 2952 187 2995; x_wconf 88' lang='lat' dir='ltr'><strong>et</strong></span> <span class='ocrx_word' id='word_1_315' title='bbox 209 2944 349 2994; x_wconf 83' lang='lat' dir='ltr'><strong>Saneroiti</strong></span> <span class='ocrx_word' id='word_1_316' title='bbox 370 2943 439 2993; x_wconf 87' lang='lat' dir='ltr'><strong>liber</strong></span> <span class='ocrx_word' id='word_1_317' title='bbox 454 2944 581 2997; x_wconf 84' lang='lat' dir='ltr'><strong>afferunt.</strong></span> <span class='ocrx_word' id='word_1_318' title='bbox 616 2947 703 2996; x_wconf 90' lang='lat' dir='ltr'><strong>Inter·</strong></span> <span class='ocrx_word' id='word_1_319' title='bbox 753 2945 844 3009; x_wconf 90' lang='lat' dir='ltr'><strong>libiq.</strong></span> <span class='ocrx_word' id='word_1_320' title='bbox 862 2947 964 2993; x_wconf 91' lang='lat' dir='ltr'><strong>notatt.</strong></span> <span class='ocrx_word' id='word_1_321' title='bbox 979 2958 1042 3006; x_wconf 75' lang='lat' dir='ltr'><strong>pag.</strong></span> <span class='ocrx_word' id='word_1_322' title='bbox 1055 2944 1080 2995; x_wconf 84' lang='lat'><strong>3.</strong></span> 
     </span>
     <span class='ocr_line' id='line_1_33' title="bbox 158 3006 1291 3078; baseline 0.004 -15"><span class='ocrx_word' id='word_1_323' title='bbox 158 3013 546 3078; x_wconf 82' lang='lat' dir='ltr'><strong>pretaslaudantAesehyl.S.</strong></span> <span class='ocrx_word' id='word_1_324' title='bbox 556 3014 698 3068; x_wconf 65' lang='lat' dir='ltr'><strong>ethan</strong></span> <span class='ocrx_word' id='word_1_325' title='bbox 784 3006 931 3077; x_wconf 76' lang='grc' dir='ltr'><strong><em>Φιγαλεὺς]</em></strong></span> <span class='ocrx_word' id='word_1_326' title='bbox 952 3012 997 3061; x_wconf 89' lang='lat' dir='ltr'><strong>Ita</strong></span> <span class='ocrx_word' id='word_1_327' title='bbox 1012 3013 1152 3063; x_wconf 78' lang='lat' dir='ltr'><strong>Sanorol&#39;ti</strong></span> <span class='ocrx_word' id='word_1_328' title='bbox 1166 3014 1235 3066; x_wconf 90' lang='lat' dir='ltr'><strong>liber</strong></span> <span class='ocrx_word' id='word_1_329' title='bbox 1247 3034 1291 3067; x_wconf 84' lang='lat' dir='ltr'><strong>ex-</strong></span> 
     </span>
     <span class='ocr_line' id='line_1_34' title="bbox 158 3081 1291 3147; baseline 0.004 -13"><span class='ocrx_word' id='word_1_330' title='bbox 158 3082 225 3147; x_wconf 79' lang='grc'>(632</span> <span class='ocrx_word' id='word_1_331' title='bbox 239 3082 362 3147; x_wconf 68' lang='lat' dir='ltr'><strong>Brome).</strong></span> <span class='ocrx_word' id='word_1_332' title='bbox 750 3081 841 3145; x_wconf 90' lang='lat' dir='ltr'><strong>hibet,</strong></span> <span class='ocrx_word' id='word_1_333' title='bbox 862 3098 923 3133; x_wconf 89' lang='lat' dir='ltr'><strong>eum</strong></span> <span class='ocrx_word' id='word_1_334' title='bbox 940 3081 1003 3131; x_wconf 92' lang='lat' dir='ltr'><strong>olim</strong></span> <span class='ocrx_word' id='word_1_335' title='bbox 1023 3098 1107 3146; x_wconf 85' lang='lat' dir='ltr'><strong>prave</strong></span> <span class='ocrx_word' id='word_1_336' title='bbox 1126 3090 1247 3137; x_wconf 83' lang='lat' dir='ltr'><strong>exstaret</strong></span> <span class='ocrx_word' id='word_1_337' title='bbox 1262 3089 1291 3138; x_wconf 91' lang='lat' dir='ltr'><strong>in</strong></span> 
     </span>
     <span class='ocr_line' id='line_1_35' title="bbox 194 3138 1291 3216; baseline 0.005 -15"><span class='ocrx_word' id='word_1_338' title='bbox 194 3144 293 3201; x_wconf 77' lang='grc' dir='ltr'><strong><em>ἔπειτά</em></strong></span> <span class='ocrx_word' id='word_1_339' title='bbox 305 3165 393 3213; x_wconf 72' lang='grc' dir='ltr'><strong><em>σφεας</em></strong></span> <span class='ocrx_word' id='word_1_340' title='bbox 408 3139 497 3215; x_wconf 80' lang='grc' dir='ltr'><strong><em>οὗτοι]</em></strong></span> <span class='ocrx_word' id='word_1_341' title='bbox 517 3151 701 3213; x_wconf 85' lang='lat' dir='ltr'><strong>„Plutarchus</strong></span> <span class='ocrx_word' id='word_1_342' title='bbox 752 3138 813 3203; x_wconf 77' lang='lat' dir='ltr'><strong>edil&#39;.</strong></span> <span class='ocrx_word' id='word_1_343' title='bbox 825 3145 971 3216; x_wconf 82' lang='grc' dir='ltr'><strong><em>Φιηασεύς,</em></strong></span> <span class='ocrx_word' id='word_1_344' title='bbox 1006 3153 1291 3206; x_wconf 77' lang='lat' dir='ltr'><strong>Namurbisdreadi-</strong></span> 
     </span>
     <span class='ocr_line' id='line_1_36' title="bbox 159 3221 1291 3287; baseline 0.001 -15"><span class='ocrx_word' id='word_1_345' title='bbox 159 3223 197 3272; x_wconf 91' lang='lat' dir='ltr'><strong>ll.</strong></span> <span class='ocrx_word' id='word_1_346' title='bbox 218 3238 244 3286; x_wconf 90' lang='lat' dir='ltr'><strong>p.</strong></span> <span class='ocrx_word' id='word_1_347' title='bbox 265 3223 356 3272; x_wconf 72' lang='grc'><strong>24511.</strong></span> <span class='ocrx_word' id='word_1_348' title='bbox 378 3221 412 3270; x_wconf 91' lang='lat' dir='ltr'><strong>ab</strong></span> <span class='ocrx_word' id='word_1_349' title='bbox 434 3221 486 3271; x_wconf 88' lang='lat' dir='ltr'><strong>hae</strong></span> <span class='ocrx_word' id='word_1_350' title='bbox 505 3221 638 3271; x_wconf 86' lang='lat' dir='ltr'><strong>Herodoti</strong></span> <span class='ocrx_word' id='word_1_351' title='bbox 661 3237 701 3271; x_wconf 89' lang='lat' dir='ltr'><strong>re·</strong></span> <span class='ocrx_word' id='word_1_352' title='bbox 751 3238 800 3271; x_wconf 87' lang='lat' dir='ltr'><strong>eae</strong></span> <span class='ocrx_word' id='word_1_353' title='bbox 814 3221 920 3272; x_wconf 78' lang='lat' dir='ltr'><strong>incolae</strong></span> <span class='ocrx_word' id='word_1_354' title='bbox 933 3222 1087 3287; x_wconf 87' lang='lat' dir='ltr'><strong>plerumque</strong></span> <span class='ocrx_word' id='word_1_355' title='bbox 1102 3222 1230 3274; x_wconf 87' lang='lat' dir='ltr'><strong>dieantur</strong></span> <span class='ocrx_word' id='word_1_356' title='bbox 1243 3224 1291 3273; x_wconf 85' lang='grc' dir='ltr'><strong><em>Φι-</em></strong></span> 
     </span>
     <span class='ocr_line' id='line_1_37' title="bbox 157 3291 1289 3356; baseline 0.002 -14"><span class='ocrx_word' id='word_1_357' title='bbox 157 3294 290 3342; x_wconf 80' lang='grc' dir='ltr'><strong><em>αειιείοοο</em></strong></span> <span class='ocrx_word' id='word_1_358' title='bbox 312 3291 385 3352; x_wconf 89' lang='lat' dir='ltr'><strong>abit,</strong></span> <span class='ocrx_word' id='word_1_359' title='bbox 411 3306 460 3341; x_wconf 89' lang='lat' dir='ltr'><strong>neo</strong></span> <span class='ocrx_word' id='word_1_360' title='bbox 477 3293 565 3341; x_wconf 79' lang='lat' dir='ltr'><strong>servis</strong></span> <span class='ocrx_word' id='word_1_361' title='bbox 584 3291 701 3356; x_wconf 79' lang='lat' dir='ltr'><strong>Argivas</strong></span> <span class='ocrx_word' id='word_1_362' title='bbox 750 3292 843 3355; x_wconf 81' lang='grc' dir='ltr'><strong><em>ηαλείς</em></strong></span> <span class='ocrx_word' id='word_1_363' title='bbox 858 3291 1070 3356; x_wconf 83' lang='lat' dir='ltr'><strong>(apudPauean.</strong></span> <span class='ocrx_word' id='word_1_364' title='bbox 1087 3293 1120 3355; x_wconf 91' lang='lat' dir='ltr'><strong>V,</strong></span> <span class='ocrx_word' id='word_1_365' title='bbox 1132 3294 1157 3356; x_wconf 92' lang='grc'><strong>5,</strong></span> <span class='ocrx_word' id='word_1_366' title='bbox 1170 3295 1195 3342; x_wconf 97' lang='grc'><strong>4.</strong></span> <span class='ocrx_word' id='word_1_367' title='bbox 1212 3295 1289 3351; x_wconf 82' lang='lat' dir='ltr'><strong>VIII.</strong></span> 
     </span>
     <span class='ocr_line' id='line_1_38' title="bbox 158 3360 1289 3425; baseline 0.003 -14"><span class='ocrx_word' id='word_1_368' title='bbox 158 3362 302 3423; x_wconf 81' lang='lat' dir='ltr'><strong>mulieres,</strong></span> <span class='ocrx_word' id='word_1_369' title='bbox 315 3360 362 3411; x_wconf 89' lang='lat' dir='ltr'><strong>sed</strong></span> <span class='ocrx_word' id='word_1_370' title='bbox 374 3361 524 3409; x_wconf 84' lang='lat' dir='ltr'><strong>vicinorum</strong></span> <span class='ocrx_word' id='word_1_371' title='bbox 536 3362 656 3425; x_wconf 86' lang='lat' dir='ltr'><strong>optimis,</strong></span> <span class='ocrx_word' id='word_1_372' title='bbox 672 3361 700 3409; x_wconf 91' lang='lat' dir='ltr'><strong>in</strong></span> <span class='ocrx_word' id='word_1_373' title='bbox 755 3362 784 3411; x_wconf 77' lang='lat'><strong>12</strong></span> <span class='ocrx_word' id='word_1_374' title='bbox 800 3365 825 3423; x_wconf 69' lang='lat'><strong>§-</strong></span> <span class='ocrx_word' id='word_1_375' title='bbox 839 3362 865 3412; x_wconf 82' lang='lat'><strong>2.</strong></span> <span class='ocrx_word' id='word_1_376' title='bbox 879 3360 922 3411; x_wconf 91' lang='grc'><strong>39.</strong></span> <span class='ocrx_word' id='word_1_377' title='bbox 938 3364 961 3423; x_wconf 72' lang='lat'><strong>§-</strong></span> <span class='ocrx_word' id='word_1_378' title='bbox 976 3361 1002 3412; x_wconf 87' lang='grc'>3,</span> <span class='ocrx_word' id='word_1_379' title='bbox 1018 3363 1061 3411; x_wconf 80' lang='grc'><strong>4.).</strong></span> <span class='ocrx_word' id='word_1_380' title='bbox 1078 3365 1101 3424; x_wconf 67' lang='lat'><strong>5.</strong></span> <span class='ocrx_word' id='word_1_381' title='bbox 1119 3364 1144 3412; x_wconf 87' lang='grc'><strong>4,</strong></span> <span class='ocrx_word' id='word_1_382' title='bbox 1161 3364 1204 3412; x_wconf 87' lang='grc'><strong>41.</strong></span> <span class='ocrx_word' id='word_1_383' title='bbox 1223 3365 1247 3425; x_wconf 63' lang='grc' dir='ltr'><strong>ἕ.</strong></span> <span class='ocrx_word' id='word_1_384' title='bbox 1263 3370 1289 3414; x_wconf 90' lang='grc'><strong>4.</strong></span> 
     </span>
     <span class='ocr_line' id='line_1_39' title="bbox 156 3428 1290 3496; baseline -0.002 -13"><span class='ocrx_word' id='word_1_385' title='bbox 156 3432 301 3483; x_wconf 77' lang='lat' dir='ltr'><strong>civitatem</strong></span> <span class='ocrx_word' id='word_1_386' title='bbox 316 3432 433 3493; x_wconf 81' lang='lat' dir='ltr'><strong>receptis</strong></span> <span class='ocrx_word' id='word_1_387' title='bbox 449 3430 606 3495; x_wconf 80' lang='lat' dir='ltr'><strong>coniungit,</strong></span> <span class='ocrx_word' id='word_1_388' title='bbox 624 3430 701 3495; x_wconf 79' lang='lat' dir='ltr'><strong>Argi·</strong></span> <span class='ocrx_word' id='word_1_389' title='bbox 750 3431 784 3479; x_wconf 87' lang='grc'><strong>40</strong></span> <span class='ocrx_word' id='word_1_390' title='bbox 795 3430 997 3493; x_wconf 88' lang='lat' dir='ltr'><strong>init.alibi)aut</strong></span> <span class='ocrx_word' id='word_1_391' title='bbox 1007 3428 1214 3496; x_wconf 56' lang='lat' dir='ltr'><strong>dratrrgupnd</strong></span> <span class='ocrx_word' id='word_1_392' title='bbox 1224 3433 1290 3482; x_wconf 92' lang='lat' dir='ltr'><strong>Dio-</strong></span> 
     </span>
     <span class='ocr_line' id='line_1_40' title="bbox 156 3499 1290 3565; baseline -0.001 -13"><span class='ocrx_word' id='word_1_393' title='bbox 156 3517 255 3553; x_wconf 84' lang='lat' dir='ltr'><strong>rorum</strong></span> <span class='ocrx_word' id='word_1_394' title='bbox 266 3500 370 3565; x_wconf 80' lang='lat' dir='ltr'><strong>gloriae</strong></span> <span class='ocrx_word' id='word_1_395' title='bbox 382 3499 552 3550; x_wconf 84' lang='lat' dir='ltr'><strong>studiosus.“</strong></span> <span class='ocrx_word' id='word_1_396' title='bbox 572 3502 699 3550; x_wconf 78' lang='lat' dir='ltr'><strong>Wesse-</strong></span> <span class='ocrx_word' id='word_1_397' title='bbox 750 3500 807 3549; x_wconf 87' lang='lat' dir='ltr'><strong>dor.</strong></span> <span class='ocrx_word' id='word_1_398' title='bbox 824 3502 878 3550; x_wconf 81' lang='lat' dir='ltr'><strong>Sic.</strong></span> <span class='ocrx_word' id='word_1_399' title='bbox 897 3500 961 3559; x_wconf 84' lang='lat' dir='ltr'><strong>XV,</strong></span> <span class='ocrx_word' id='word_1_400' title='bbox 979 3500 1027 3561; x_wconf 86' lang='grc'><strong>40,</strong></span> <span class='ocrx_word' id='word_1_401' title='bbox 1049 3499 1096 3548; x_wconf 92' lang='lat' dir='ltr'><strong>nbi</strong></span> <span class='ocrx_word' id='word_1_402' title='bbox 1113 3500 1168 3549; x_wconf 91' lang='lat' dir='ltr'><strong>vid.</strong></span> <span class='ocrx_word' id='word_1_403' title='bbox 1182 3503 1290 3552; x_wconf 88' lang='lat' dir='ltr'><strong>Wesse-</strong></span> 
     </span>
     <span class='ocr_line' id='line_1_41' title="bbox 157 3568 1290 3635; baseline -0.002 -15"><span class='ocrx_word' id='word_1_404' title='bbox 157 3574 235 3635; x_wconf 76' lang='lat' dir='ltr'><strong>Iinp.</strong></span> <span class='ocrx_word' id='word_1_405' title='bbox 278 3570 357 3620; x_wconf 85' lang='lat' dir='ltr'><strong>Hane</strong></span> <span class='ocrx_word' id='word_1_406' title='bbox 377 3569 518 3619; x_wconf 77' lang='lat' dir='ltr'><strong>Plutarchi</strong></span> <span class='ocrx_word' id='word_1_407' title='bbox 535 3570 699 3620; x_wconf 74' lang='lat' dir='ltr'><strong>sententiam</strong></span> <span class='ocrx_word' id='word_1_408' title='bbox 749 3568 836 3635; x_wconf 86' lang='lat' dir='ltr'><strong>liug.).</strong></span> <span class='ocrx_word' id='word_1_409' title='bbox 868 3570 959 3634; x_wconf 87' lang='lat' dir='ltr'><strong>Ipsius</strong></span> <span class='ocrx_word' id='word_1_410' title='bbox 970 3569 1045 3618; x_wconf 90' lang='lat' dir='ltr'><strong>urbis</strong></span> <span class='ocrx_word' id='word_1_411' title='bbox 1061 3584 1158 3619; x_wconf 81' lang='lat' dir='ltr'><strong>nornen</strong></span> <span class='ocrx_word' id='word_1_412' title='bbox 1170 3568 1290 3631; x_wconf 76' lang='grc' dir='ltr'><strong><em>Φιγαλία</em></strong></span> 
     </span>
     <span class='ocr_line' id='line_1_42' title="bbox 156 3638 1288 3705; baseline -0.001 -14"><span class='ocrx_word' id='word_1_413' title='bbox 156 3642 198 3691; x_wconf 87' lang='lat' dir='ltr'><strong>ita</strong></span> <span class='ocrx_word' id='word_1_414' title='bbox 213 3639 576 3705; x_wconf 69' lang='lat' dir='ltr'><strong>comprobativaehsmuth:</strong></span> <span class='ocrx_word' id='word_1_415' title='bbox 592 3638 698 3691; x_wconf 88' lang='lat' dir='ltr'><strong>Hellen.</strong></span> <span class='ocrx_word' id='word_1_416' title='bbox 750 3644 793 3688; x_wconf 87' lang='lat' dir='ltr'><strong>est</strong></span> <span class='ocrx_word' id='word_1_417' title='bbox 808 3640 881 3703; x_wconf 87' lang='lat' dir='ltr'><strong>apud</strong></span> <span class='ocrx_word' id='word_1_418' title='bbox 901 3638 997 3688; x_wconf 82' lang='lat' dir='ltr'><strong>Athen.</strong></span> <span class='ocrx_word' id='word_1_419' title='bbox 1014 3639 1069 3696; x_wconf 86' lang='lat' dir='ltr'><strong>XI,</strong></span> <span class='ocrx_word' id='word_1_420' title='bbox 1086 3639 1126 3687; x_wconf 88' lang='grc'><strong>14.</strong></span> <span class='ocrx_word' id='word_1_421' title='bbox 1149 3654 1175 3703; x_wconf 88' lang='lat' dir='ltr'><strong>p.</strong></span> <span class='ocrx_word' id='word_1_422' title='bbox 1195 3641 1288 3700; x_wconf 81' lang='grc'><strong>4851),</strong></span> 
     </span>
     <span class='ocr_line' id='line_1_43' title="bbox 156 3707 1287 3773; baseline -0.003 -13"><span class='ocrx_word' id='word_1_423' title='bbox 156 3707 419 3761; x_wconf 82' lang='lat' dir='ltr'><strong>Alterthumskande</strong></span> <span class='ocrx_word' id='word_1_424' title='bbox 441 3710 464 3759; x_wconf 94' lang='grc' dir='ltr'><strong>Ι.</strong></span> <span class='ocrx_word' id='word_1_425' title='bbox 483 3724 546 3773; x_wconf 81' lang='lat' dir='ltr'><strong>pag.</strong></span> <span class='ocrx_word' id='word_1_426' title='bbox 564 3710 615 3759; x_wconf 87' lang='grc'><strong>393</strong></span> <span class='ocrx_word' id='word_1_427' title='bbox 635 3708 697 3759; x_wconf 81' lang='lat' dir='ltr'><strong>coll.</strong></span> <span class='ocrx_word' id='word_1_428' title='bbox 750 3713 778 3757; x_wconf 87' lang='lat' dir='ltr'><strong>et</strong></span> <span class='ocrx_word' id='word_1_429' title='bbox 790 3708 914 3772; x_wconf 83' lang='lat' dir='ltr'><strong>pluribus</strong></span> <span class='ocrx_word' id='word_1_430' title='bbox 930 3707 1001 3771; x_wconf 83' lang='lat' dir='ltr'><strong>apud</strong></span> <span class='ocrx_word' id='word_1_431' title='bbox 1019 3708 1187 3757; x_wconf 77' lang='lat' dir='ltr'><strong>Pausaniam</strong></span> <span class='ocrx_word' id='word_1_432' title='bbox 1207 3708 1287 3759; x_wconf 83' lang='lat' dir='ltr'><strong>Iocis:</strong></span> 
     </span>
     <span class='ocr_line' id='line_1_44' title="bbox 156 3777 1289 3843; baseline -0.003 -12"><span class='ocrx_word' id='word_1_433' title='bbox 156 3782 224 3843; x_wconf 75' lang='lat'><strong>428,</strong></span> <span class='ocrx_word' id='word_1_434' title='bbox 241 3784 274 3829; x_wconf 92' lang='lat' dir='ltr'><strong>ut</strong></span> <span class='ocrx_word' id='word_1_435' title='bbox 285 3780 453 3829; x_wconf 88' lang='lat' dir='ltr'><strong>Herodotum</strong></span> <span class='ocrx_word' id='word_1_436' title='bbox 465 3779 555 3827; x_wconf 83' lang='lat' dir='ltr'><strong>minus</strong></span> <span class='ocrx_word' id='word_1_437' title='bbox 568 3784 699 3828; x_wconf 83' lang='lat' dir='ltr'><strong>accurate</strong></span> <span class='ocrx_word' id='word_1_438' title='bbox 749 3777 796 3839; x_wconf 89' lang='lat' dir='ltr'><strong>IV,</strong></span> <span class='ocrx_word' id='word_1_439' title='bbox 807 3781 850 3839; x_wconf 77' lang='grc'><strong>24,</strong></span> <span class='ocrx_word' id='word_1_440' title='bbox 866 3778 888 3828; x_wconf 90' lang='grc' dir='ltr'><strong>Ι.</strong></span> <span class='ocrx_word' id='word_1_441' title='bbox 898 3779 950 3841; x_wconf 93' lang='lat' dir='ltr'><strong>III,</strong></span> <span class='ocrx_word' id='word_1_442' title='bbox 965 3778 1005 3828; x_wconf 83' lang='lat'><strong>17.</strong></span> <span class='ocrx_word' id='word_1_443' title='bbox 1018 3780 1043 3839; x_wconf 69' lang='grc' dir='ltr'><strong>ξ.</strong></span> <span class='ocrx_word' id='word_1_444' title='bbox 1052 3778 1077 3837; x_wconf 88' lang='grc'><strong>8,</strong></span> <span class='ocrx_word' id='word_1_445' title='bbox 1090 3777 1138 3826; x_wconf 90' lang='lat' dir='ltr'><strong>ubi</strong></span> <span class='ocrx_word' id='word_1_446' title='bbox 1149 3777 1185 3828; x_wconf 86' lang='lat' dir='ltr'><strong>ei.</strong></span> <span class='ocrx_word' id='word_1_447' title='bbox 1197 3777 1289 3828; x_wconf 85' lang='lat' dir='ltr'><strong>Siebe-</strong></span> 
     </span>
     <span class='ocr_line' id='line_1_45' title="bbox 157 3839 1287 3912; baseline -0.001 -13"><span class='ocrx_word' id='word_1_448' title='bbox 157 3850 262 3901; x_wconf 82' lang='lat' dir='ltr'><strong>dixisse</strong></span> <span class='ocrx_word' id='word_1_449' title='bbox 277 3848 345 3898; x_wconf 77' lang='lat' dir='ltr'><strong>velit</strong></span> <span class='ocrx_word' id='word_1_450' title='bbox 364 3839 501 3910; x_wconf 82' lang='grc' dir='ltr'><strong>δούλους,</strong></span> <span class='ocrx_word' id='word_1_451' title='bbox 524 3850 571 3912; x_wconf 89' lang='lat' dir='ltr'><strong>qui</strong></span> <span class='ocrx_word' id='word_1_452' title='bbox 591 3849 697 3912; x_wconf 87' lang='lat' dir='ltr'><strong>proprie</strong></span> <span class='ocrx_word' id='word_1_453' title='bbox 748 3847 782 3897; x_wconf 85' lang='lat' dir='ltr'><strong>lis</strong></span> <span class='ocrx_word' id='word_1_454' title='bbox 799 3864 825 3911; x_wconf 86' lang='lat' dir='ltr'><strong>p.</strong></span> <span class='ocrx_word' id='word_1_455' title='bbox 840 3848 882 3897; x_wconf 88' lang='grc'><strong>51.</strong></span> <span class='ocrx_word' id='word_1_456' title='bbox 898 3848 946 3905; x_wconf 88' lang='lat' dir='ltr'><strong>Vl,</strong></span> <span class='ocrx_word' id='word_1_457' title='bbox 959 3848 984 3896; x_wconf 85' lang='lat' dir='ltr'><strong>li.</strong></span> <span class='ocrx_word' id='word_1_458' title='bbox 1003 3846 1028 3908; x_wconf 79' lang='lat'><strong>§.</strong></span> <span class='ocrx_word' id='word_1_459' title='bbox 1045 3847 1066 3895; x_wconf 95' lang='grc' dir='ltr'><strong>Ι.</strong></span> <span class='ocrx_word' id='word_1_460' title='bbox 1082 3847 1165 3905; x_wconf 87' lang='lat' dir='ltr'><strong>VIII,</strong></span> <span class='ocrx_word' id='word_1_461' title='bbox 1181 3847 1206 3898; x_wconf 83' lang='lat'><strong>3.</strong></span> <span class='ocrx_word' id='word_1_462' title='bbox 1225 3850 1248 3910; x_wconf 72' lang='grc'><strong>5.</strong></span> <span class='ocrx_word' id='word_1_463' title='bbox 1262 3850 1287 3898; x_wconf 82' lang='lat'><strong>2.</strong></span> 
     </span>
     <span class='ocr_line' id='line_1_46' title="bbox 154 3908 1289 3984; baseline -0.003 -15"><span class='ocrx_word' id='word_1_464' title='bbox 154 3922 271 3984; x_wconf 78' lang='lat' dir='ltr'><strong>perioeci</strong></span> <span class='ocrx_word' id='word_1_465' title='bbox 281 3919 397 3980; x_wconf 85' lang='lat' dir='ltr'><strong>inerint,</strong></span> <span class='ocrx_word' id='word_1_466' title='bbox 422 3918 516 3982; x_wconf 86' lang='lat' dir='ltr'><strong>quales</strong></span> <span class='ocrx_word' id='word_1_467' title='bbox 537 3918 610 3967; x_wconf 84' lang='lat' dir='ltr'><strong>inira</strong></span> <span class='ocrx_word' id='word_1_468' title='bbox 621 3918 698 3979; x_wconf 85' lang='lat' dir='ltr'><strong>VIII,</strong></span> <span class='ocrx_word' id='word_1_469' title='bbox 750 3918 784 3969; x_wconf 86' lang='grc'>39</span> <span class='ocrx_word' id='word_1_470' title='bbox 798 3917 915 3966; x_wconf 74' lang='lat' dir='ltr'><strong>initii.</strong></span> <span class='ocrx_word' id='word_1_471' title='bbox 930 3920 953 3978; x_wconf 68' lang='lat'><strong>5.</strong></span> <span class='ocrx_word' id='word_1_472' title='bbox 969 3919 998 3973; x_wconf 90' lang='grc'><strong>4;</strong></span> <span class='ocrx_word' id='word_1_473' title='bbox 1017 3908 1139 3979; x_wconf 80' lang='grc' dir='ltr'><strong><em>Φιγαλέα</em></strong></span> <span class='ocrx_word' id='word_1_474' title='bbox 1150 3916 1289 3966; x_wconf 83' lang='lat' dir='ltr'><strong>invenitur</strong></span> 
     </span>
     <span class='ocr_line' id='line_1_47' title="bbox 157 3986 1288 4051; baseline -0.001 -14"><span class='ocrx_word' id='word_1_475' title='bbox 157 3989 191 4040; x_wconf 77' lang='lat'><strong>73</strong></span> <span class='ocrx_word' id='word_1_476' title='bbox 215 3992 474 4050; x_wconf 86' lang='lat' dir='ltr'><strong>commemorantur,</strong></span> <span class='ocrx_word' id='word_1_477' title='bbox 501 3986 650 4051; x_wconf 81' lang='lat' dir='ltr'><strong>qualesque</strong></span> <span class='ocrx_word' id='word_1_478' title='bbox 671 3988 699 4035; x_wconf 89' lang='lat' dir='ltr'><strong>in</strong></span> <span class='ocrx_word' id='word_1_479' title='bbox 751 3987 823 4050; x_wconf 90' lang='lat' dir='ltr'><strong>apud</strong></span> <span class='ocrx_word' id='word_1_480' title='bbox 836 3986 964 4050; x_wconf 81' lang='lat' dir='ltr'><strong>Stephau.</strong></span> <span class='ocrx_word' id='word_1_481' title='bbox 981 3986 1045 4048; x_wconf 81' lang='lat' dir='ltr'><strong>Byz.</strong></span> <span class='ocrx_word' id='word_1_482' title='bbox 1066 4001 1087 4035; x_wconf 85' lang='lat' dir='ltr'><strong>s.</strong></span> <span class='ocrx_word' id='word_1_483' title='bbox 1107 4001 1133 4036; x_wconf 84' lang='lat' dir='ltr'><strong>v.</strong></span> <span class='ocrx_word' id='word_1_484' title='bbox 1152 4001 1215 4050; x_wconf 82' lang='lat' dir='ltr'><strong>pag.</strong></span> <span class='ocrx_word' id='word_1_485' title='bbox 1227 3986 1288 4037; x_wconf 82' lang='grc'><strong>697.</strong></span> 
     </span>
     <span class='ocr_line' id='line_1_48' title="bbox 156 4054 1288 4121; baseline -0.004 -12"><span class='ocrx_word' id='word_1_486' title='bbox 156 4058 315 4121; x_wconf 63' lang='lat' dir='ltr'><strong>hunniae,</strong></span> <span class='ocrx_word' id='word_1_487' title='bbox 333 4059 363 4106; x_wconf 91' lang='lat' dir='ltr'><strong>in</strong></span> <span class='ocrx_word' id='word_1_488' title='bbox 379 4056 472 4118; x_wconf 79' lang='lat' dir='ltr'><strong>Creta,</strong></span> <span class='ocrx_word' id='word_1_489' title='bbox 493 4056 556 4107; x_wconf 87' lang='lat' dir='ltr'><strong>aliis</strong></span> <span class='ocrx_word' id='word_1_490' title='bbox 574 4056 641 4107; x_wconf 84' lang='lat' dir='ltr'><strong>loeis</strong></span> <span class='ocrx_word' id='word_1_491' title='bbox 659 4072 700 4106; x_wconf 92' lang='lat' dir='ltr'><strong>re·</strong></span> <span class='ocrx_word' id='word_1_492' title='bbox 752 4057 794 4106; x_wconf 86' lang='lat' dir='ltr'><strong>Tu</strong></span> <span class='ocrx_word' id='word_1_493' title='bbox 815 4056 918 4107; x_wconf 81' lang='lat' dir='ltr'><strong>consul.</strong></span> <span class='ocrx_word' id='word_1_494' title='bbox 938 4057 1022 4104; x_wconf 82' lang='lat' dir='ltr'><strong>etiarn</strong></span> <span class='ocrx_word' id='word_1_495' title='bbox 1038 4054 1174 4104; x_wconf 79' lang='lat' dir='ltr'><strong>Mannert.</strong></span> <span class='ocrx_word' id='word_1_496' title='bbox 1190 4055 1288 4121; x_wconf 83' lang='lat' dir='ltr'><strong>Geogr.</strong></span> 
     </span>
     <span class='ocr_line' id='line_1_49' title="bbox 157 4124 1289 4193; baseline -0.005 -14"><span class='ocrx_word' id='word_1_497' title='bbox 157 4127 289 4193; x_wconf 82' lang='lat' dir='ltr'><strong>perimus.</strong></span> <span class='ocrx_word' id='word_1_498' title='bbox 313 4127 380 4176; x_wconf 86' lang='lat' dir='ltr'><strong>Mihi</strong></span> <span class='ocrx_word' id='word_1_499' title='bbox 393 4126 467 4177; x_wconf 87' lang='lat' dir='ltr'><strong>nulla</strong></span> <span class='ocrx_word' id='word_1_500' title='bbox 481 4125 579 4176; x_wconf 88' lang='lat' dir='ltr'><strong>idonea</strong></span> <span class='ocrx_word' id='word_1_501' title='bbox 593 4127 701 4177; x_wconf 82' lang='lat' dir='ltr'><strong>ridetur</strong></span> <span class='ocrx_word' id='word_1_502' title='bbox 752 4125 777 4177; x_wconf 93' lang='lat' dir='ltr'><strong>d.</strong></span> <span class='ocrx_word' id='word_1_503' title='bbox 791 4126 836 4176; x_wconf 71' lang='lat' dir='ltr'><strong>Gr.</strong></span> <span class='ocrx_word' id='word_1_504' title='bbox 848 4141 875 4178; x_wconf 90' lang='lat' dir='ltr'><strong>n.</strong></span> <span class='ocrx_word' id='word_1_505' title='bbox 890 4127 983 4175; x_wconf 87' lang='lat' dir='ltr'><strong>Roem.</strong></span> <span class='ocrx_word' id='word_1_506' title='bbox 998 4124 1075 4175; x_wconf 84' lang='lat' dir='ltr'><strong>VIII.</strong></span> <span class='ocrx_word' id='word_1_507' title='bbox 1088 4140 1113 4187; x_wconf 90' lang='lat' dir='ltr'><strong>p.</strong></span> <span class='ocrx_word' id='word_1_508' title='bbox 1127 4124 1179 4174; x_wconf 82' lang='grc'><strong>475</strong></span> <span class='ocrx_word' id='word_1_509' title='bbox 1190 4139 1249 4189; x_wconf 88' lang='lat' dir='ltr'><strong>seq.</strong></span> <span class='ocrx_word' id='word_1_510' title='bbox 1261 4129 1289 4174; x_wconf 89' lang='lat' dir='ltr'><strong>et</strong></span> 
     </span>
     <span class='ocr_line' id='line_1_50' title="bbox 156 4192 1285 4260; baseline -0.004 -12"><span class='ocrx_word' id='word_1_511' title='bbox 156 4213 260 4260; x_wconf 82' lang='lat' dir='ltr'><strong>causa,</strong></span> <span class='ocrx_word' id='word_1_512' title='bbox 280 4212 329 4247; x_wconf 86' lang='lat' dir='ltr'><strong>cnr</strong></span> <span class='ocrx_word' id='word_1_513' title='bbox 347 4195 488 4247; x_wconf 84' lang='lat' dir='ltr'><strong>Herodoto</strong></span> <span class='ocrx_word' id='word_1_514' title='bbox 508 4197 595 4246; x_wconf 88' lang='lat' dir='ltr'><strong>minor</strong></span> <span class='ocrx_word' id='word_1_515' title='bbox 613 4197 642 4245; x_wconf 90' lang='lat' dir='ltr'><strong>in</strong></span> <span class='ocrx_word' id='word_1_516' title='bbox 658 4195 700 4245; x_wconf 83' lang='lat' dir='ltr'><strong>hie</strong></span> <span class='ocrx_word' id='word_1_517' title='bbox 751 4192 1206 4253; x_wconf 57' lang='grc' dir='ltr'><strong>81ε5ε11ε.α(1Ρειοεοα.911139,</strong></span> <span class='ocrx_word' id='word_1_518' title='bbox 1221 4194 1285 4257; x_wconf 66' lang='lat' dir='ltr'><strong>§.a</strong></span> 
     </span>
     <span class='ocr_line' id='line_1_51' title="bbox 156 4260 1287 4326; baseline -0.005 -9"><span class='ocrx_word' id='word_1_519' title='bbox 156 4267 225 4317; x_wconf 87' lang='lat' dir='ltr'><strong>fides</strong></span> <span class='ocrx_word' id='word_1_520' title='bbox 237 4265 384 4317; x_wconf 86' lang='lat' dir='ltr'><strong>tribuenda</strong></span> <span class='ocrx_word' id='word_1_521' title='bbox 398 4266 443 4316; x_wconf 84' lang='lat' dir='ltr'><strong>ait.</strong></span> <span class='ocrx_word' id='word_1_522' title='bbox 750 4264 819 4314; x_wconf 78' lang='lat' dir='ltr'><strong>hdd.</strong></span> <span class='ocrx_word' id='word_1_523' title='bbox 827 4263 994 4315; x_wconf 85' lang='lat' dir='ltr'><strong>Baehmaun.</strong></span> <span class='ocrx_word' id='word_1_524' title='bbox 1002 4262 1037 4311; x_wconf 90' lang='lat' dir='ltr'><strong>ad</strong></span> <span class='ocrx_word' id='word_1_525' title='bbox 1047 4260 1287 4326; x_wconf 79' lang='lat' dir='ltr'><strong>LycophronAle-</strong></span> 
     </span>
     <span class='ocr_line' id='line_1_52' title="bbox 192 4324 1287 4401; baseline -0.002 -17"><span class='ocrx_word' id='word_1_526' title='bbox 192 4324 365 4401; x_wconf 78' lang='grc' dir='ltr'><strong><em>ἦνᾶρθμια]</em></strong></span> <span class='ocrx_word' id='word_1_527' title='bbox 377 4336 452 4385; x_wconf 81' lang='lat' dir='ltr'><strong>Care</strong></span> <span class='ocrx_word' id='word_1_528' title='bbox 462 4335 568 4385; x_wconf 82' lang='lat' dir='ltr'><strong>scribas</strong></span> <span class='ocrx_word' id='word_1_529' title='bbox 578 4324 699 4396; x_wconf 79' lang='grc' dir='ltr'><strong><em>ἆρθμιά.</em></strong></span> <span class='ocrx_word' id='word_1_530' title='bbox 752 4336 845 4384; x_wconf 77' lang='lat' dir='ltr'><strong>xandr.</strong></span> <span class='ocrx_word' id='word_1_531' title='bbox 853 4335 913 4385; x_wconf 75' lang='lat'><strong>212.</strong></span> <span class='ocrx_word' id='word_1_532' title='bbox 922 4348 985 4397; x_wconf 79' lang='lat' dir='ltr'><strong>pag.</strong></span> <span class='ocrx_word' id='word_1_533' title='bbox 993 4333 1037 4383; x_wconf 89' lang='grc'><strong>58.</strong></span> <span class='ocrx_word' id='word_1_534' title='bbox 1050 4332 1206 4381; x_wconf 78' lang='lat' dir='ltr'><strong>Etiamnum</strong></span> <span class='ocrx_word' id='word_1_535' title='bbox 1217 4347 1287 4396; x_wconf 86' lang='lat' dir='ltr'><strong>quae</strong></span> 
     </span>
     <span class='ocr_line' id='line_1_53' title="bbox 156 4401 1288 4470; baseline -0.006 -14"><span class='ocrx_word' id='word_1_536' title='bbox 156 4408 211 4456; x_wconf 81' lang='lat' dir='ltr'><strong>Est</strong></span> <span class='ocrx_word' id='word_1_537' title='bbox 227 4407 300 4456; x_wconf 87' lang='lat' dir='ltr'><strong>enim</strong></span> <span class='ocrx_word' id='word_1_538' title='bbox 315 4405 419 4470; x_wconf 85' lang='lat' dir='ltr'><strong>plurale</strong></span> <span class='ocrx_word' id='word_1_539' title='bbox 431 4420 545 4465; x_wconf 84' lang='lat' dir='ltr'><strong>nornen,</strong></span> <span class='ocrx_word' id='word_1_540' title='bbox 566 4419 610 4453; x_wconf 82' lang='lat' dir='ltr'><strong>res</strong></span> <span class='ocrx_word' id='word_1_541' title='bbox 623 4418 701 4466; x_wconf 80' lang='lat' dir='ltr'><strong>paca·</strong></span> <span class='ocrx_word' id='word_1_542' title='bbox 751 4404 955 4469; x_wconf 85' lang='lat' dir='ltr'><strong>antiquissimae</strong></span> <span class='ocrx_word' id='word_1_543' title='bbox 973 4401 1047 4450; x_wconf 86' lang='lat' dir='ltr'><strong>urbis</strong></span> <span class='ocrx_word' id='word_1_544' title='bbox 1062 4405 1208 4465; x_wconf 87' lang='lat' dir='ltr'><strong>supersunt</strong></span> <span class='ocrx_word' id='word_1_545' title='bbox 1225 4401 1288 4450; x_wconf 87' lang='lat' dir='ltr'><strong>reli-</strong></span> 
     </span>
     <span class='ocr_line' id='line_1_54' title="bbox 156 4469 1288 4541; baseline -0.006 -13"><span class='ocrx_word' id='word_1_546' title='bbox 156 4484 214 4541; x_wconf 72' lang='lat' dir='ltr'><strong>aas,</strong></span> <span class='ocrx_word' id='word_1_547' title='bbox 227 4476 400 4537; x_wconf 79' lang='lat' dir='ltr'><strong>concordien,</strong></span> <span class='ocrx_word' id='word_1_548' title='bbox 417 4474 654 4538; x_wconf 81' lang='lat' dir='ltr'><strong>pacemindieane,</strong></span> <span class='ocrx_word' id='word_1_549' title='bbox 670 4477 701 4522; x_wconf 89' lang='lat' dir='ltr'><strong>ut</strong></span> <span class='ocrx_word' id='word_1_550' title='bbox 752 4476 846 4538; x_wconf 88' lang='lat' dir='ltr'><strong>quiae,</strong></span> <span class='ocrx_word' id='word_1_551' title='bbox 874 4471 991 4522; x_wconf 88' lang='lat' dir='ltr'><strong>ambitus</strong></span> <span class='ocrx_word' id='word_1_552' title='bbox 1013 4470 1106 4535; x_wconf 76' lang='lat' dir='ltr'><strong>magni</strong></span> <span class='ocrx_word' id='word_1_553' title='bbox 1122 4485 1182 4520; x_wconf 89' lang='lat' dir='ltr'><strong>eam</strong></span> <span class='ocrx_word' id='word_1_554' title='bbox 1203 4469 1288 4521; x_wconf 84' lang='lat' dir='ltr'><strong>faisse</strong></span> 
     </span>
    </p>
   </div>
   <div class='ocr_carea' id='block_1_6' title="bbox 1027 4554 1092 4617">
    <p class='ocr_par' dir='ltr' id='par_1_7' title="bbox 1027 4554 1092 4617">
     <span class='ocr_line' id='line_1_55' title="bbox 1027 4554 1092 4617; baseline 0.031 -2"><span class='ocrx_word' id='word_1_555' title='bbox 1027 4554 1092 4617; x_wconf 81' lang='lat'><strong>22*</strong></span> 
     </span>
    </p>
   </div>
   <div class='ocr_carea' id='block_1_7' title="bbox 0 0 1490 5128">
    <p class='ocr_par' dir='ltr' id='par_1_8' title="bbox 0 0 1490 5128">
     <span class='ocr_line' id='line_1_56' title="bbox 0 0 1490 5128; baseline 0 2"><span class='ocrx_word' id='word_1_556' title='bbox 0 0 1490 5128; x_wconf 95' lang='lat' dir='ltr'><strong> </strong></span> 
     </span>
    </p>
   </div>
  </div>
 </body>
</html>
