2970 5128
200 362 261 425 322
633 360 896 424 HERODOTI

200 571 261 611 νον
281 547 405 610 ἔτεκον.
442 545 527 626 ἔγνω
556 539 593 607 δέ
614 539 669 607 καὶ
696 534 797 617 αὐτὸς
819 533 837 605 ὁ
860 532 1021 622 Ἀρίστων
1044 530 1085 602 ού
1105 530 1188 622 μετά
1209 530 1336 601 πολλὸν

201 645 322 734 χρόνον
330 696 339 729 ,
356 639 400 723 olo
413 639 511 731 άνοίη
525 640 562 711 τὸ
574 649 651 722 ἔπος
662 639 795 728 ἐκβάλοι
810 644 915 708 τούτο.
940 639 1058 724 λόγους
1072 638 1110 706 δὲ
1121 635 1243 715 ἄλλους
1258 636 1335 722 περὶ

201 751 350 837 γενέσιος
372 751 429 834 της
449 750 599 814 σεωυτοῦ
625 741 670 833 μὴ
697 748 809 813 δέκεο·
844 740 884 810 τά
912 740 976 829 γάρ
995 738 1207 828 άληθέστατα
1227 739 1336 808 πάντα

201 851 355 940 άκηκοας.
385 854 421 919 ἐκ
436 850 473 918 δὲ
488 846 688 937 ὀνοφορβῶν
702 846 794 940 αύτῷ
809 874 844 915 τε
858 849 1048 931 Λευτυχίδῃ
1062 845 1117 914 καὶ
1132 859 1217 913 τοῖσι
1231 848 1337 911 ταῦτα

157 960 339 1042 Ιθλέγουσι
359 960 503 1022 τίκτοιεν
524 957 562 1021 αί
576 966 733 1039 γυναῖκες
755 956 885 1030 παῖδας.
922 944 1035 1035 Ἡμέν
1051 946 1092 1036 δὴ
1111 952 1215 1015 ταῦτα
1230 952 1336 1032 ἔλεγε.
1374 995 1381 1004 ·

198 1056 234 1127 ‘0
249 1059 286 1128 δέ
303 1056 495 1145 πυθόμενός
508 1084 543 1125 τε
556 1055 596 1125 τὰ
610 1056 784 1144 ἐβούλετο,
806 1057 861 1121 καὶ
876 1051 993 1121 ε’πύδια
1009 1048 1139 1139 λαβύν,
1158 1050 1338 1137 ἐπορεύετο

203 1166 236 1242 ἐς
244 1153 422 1252 Ἠλιν,·τῷ
436 1161 524 1253 λόγῳ
540 1158 622 1247 φάς,
637 1154 682 1239 ύς
696 1161 729 1239 ἐς
744 1153 902 1243 Δελφούς
916 1156 1119 1244 χρησόμενος
1133 1159 1179 1246 τῷ
1193 1174 1336 1241 χρηστη·

203 1272 265 1357 ρ’ίω
286 1266 475 1350 πορεύεται.
513 1261 771 1351 Λακεδαιμόνιοι
793 1260 830 1330 δὲ
851 1256 1121 1346 ὑποτοπηθέντες
1135 1257 1340 1345 Δημάρητον

204 1372 340 1461 δρησμῷ
355 1368 552 1454 ἐπιχειρέειν
570 1371 721 1435 ἐδίωκον.
751 1372 809 1433 καί
821 1391 887 1443 κως
901 1369 992 1451 ἔφθη
1011 1364 1044 1441 ἐς
1057 1360 1240 1430 Ζάκυνθον
1263 1367 1338 1429 δια-

202 1471 264 1559 βάς
278 1468 296 1540 ὁ
311 1471 510 1559 Δημάρητος
524 1473 561 1539 ἐκ
576 1475 633 1557 τῆς
644 1465 797 1548 Ἤλιδος·
821 1466 1055 1553 ἐπιδιαβάντες
1073 1465 1109 1533 δὲ
1124 1469 1159 1532 οἱ
1169 1470 1337 1533 Λακεδαι-

202 1575 313 1662 μόνιοι
333 1571 437 1644 αὐτοῦ
457 1601 492 1642 τε
515 1571 677 1658 ἅπτοντο,
707 1573 763 1640 καὶ
783 1569 861 1650 τούς
880 1567 1092 1655 θεράποντας
1110 1564 1216 1636 αὐτὸν
1235 1565 1336 1636 άπαι·

204 1681 330 1763 ρέοντο.
358 1675 442 1765 μετά
457 1678 513 1761 δὲ,
536 1673 577 1745 ού
598 1673 662 1762 γὰρ
677 1679 870 1759 ἐξεδίδοσαν
890 1670 994 1742 αὐτὸν
1008 1677 1043 1741 ol
1054 1672 1259 1757 Ζακύνθιοι,
1281 1673 1335 1739 ἐν·

202 1786 328 1850 θεύτεν
348 1786 515 1867 διαβαίνει
537 1783 569 1858 ἐς
588 1776 649 1867 τὴν
667 1777 780 1867 Ἀσίην
800 1774 890 1865 παρά
909 1778 1049 1864 βασιλέα
1068 1787 1226 1864 Δαρεῖον.
1261 1769 1279 1843 ὁ
1301 1773 1338 1841 δὲ

204 1987 369 2038 medicorum
380 1986 540 2051 principem.
569 1985 622 2035 Sed
632 1986 677 2036 lae
692 2001 746 2035 rne-

203 2056 272 2106 liora
290 2057 377 2121 ipsum
396 2056 480 2105 tuisse
497 2055 636 2105 edoctum:
659 2054 745 2105 nihilo

205 2129 296 2175 tamen
305 2125 394 2174 secius
406 2123 515 2173 mulieri
527 2124 611 2188 priaei
622 2125 686 2174 aevi
698 2125 746 2172 tri-

203 2195 286 2245 buere
312 2193 428 2243 debebat
452 2208 618 2243 communem
641 2193 746 2257 opinio-

205 2279 275 2316 nem.
304 2263 439 2312 Poseebst
451 2263 504 2313 eibi
516 2262 568 2312 boo
582 2268 609 2312 et
620 2257 746 2312 πιθανό-

204 2348 255 2396 της
271 2338 298 2383 et
311 2318 400 2394 ἦθος,
417 2332 514 2395 quibus
529 2333 679 2383 virtutibus
693 2333 746 2383 ela-

205 2408 266 2454 rent
279 2402 374 2451 Musae
390 2401 592 2451 Herodotene.“

241 2462 279 2528 ὡς
293 2463 377 2534 ἀνοίῃ
392 2463 422 2518 sd
439 2462 506 2525 ἐπυς
522 2461 632 2535 ἐκβάλοι
648 2467 745 2535 τούτο]

205 2542 238 2592 ln
253 2541 372 2607 proxime
388 2539 612 2589 antecedentibus
630 2556 679 2605 pro
698 2530 746 2589 αύ-

206 2601 284 2669 τὸςὸ
300 2600 431 2670 Ἀρίστων
446 2607 643 2659 Valckenarius
663 2610 747 2659 scribi

207 2668 579 2739 ωαναΙλδαύτὸςἈρίστων,
593 2684 624 2727 ut
637 2679 748 2728 nitidem

207 2750 307 2801 Aristo.
340 2747 416 2797 Libri
439 2762 494 2796 uon
513 2745 657 2807 addicunt,
684 2763 749 2812 quo-

208 2837 268 2870 rum
284 2817 429 2869 eorundem
443 2832 476 2866 ex
490 2817 657 2865 auctoritate
673 2832 749 2879 repo-

209 2891 252 2940 sui
269 2904 329 2939 eum
349 2892 463 2937 reeentt.
484 2885 545 2935 edd.
568 2875 679 2951 ἐκβάλοι
700 2900 749 2949 pro

209 2948 347 3022 ἐκβάλλοι,
360 2956 491 3021 probante
501 2953 691 3015 Valckenario,
702 2954 751 3018 qni

209 3028 281 3077 idem
299 3043 347 3091 pro
365 3016 450 3089 άνοίη
470 3023 581 3087 (stolide)
603 3022 752 3089 praeferret

209 3089 312 3159 άμνοίη
341 3094 389 3158 (ex
414 3092 525 3155 inscitia)
555 3091 596 3141 bis
620 3090 750 3142 adiectis:

211 3165 351 3227 „Aristoni
364 3164 466 3212 dietum
482 3162 666 3224 imprudenter
680 3162 752 3211 exei-

211 3236 289 3285 derat
300 3223 402 3298 άμιυιή
418 3230 460 3280 vel
471 3222 599 3294 άϊδρηΐη,
614 3233 751 3296 ignoranti,

211 3303 282 3369 quod
294 3302 336 3352 vel
350 3317 382 3349 ex
398 3301 517 3350 Homero
533 3299 638 3350 discere
649 3302 752 3365 potuis-

796 1983 907 2050 sehylns
920 1983 1015 2050 Agnus.
1034 1984 1099 2036 1672
1115 1982 1196 2049 [1653
1214 1978 1338 2045 Blonil.],

797 2060 828 2106 ut
847 2058 926 2104 notet
948 2054 1078 2104 l'nlelren.
1116 2052 1186 2103 Add.
1210 2052 1336 2117 Euripid.

795 2124 907 2175 Hercul.
927 2124 991 2174 Fur.
1009 2125 1058 2175 148
1077 2122 1139 2174 eoll.
1161 2120 1336 2187 Aristopbsu.

795 2196 866 2245 Rsn.
879 2194 929 2243 595
942 2193 998 2256 (ubi
1009 2192 1065 2243 vid.
1078 2190 1238 2255 Frilzseh.).
1255 2193 1337 2255 Vesp.

799 2264 874 2314 1289.
889 2290 923 2299 -
938 2262 972 2312 In
986 2264 1039 2313 line
1052 2264 1154 2327 eapitis
1166 2277 1261 2312 vocem
1274 2262 1340 2309 παῖ-

796 2332 848 2389 δας
862 2333 946 2383 deleri
958 2333 1019 2383 vult
1028 2334 1120 2384 Naber
1132 2334 1158 2380 in
1169 2333 1339 2396 Mnemosyn.

797 2404 844 2453 lv.
860 2419 886 2466 p.
901 2404 951 2465 25,
969 2419 1029 2453 eum
1042 2399 1145 2451 τίκτειν
1161 2400 1213 2451 bne
1230 2403 1339 2450 ratione

797 2472 922 2522 absolute
942 2480 1074 2537 ponetur,
1095 2475 1126 2522 ut
1146 2470 1207 2531 ΙΙΙ,
1227 2472 1271 2522 65.
1290 2471 1338 2532 VI,

800 2541 859 2593 139.
879 2542 998 2603 1x‚03;
1023 2556 1151 2593 assensus
1177 2546 1220 2590 est
1236 2539 1339 2591 Mehler

797 2612 863 2661 ibid.
882 2612 914 2660 V.
929 2627 955 2675 p.
968 2611 1011 2663 66.
1047 2611 1181 2677 Equidem
1202 2612 1261 2661 sine
1282 2609 1340 2658 ido-

797 2697 849 2733 nee
861 2696 945 2731 cauas
953 2681 1025 2733 lione
1037 2696 1130 2734 vocem
1145 2680 1244 2732 eiicere
1256 2678 1340 2729 uolui.

984 2855 1050 2907 Cro,
1070 2853 1154 2903 Lxx.

834 2945 935 3004 ἐπόδια
948 2953 1056 3022 λαβὼν]
1074 2956 1154 3007 Cous.
1171 2957 1225 3018 IV,
1240 2954 1292 3006 203
1314 2961 1341 3004 et

800 3025 834 3074 sd
851 3025 889 3089 τῷ
908 3018 979 3093 λύγῳ
1000 3028 1027 3078 iu
1053 3042 1129 3093 seqq.
1151 3026 1225 3078 eonf.
1246 3026 1284 3087 V,
1306 3026 1342 3075 26

800 3093 891 3174 ibique
905 3101 974 3145 nott.

833 3157 1078 3229 οποτοιιηθέντες]
1095 3164 1210 3214 Verbum
1221 3163 1340 3214 medium

800 3233 892 3280 activa
916 3234 1115 3297 significatione
1138 3234 1240 3284 Noster
1265 3233 1341 3282 adbi-

801 3299 860 3348 buit
871 3301 926 3363 lx,
941 3304 996 3354 116.
1023 3303 1092 3353 Add.
1106 3303 1245 3368 Aristoph.
1256 3302 1340 3352 Thes·

210 3377 268 3434 set,
282 3370 436 3435 Eurystheu
451 3369 580 3420 Sthenelo
597 3375 690 3420 natum
705 3387 751 3419 en·
801 3369 959 3434 mopiam,
970 3368 1341 3438 α618σ101.οιροτιαιι1ι“ιπο-

211 3433 405 3503 αειτῑεήλιτόμ
427 3431 581 3488 νονέύντα.
597 3441 752 3489 commatri
802 3440 895 3498 νοεῖν,
920 3430 1092 3490 ὑποπτεύειν
1121 3441 1271 3507 (suspectum
1296 3442 1341 3492 Ινι-

212 3505 227 3559 ὁ
254 3504 374 3574 ἕβδομος
394 3455 517 3573 είατήκει
541 3507 612 3567 μείς.
651 3512 752 3561 Posten
800 3508 881 3569 bere).
900 3509 1069 3560 Raullllils.
1081 3512 1141 3563 1158.
1169 3513 1201 3562 In
1212 3528 1288 3579 seqq.
1306 3511 1341 3561 nd

210 3580 307 3645 Agidi,
335 3579 413 3630 ouius
436 3594 519 3629 uxore
537 3579 650 3628 Timnes
669 3580 751 3644 poulo
801 3567 1013 3643 ἐπιδιαβάντες,
1042 3582 1119 3630 euius
1136 3581 1196 3632 loeo
1214 3583 1242 3631 iu
1260 3582 1343 3647 pluri·

212 3649 375 3700 familiarius
391 3647 548 3698 Alcibiades
564 3648 656 3699 fueret
674 3665 750 3711 usus,
801 3648 852 3697 bue
866 3652 957 3699 exstat
968 3640 1123 3713 ἐπιβάντες,
1137 3651 1270 3713 eouf.1V‚
1283 3652 1341 3701 12¹2.

212 3719 299 3771 simile
314 3717 379 3784 qnid
393 3717 449 3768 filio
461 3722 527 3767 uoto
539 3716 652 3771 dicenti.
666 3709 753 3768 ἄνοια
801 3718 865 3766 Mox
879 3733 939 3768 eum
954 3719 1104 3783 Sebweigh.
1118 3724 1146 3768 et
1156 3720 1244 3771 θεῖοί.
1258 3719 1345 3770 eFlo·

213 3790 304 3853 potius
316 3788 445 3852 imputari
460 3787 578 3865 Rotnitf‘
611 3789 683 3849 Quid
699 3804 750 3839 usn
801 3788 910 3837 rentino
928 3787 998 3838 libro
1018 3787 1129 3853 alioque
1141 3790 1269 3841 Parisino
1283 3788 1345 3840 dedi

212 3858 316 3907 distent
327 3847 412 3905 ἄνοια
425 3862 452 3905 et
463 3871 573 3919 αγνοια,
586 3856 679 3906 eodem
688 3858 753 3909 Vel·
802 3846 975 3918 άπαιρίοντο
995 3874 1044 3922 pro
1059 3857 1131 3922 vulg.
1146 3850 1343 3921 ἀπαιρέονται,

212 3926 290 3976 eken.
305 3927 482 3987 observante,
495 3942 509 3975 e
522 3927 635 3977 Luciau.
652 3927 693 3977 De
707 3942 753 3977 ss·
802 3927 874 3991 qnod
886 3928 972 3990 ipsum
983 3932 1145 3978 revocarunt
1154 3934 1270 3983 reeentt.
1283 3928 1344 3979 edd.

212 3995 309 4045 στίβου.
328 3996 356 4044 in
376 3995 420 4044 fin.
443 3997 511 4045 estis
534 4000 620 4059 patet.
662 3999 753 4062 Atque
803 3997 845 4045 De
857 3997 1018 4047 accusativo
1033 3997 1127 4047 addito
1141 3989 1229 4046 αύτὸν
1241 3998 1346 4050 efflo-

212 4065 391 4116 Vslekensrii
405 4066 621 4116 emendationem
637 4067 755 4132 arripuit
805 4080 869 4115 mer.
891 4066 932 4119 lli.
948 4067 975 4131 1,
995 4068 1041 4116 175
1060 4073 1088 4117 et
1106 4082 1177 4133 quse
1195 4066 1252 4116 slis
1266 4067 1344 4119 effert

213 4134 355 4196 senneser,
375 4150 453 4199 quein
465 4135 563 4187 Mutlb.
575 4142 685 4186 secutus
702 4142 755 4199 est,
803 4134 930 4185 Kuehner
944 4135 988 4187 (ir.
1000 4136 1046 4186 Gr.
1060 4140 1085 4200 ἕ.
1100 4136 1159 4194 661,
1172 4153 1199 4202 g.
1215 4163 1252 4173 -
1269 4135 1345 4203 fluet·

212 4205 331 4270 itemque
349 4208 464 4255 reeentt.
484 4206 545 4257 edd.
567 4205 628 4255 inde
648 4220 665 4253 a
682 4207 754 4256 Bok-
797 4199 889 4254 ’λεάἰτι
908 4221 982 4270 seqq.
1001 4206 1064 4256 dedi
1082 4223 1132 4271 pro
1145 4203 1282 4273 βασιλῆα,
1301 4222 1346 4256 ne·

212 4274 288 4324 kero.
318 4274 374 4324 Nos
387 4275 464 4324 codd.
481 4277 674 4325 auctoritatem
691 4291 752 4325 eum
803 4289 855 4339 que
873 4290 938 4327 vero
957 4277 1062 4328 mutavi
1081 4271 1237 4339 μεγαλωστὶ
1253 4278 1283 4327 in
1300 4290 1345 4340 με-

213 4342 366 4408 Schweigb.
377 4349 404 4394 et
414 4343 589 4408 (luisteeqni
599 4344 751 4395 maluimus.
802 4337 907 4408 yollwct
928 4343 983 4395 vid.
1003 4350 1073 4396 nott.
1092 4345 1128 4395 ad
1143 4348 1182 4401 V.
1196 4346 1240 4396 67·
1258 4373 1290 4384 -
1304 4345 1345 4396 Ad

213 4402 341 4479 ἐκβαλεῖν
351 4405 404 4477 ἔπη
418 4412 513 4462 eodem
526 4429 607 4464 seusu
621 4414 691 4464 dixit
700 4416 752 4465 Ae·
799 4405 1056 4479 ἀπολαμπρυνθείς
1070 4414 1106 4467 et.
1122 4416 1144 4483 1,
1158 4416 1206 4477 41,
1224 4417 1273 4466 nbi
1289 4416 1345 4468 vid.
