<?xml version="1.0" encoding="UTF-8"?>
<!DOCTYPE html PUBLIC "-//W3C//DTD XHTML 1.0 Transitional//EN"
    "http://www.w3.org/TR/xhtml1/DTD/xhtml1-transitional.dtd">
<html xmlns="http://www.w3.org/1999/xhtml" xml:lang="en" lang="en">
 <head>
  <title>
</title>
<meta http-equiv="Content-Type" content="text/html;charset=utf-8" />
  <meta name='ocr-system' content='tesseract 3.04.00' />
  <meta name='ocr-capabilities' content='ocr_page ocr_carea ocr_par ocr_line ocrx_word'/>
</head>
<body>
  <div class='ocr_page' id='page_1' title='image "./herodotihalicar03bhgoog_0377.png"; bbox 0 0 2970 5128; ppageno 0'>
   <div class='ocr_carea' id='block_1_1' title="bbox 207 413 914 481">
    <p class='ocr_par' dir='ltr' id='par_1_1' title="bbox 207 413 914 481">
     <span class='ocr_line' id='line_1_1' title="bbox 207 413 914 481; baseline -0.01 0"><span class='ocrx_word' id='word_1_1' title='bbox 207 417 269 481; x_wconf 79' lang='lat'><strong>358</strong></span> <span class='ocrx_word' id='word_1_2' title='bbox 645 413 914 475; x_wconf 79' lang='lat' dir='ltr'>HERODOTI</span> 
     </span>
    </p>
   </div>
   <div class='ocr_carea' id='block_1_2' title="bbox 207 586 1391 1198">
    <p class='ocr_par' dir='ltr' id='par_1_2' title="bbox 207 586 1391 1198">
     <span class='ocr_line' id='line_1_2' title="bbox 207 586 1345 680; baseline -0.003 -19"><span class='ocrx_word' id='word_1_3' title='bbox 207 588 431 680; x_wconf 81' lang='grc' dir='ltr'><em>καταγνόντες</em></span> <span class='ocrx_word' id='word_1_4' title='bbox 458 586 531 659; x_wconf 90' lang='grc' dir='ltr'><em>κατ’</em></span> <span class='ocrx_word' id='word_1_5' title='bbox 555 592 654 677; x_wconf 83' lang='grc' dir='ltr'><strong>έμεῦ;</strong></span> <span class='ocrx_word' id='word_1_6' title='bbox 682 586 748 676; x_wconf 76' lang='grc' dir='ltr'><strong>έγώ</strong></span> <span class='ocrx_word' id='word_1_7' title='bbox 778 586 842 676; x_wconf 71' lang='grc' dir='ltr'><strong>γὰρ</strong></span> <span class='ocrx_word' id='word_1_8' title='bbox 869 591 925 658; x_wconf 76' lang='grc' dir='ltr'><strong>καὶ</strong></span> <span class='ocrx_word' id='word_1_9' title='bbox 953 586 1053 669; x_wconf 74' lang='grc' dir='ltr'><em>αὐτὸς</em></span> <span class='ocrx_word' id='word_1_10' title='bbox 1071 590 1127 658; x_wconf 75' lang='grc' dir='ltr'><strong>ἐπὶ</strong></span> <span class='ocrx_word' id='word_1_11' title='bbox 1147 588 1286 658; x_wconf 81' lang='grc' dir='ltr'><em>τοσοῦτό</em></span> <span class='ocrx_word' id='word_1_12' title='bbox 1307 617 1345 676; x_wconf 87' lang='grc' dir='ltr'><strong>γε</strong></span> 
     </span>
     <span class='ocr_line' id='line_1_3' title="bbox 208 682 1390 795; baseline -0.002 -31"><span class='ocrx_word' id='word_1_13' title='bbox 208 698 360 784; x_wconf 89' lang='grc' dir='ltr'><em>φρονέω,</em></span> <span class='ocrx_word' id='word_1_14' title='bbox 379 701 440 763; x_wconf 85' lang='grc' dir='ltr'><strong>καί</strong></span> <span class='ocrx_word' id='word_1_15' title='bbox 457 721 514 782; x_wconf 86' lang='grc' dir='ltr'><em>μοι</em></span> <span class='ocrx_word' id='word_1_16' title='bbox 536 695 574 762; x_wconf 78' lang='grc' dir='ltr'><strong>ἐκ</strong></span> <span class='ocrx_word' id='word_1_17' title='bbox 592 695 748 780; x_wconf 77' lang='grc' dir='ltr'><em>βασιλέως</em></span> <span class='ocrx_word' id='word_1_18' title='bbox 769 682 836 762; x_wconf 76' lang='grc' dir='ltr'><em>ὦδε</em></span> <span class='ocrx_word' id='word_1_19' title='bbox 855 694 1067 762; x_wconf 75' lang='grc' dir='ltr'><em>ἐπέσταλται·</em></span> <span class='ocrx_word' id='word_1_20' title='bbox 1102 682 1179 782; x_wconf 77' lang='grc' dir='ltr'><strong>ένῇ</strong></span> <span class='ocrx_word' id='word_1_21' title='bbox 1202 694 1292 781; x_wconf 74' lang='grc' dir='ltr'><em>χώρη</em></span> <span class='ocrx_word' id='word_1_22' title='bbox 1313 700 1390 795; x_wconf 40' lang='grc' dir='ltr'><strong>οίη</strong></span> 
     </span>
     <span class='ocr_line' id='line_1_4' title="bbox 208 793 1344 885; baseline -0.004 -16"><span class='ocrx_word' id='word_1_23' title='bbox 208 799 271 869; x_wconf 78' lang='grc' dir='ltr'><strong>δύο</strong></span> <span class='ocrx_word' id='word_1_24' title='bbox 292 800 368 869; x_wconf 79' lang='grc' dir='ltr'><em>θεοὶ</em></span> <span class='ocrx_word' id='word_1_25' title='bbox 388 800 561 885; x_wconf 76' lang='grc' dir='ltr'><em>ἐγένοντο,</em></span> <span class='ocrx_word' id='word_1_26' title='bbox 582 795 709 884; x_wconf 79' lang='grc' dir='ltr'><em>ταύτην</em></span> <span class='ocrx_word' id='word_1_27' title='bbox 728 797 835 885; x_wconf 68' lang='grc' dir='ltr'><em>μηδὲν</em></span> <span class='ocrx_word' id='word_1_28' title='bbox 854 804 1028 881; x_wconf 79' lang='grc' dir='ltr'><em>σίνεσθαι,</em></span> <span class='ocrx_word' id='word_1_29' title='bbox 1056 795 1138 884; x_wconf 79' lang='grc' dir='ltr'><em>μήτε</em></span> <span class='ocrx_word' id='word_1_30' title='bbox 1158 793 1266 883; x_wconf 76' lang='grc' dir='ltr'><em>αὐτὴν</em></span> <span class='ocrx_word' id='word_1_31' title='bbox 1283 796 1344 885; x_wconf 74' lang='grc' dir='ltr'><strong>τὴν</strong></span> 
     </span>
     <span class='ocr_line' id='line_1_5' title="bbox 208 892 1344 993; baseline -0.003 -22"><span class='ocrx_word' id='word_1_32' title='bbox 208 902 322 992; x_wconf 74' lang='grc' dir='ltr'><em>χώρην</em></span> <span class='ocrx_word' id='word_1_33' title='bbox 341 902 424 993; x_wconf 78' lang='grc' dir='ltr'><em>μήτε</em></span> <span class='ocrx_word' id='word_1_34' title='bbox 444 899 522 982; x_wconf 83' lang='grc' dir='ltr'><strong>τούς</strong></span> <span class='ocrx_word' id='word_1_35' title='bbox 543 899 717 988; x_wconf 73' lang='grc' dir='ltr'><em>οἰκήτορας</em></span> <span class='ocrx_word' id='word_1_36' title='bbox 739 898 852 989; x_wconf 79' lang='grc' dir='ltr'><em>αὐτῆς.</em></span> <span class='ocrx_word' id='word_1_37' title='bbox 881 905 947 970; x_wconf 86' lang='grc' dir='ltr'><strong>νῦν</strong></span> <span class='ocrx_word' id='word_1_38' title='bbox 969 892 1019 970; x_wconf 73' lang='grc' dir='ltr'><strong>ὧν</strong></span> <span class='ocrx_word' id='word_1_39' title='bbox 1039 903 1095 968; x_wconf 75' lang='grc' dir='ltr'><strong>καὶ</strong></span> <span class='ocrx_word' id='word_1_40' title='bbox 1114 897 1211 969; x_wconf 80' lang='grc' dir='ltr'><em>ἄπιτε</em></span> <span class='ocrx_word' id='word_1_41' title='bbox 1231 902 1285 969; x_wconf 73' lang='grc' dir='ltr'><strong>ἐπὶ</strong></span> <span class='ocrx_word' id='word_1_42' title='bbox 1305 900 1344 969; x_wconf 80' lang='grc' dir='ltr'><strong>τὰ</strong></span> 
     </span>
     <span class='ocr_line' id='line_1_6' title="bbox 208 1002 1343 1099; baseline -0.002 -23"><span class='ocrx_word' id='word_1_43' title='bbox 208 1003 353 1095; x_wconf 82' lang='grc' dir='ltr'><em>ὑμέτερα</em></span> <span class='ocrx_word' id='word_1_44' title='bbox 367 1003 495 1091; x_wconf 81' lang='grc' dir='ltr'><em>αὐτῶν,</em></span> <span class='ocrx_word' id='word_1_45' title='bbox 509 1006 564 1073; x_wconf 78' lang='grc' dir='ltr'><strong>καὶ</strong></span> <span class='ocrx_word' id='word_1_46' title='bbox 578 1002 640 1092; x_wconf 76' lang='grc' dir='ltr'><strong>τὴν</strong></span> <span class='ocrx_word' id='word_1_47' title='bbox 654 1010 760 1099; x_wconf 79' lang='grc' dir='ltr'><em>νῆσον</em></span> <span class='ocrx_word' id='word_1_48' title='bbox 777 1006 933 1092; x_wconf 75' lang='grc' dir='ltr'><strong><em>νέμεσθε.</em></strong></span> <span class='ocrx_word' id='word_1_49' title='bbox 980 1010 1089 1073; x_wconf 84' lang='grc' dir='ltr'><em>Ταῦτα</em></span> <span class='ocrx_word' id='word_1_50' title='bbox 1103 1005 1166 1091; x_wconf 74' lang='grc' dir='ltr'><strong>μὲν</strong></span> <span class='ocrx_word' id='word_1_51' title='bbox 1180 1008 1343 1092; x_wconf 79' lang='grc' dir='ltr'><em>ἐπεκηρυ-</em></span> 
     </span>
     <span class='ocr_line' id='line_1_7' title="bbox 207 1106 1391 1198; baseline -0.003 -19"><span class='ocrx_word' id='word_1_52' title='bbox 207 1109 350 1180; x_wconf 83' lang='grc' dir='ltr'><em>κεύσατο</em></span> <span class='ocrx_word' id='word_1_53' title='bbox 362 1124 446 1180; x_wconf 73' lang='grc' dir='ltr'><em>τοῖσι</em></span> <span class='ocrx_word' id='word_1_54' title='bbox 461 1114 633 1197; x_wconf 80' lang='grc' dir='ltr'><em>Δηλίοισι·</em></span> <span class='ocrx_word' id='word_1_55' title='bbox 654 1106 736 1198; x_wconf 81' lang='grc' dir='ltr'><em>μετὰ</em></span> <span class='ocrx_word' id='word_1_56' title='bbox 751 1109 788 1178; x_wconf 72' lang='grc' dir='ltr'><strong>δέ</strong></span> <span class='ocrx_word' id='word_1_57' title='bbox 804 1114 994 1196; x_wconf 80' lang='grc' dir='ltr'><em>λιβανωτοῦ</em></span> <span class='ocrx_word' id='word_1_58' title='bbox 1006 1108 1180 1197; x_wconf 82' lang='grc' dir='ltr'><em>τριηκόσια</em></span> <span class='ocrx_word' id='word_1_59' title='bbox 1194 1108 1336 1177; x_wconf 80' lang='grc' dir='ltr'><em>τάλαντα</em></span> <span class='ocrx_word' id='word_1_60' title='bbox 1344 1117 1391 1168; x_wconf 77' lang='grc'><strong>483</strong></span> 
     </span>
    </p>
   </div>
   <div class='ocr_carea' id='block_1_3' title="bbox 208 1274 1403 3018">
    <p class='ocr_par' dir='ltr' id='par_1_3' title="bbox 208 1274 1403 3018">
     <span class='ocr_line' id='line_1_8' title="bbox 208 1274 1343 1344; baseline -0.002 -17"><span class='ocrx_word' id='word_1_61' title='bbox 208 1281 371 1328; x_wconf 81' lang='lat' dir='ltr'><strong>consecrata</strong></span> <span class='ocrx_word' id='word_1_62' title='bbox 387 1275 519 1344; x_wconf 77' lang='lat' dir='ltr'><strong>(Apollini</strong></span> <span class='ocrx_word' id='word_1_63' title='bbox 535 1280 619 1342; x_wconf 84' lang='lat' dir='ltr'><strong>atque</strong></span> <span class='ocrx_word' id='word_1_64' title='bbox 631 1274 751 1340; x_wconf 84' lang='lat' dir='ltr'><strong>Dianae)</strong></span> <span class='ocrx_word' id='word_1_65' title='bbox 804 1276 907 1328; x_wconf 84' lang='lat' dir='ltr'><strong>Eodem</strong></span> <span class='ocrx_word' id='word_1_66' title='bbox 935 1276 1015 1327; x_wconf 89' lang='lat' dir='ltr'><strong>modo</strong></span> <span class='ocrx_word' id='word_1_67' title='bbox 1037 1276 1144 1327; x_wconf 83' lang='lat' dir='ltr'><strong>loontns</strong></span> <span class='ocrx_word' id='word_1_68' title='bbox 1163 1275 1291 1327; x_wconf 78' lang='lat' dir='ltr'><strong>Aeschin.</strong></span> <span class='ocrx_word' id='word_1_69' title='bbox 1317 1277 1343 1325; x_wconf 91' lang='lat' dir='ltr'><strong>in</strong></span> 
     </span>
     <span class='ocr_line' id='line_1_9' title="bbox 208 1344 1345 1414; baseline -0.004 -15"><span class='ocrx_word' id='word_1_70' title='bbox 208 1346 407 1414; x_wconf 86' lang='lat' dir='ltr'><strong>esqneinsnlae</strong></span> <span class='ocrx_word' id='word_1_71' title='bbox 415 1348 551 1397; x_wconf 86' lang='lat' dir='ltr'><strong>sanctitas</strong></span> <span class='ocrx_word' id='word_1_72' title='bbox 559 1345 706 1396; x_wconf 82' lang='lat' dir='ltr'><strong>noneolnm</strong></span> <span class='ocrx_word' id='word_1_73' title='bbox 717 1346 752 1396; x_wconf 90' lang='lat' dir='ltr'><strong>ad</strong></span> <span class='ocrx_word' id='word_1_74' title='bbox 803 1347 917 1398; x_wconf 73' lang='lat' dir='ltr'><strong>Anioch.</strong></span> <span class='ocrx_word' id='word_1_75' title='bbox 936 1345 969 1411; x_wconf 66' lang='grc' dir='ltr'><strong>[ξ.</strong></span> <span class='ocrx_word' id='word_1_76' title='bbox 983 1345 1036 1411; x_wconf 68' lang='lat'><strong>12]</strong></span> <span class='ocrx_word' id='word_1_77' title='bbox 1051 1361 1114 1412; x_wconf 77' lang='lat' dir='ltr'><strong>pag.</strong></span> <span class='ocrx_word' id='word_1_78' title='bbox 1127 1346 1175 1396; x_wconf 83' lang='lat' dir='ltr'><strong>too</strong></span> <span class='ocrx_word' id='word_1_79' title='bbox 1189 1344 1345 1411; x_wconf 73' lang='lat' dir='ltr'><strong>[p.371s]‚</strong></span> 
     </span>
     <span class='ocr_line' id='line_1_10' title="bbox 209 1415 1346 1484; baseline -0.002 -16"><span class='ocrx_word' id='word_1_80' title='bbox 209 1420 427 1484; x_wconf 67' lang='lat' dir='ltr'><strong>institutorum,</strong></span> <span class='ocrx_word' id='word_1_81' title='bbox 446 1432 541 1468; x_wconf 80' lang='lat' dir='ltr'><strong>rerum</strong></span> <span class='ocrx_word' id='word_1_82' title='bbox 558 1418 639 1467; x_wconf 86' lang='lat' dir='ltr'><strong>etism</strong></span> <span class='ocrx_word' id='word_1_83' title='bbox 653 1416 687 1466; x_wconf 86' lang='lat' dir='ltr'><strong>ad</strong></span> <span class='ocrx_word' id='word_1_84' title='bbox 699 1422 752 1466; x_wconf 87' lang='lat' dir='ltr'><strong>ter·</strong></span> <span class='ocrx_word' id='word_1_85' title='bbox 803 1433 883 1482; x_wconf 85' lang='lat' dir='ltr'><strong>quem</strong></span> <span class='ocrx_word' id='word_1_86' title='bbox 902 1416 982 1466; x_wconf 79' lang='lat' dir='ltr'><strong>effert</strong></span> <span class='ocrx_word' id='word_1_87' title='bbox 1000 1415 1132 1467; x_wconf 80' lang='lat' dir='ltr'><strong>Valcken.</strong></span> <span class='ocrx_word' id='word_1_88' title='bbox 1156 1416 1247 1467; x_wconf 80' lang='lat' dir='ltr'><strong>citans</strong></span> <span class='ocrx_word' id='word_1_89' title='bbox 1270 1432 1346 1481; x_wconf 87' lang='lat' dir='ltr'><strong>prse-</strong></span> 
     </span>
     <span class='ocr_line' id='line_1_11' title="bbox 208 1479 1345 1553; baseline -0.004 -14"><span class='ocrx_word' id='word_1_90' title='bbox 208 1504 256 1539; x_wconf 88' lang='lat' dir='ltr'><strong>rae</strong></span> <span class='ocrx_word' id='word_1_91' title='bbox 270 1487 376 1539; x_wconf 83' lang='lat' dir='ltr'><strong>incolas</strong></span> <span class='ocrx_word' id='word_1_92' title='bbox 394 1487 554 1553; x_wconf 75' lang='lat' dir='ltr'>spectabat,</span> <span class='ocrx_word' id='word_1_93' title='bbox 569 1488 617 1551; x_wconf 89' lang='lat' dir='ltr'><strong>qni</strong></span> <span class='ocrx_word' id='word_1_94' title='bbox 633 1485 696 1536; x_wconf 89' lang='lat' dir='ltr'><strong>inde</strong></span> <span class='ocrx_word' id='word_1_95' title='bbox 714 1479 752 1535; x_wconf 82' lang='lat' dir='ltr'><strong>ie·</strong></span> <span class='ocrx_word' id='word_1_96' title='bbox 803 1493 878 1538; x_wconf 88' lang='lat' dir='ltr'><strong>terea</strong></span> <span class='ocrx_word' id='word_1_97' title='bbox 889 1487 960 1536; x_wconf 88' lang='lat' dir='ltr'><strong>bano</strong></span> <span class='ocrx_word' id='word_1_98' title='bbox 973 1487 1001 1536; x_wconf 92' lang='lat' dir='ltr'><strong>in</strong></span> <span class='ocrx_word' id='word_1_99' title='bbox 1014 1501 1069 1536; x_wconf 87' lang='lat' dir='ltr'><strong>rem</strong></span> <span class='ocrx_word' id='word_1_100' title='bbox 1084 1485 1230 1550; x_wconf 84' lang='lat' dir='ltr'><strong>Spsnbem.</strong></span> <span class='ocrx_word' id='word_1_101' title='bbox 1245 1487 1273 1535; x_wconf 91' lang='lat' dir='ltr'><strong>in</strong></span> <span class='ocrx_word' id='word_1_102' title='bbox 1283 1485 1345 1536; x_wconf 71' lang='lat' dir='ltr'><strong>(lal-</strong></span> 
     </span>
     <span class='ocr_line' id='line_1_12' title="bbox 209 1552 1345 1623; baseline -0.003 -16"><span class='ocrx_word' id='word_1_103' title='bbox 209 1552 255 1620; x_wconf 78' lang='lat' dir='ltr'><strong>ool</strong></span> <span class='ocrx_word' id='word_1_104' title='bbox 278 1558 449 1609; x_wconf 80' lang='lat' dir='ltr'><strong>vocabantur</strong></span> <span class='ocrx_word' id='word_1_105' title='bbox 471 1562 555 1621; x_wconf 83' lang='lat' dir='ltr'><strong>atque</strong></span> <span class='ocrx_word' id='word_1_106' title='bbox 579 1555 752 1607; x_wconf 72' lang='lat' dir='ltr'><strong>inviolabiles</strong></span> <span class='ocrx_word' id='word_1_107' title='bbox 801 1556 912 1608; x_wconf 87' lang='lat' dir='ltr'><strong>limeeb.</strong></span> <span class='ocrx_word' id='word_1_108' title='bbox 923 1558 959 1606; x_wconf 86' lang='grc' dir='ltr'><strong>Η.</strong></span> <span class='ocrx_word' id='word_1_109' title='bbox 974 1557 1002 1605; x_wconf 91' lang='lat' dir='ltr'><strong>in</strong></span> <span class='ocrx_word' id='word_1_110' title='bbox 1011 1555 1073 1606; x_wconf 90' lang='lat' dir='ltr'><strong>Del.</strong></span> <span class='ocrx_word' id='word_1_111' title='bbox 1086 1556 1148 1618; x_wconf 70' lang='lat'><strong>255,</strong></span> <span class='ocrx_word' id='word_1_112' title='bbox 1161 1559 1208 1621; x_wconf 90' lang='lat' dir='ltr'><strong>qni</strong></span> <span class='ocrx_word' id='word_1_113' title='bbox 1221 1556 1253 1605; x_wconf 89' lang='lat' dir='ltr'><strong>de</strong></span> <span class='ocrx_word' id='word_1_114' title='bbox 1264 1554 1345 1623; x_wconf 81' lang='lat' dir='ltr'><strong>Apol-</strong></span> 
     </span>
     <span class='ocr_line' id='line_1_13' title="bbox 208 1621 1344 1690; baseline -0.003 -12"><span class='ocrx_word' id='word_1_115' title='bbox 208 1628 389 1678; x_wconf 78' lang='lat' dir='ltr'><strong>babebaninr.</strong></span> <span class='ocrx_word' id='word_1_116' title='bbox 415 1628 537 1677; x_wconf 77' lang='lat' dir='ltr'><strong>Pertinet</strong></span> <span class='ocrx_word' id='word_1_117' title='bbox 549 1626 601 1677; x_wconf 84' lang='lat' dir='ltr'><strong>huo</strong></span> <span class='ocrx_word' id='word_1_118' title='bbox 614 1626 752 1690; x_wconf 80' lang='lat' dir='ltr'><strong>Thucydi·</strong></span> <span class='ocrx_word' id='word_1_119' title='bbox 801 1626 856 1678; x_wconf 89' lang='lat' dir='ltr'><strong>line</strong></span> <span class='ocrx_word' id='word_1_120' title='bbox 872 1621 900 1677; x_wconf 80' lang='lat' dir='ltr'><strong>et</strong></span> <span class='ocrx_word' id='word_1_121' title='bbox 915 1627 1007 1676; x_wconf 86' lang='lat' dir='ltr'><strong>Diana</strong></span> <span class='ocrx_word' id='word_1_122' title='bbox 1023 1627 1051 1675; x_wconf 88' lang='lat' dir='ltr'><strong>in</strong></span> <span class='ocrx_word' id='word_1_123' title='bbox 1065 1625 1148 1689; x_wconf 88' lang='lat' dir='ltr'><strong>Delo,</strong></span> <span class='ocrx_word' id='word_1_124' title='bbox 1167 1632 1199 1675; x_wconf 88' lang='lat' dir='ltr'><strong>nt</strong></span> <span class='ocrx_word' id='word_1_125' title='bbox 1211 1626 1284 1675; x_wconf 85' lang='lat' dir='ltr'><strong>lama</strong></span> <span class='ocrx_word' id='word_1_126' title='bbox 1305 1626 1344 1676; x_wconf 84' lang='lat' dir='ltr'><strong>se·</strong></span> 
     </span>
     <span class='ocr_line' id='line_1_14' title="bbox 209 1695 1345 1761; baseline -0.004 -13"><span class='ocrx_word' id='word_1_127' title='bbox 209 1699 252 1749; x_wconf 90' lang='lat' dir='ltr'><strong>dis</strong></span> <span class='ocrx_word' id='word_1_128' title='bbox 266 1697 343 1747; x_wconf 86' lang='lat' dir='ltr'><strong>leons</strong></span> <span class='ocrx_word' id='word_1_129' title='bbox 354 1697 406 1761; x_wconf 91' lang='lat'>111,</span> <span class='ocrx_word' id='word_1_130' title='bbox 420 1697 689 1761; x_wconf 61' lang='lat' dir='ltr'><strong>testimoniam,</strong></span> <span class='ocrx_word' id='word_1_131' title='bbox 705 1696 751 1760; x_wconf 90' lang='lat' dir='ltr'><strong>qni</strong></span> <span class='ocrx_word' id='word_1_132' title='bbox 802 1698 895 1759; x_wconf 84' lang='lat' dir='ltr'><strong>rebat,</strong></span> <span class='ocrx_word' id='word_1_133' title='bbox 913 1697 940 1745; x_wconf 89' lang='lat' dir='ltr'><strong>in</strong></span> <span class='ocrx_word' id='word_1_134' title='bbox 952 1695 1038 1745; x_wconf 82' lang='lat' dir='ltr'><strong>lucem</strong></span> <span class='ocrx_word' id='word_1_135' title='bbox 1059 1695 1141 1746; x_wconf 87' lang='lat' dir='ltr'><strong>editis</strong></span> <span class='ocrx_word' id='word_1_136' title='bbox 1153 1695 1275 1761; x_wconf 84' lang='lat' dir='ltr'><strong>pluribus</strong></span> <span class='ocrx_word' id='word_1_137' title='bbox 1292 1695 1345 1745; x_wconf 88' lang='lat' dir='ltr'><strong>dis·</strong></span> 
     </span>
     <span class='ocr_line' id='line_1_15' title="bbox 209 1759 1345 1833; baseline -0.001 -16"><span class='ocrx_word' id='word_1_138' title='bbox 209 1774 301 1818; x_wconf 80' lang='lat' dir='ltr'><strong>exstat</strong></span> <span class='ocrx_word' id='word_1_139' title='bbox 314 1768 345 1829; x_wconf 88' lang='lat' dir='ltr'><strong>V,</strong></span> <span class='ocrx_word' id='word_1_140' title='bbox 363 1768 392 1829; x_wconf 91' lang='lat' dir='ltr'><strong>l,</strong></span> <span class='ocrx_word' id='word_1_141' title='bbox 410 1767 457 1816; x_wconf 89' lang='lat' dir='ltr'><strong>nbi</strong></span> <span class='ocrx_word' id='word_1_142' title='bbox 466 1759 612 1830; x_wconf 76' lang='grc' dir='ltr'><em>Ἀθηναῖοι</em></span> <span class='ocrx_word' id='word_1_143' title='bbox 627 1762 753 1828; x_wconf 72' lang='grc' dir='ltr'><em>Δηλίους</em></span> <span class='ocrx_word' id='word_1_144' title='bbox 802 1768 926 1833; x_wconf 59' lang='lat' dir='ltr'><strong>putarim</strong></span> <span class='ocrx_word' id='word_1_145' title='bbox 946 1765 1018 1815; x_wconf 89' lang='lat' dir='ltr'><strong>unde</strong></span> <span class='ocrx_word' id='word_1_146' title='bbox 1030 1765 1135 1817; x_wconf 85' lang='lat' dir='ltr'><strong>insulae</strong></span> <span class='ocrx_word' id='word_1_147' title='bbox 1148 1766 1295 1827; x_wconf 82' lang='lat' dir='ltr'><strong>sanctitas,</strong></span> <span class='ocrx_word' id='word_1_148' title='bbox 1312 1766 1345 1816; x_wconf 89' lang='lat' dir='ltr'><strong>de</strong></span> 
     </span>
     <span class='ocr_line' id='line_1_16' title="bbox 209 1826 1344 1902; baseline 0.001 -17"><span class='ocrx_word' id='word_1_149' title='bbox 209 1828 368 1902; x_wconf 79' lang='grc' dir='ltr'><em>ἀνέστησαν</em></span> <span class='ocrx_word' id='word_1_150' title='bbox 390 1827 421 1885; x_wconf 78' lang='lat' dir='ltr'><strong>la</strong></span> <span class='ocrx_word' id='word_1_151' title='bbox 444 1828 556 1900; x_wconf 74' lang='grc' dir='ltr'><strong>Δήλου,</strong></span> <span class='ocrx_word' id='word_1_152' title='bbox 578 1826 753 1899; x_wconf 74' lang='grc' dir='ltr'><em>ἡγησάμενοι</em></span> <span class='ocrx_word' id='word_1_153' title='bbox 803 1834 949 1902; x_wconf 87' lang='lat' dir='ltr'><strong>quepanlo</strong></span> <span class='ocrx_word' id='word_1_154' title='bbox 966 1840 1048 1884; x_wconf 79' lang='lat' dir='ltr'><strong>antes</strong></span> <span class='ocrx_word' id='word_1_155' title='bbox 1061 1837 1224 1886; x_wconf 87' lang='lat' dir='ltr'><strong>monuimus.</strong></span> <span class='ocrx_word' id='word_1_156' title='bbox 1246 1836 1288 1885; x_wconf 78' lang='lat' dir='ltr'><strong>Ad</strong></span> <span class='ocrx_word' id='word_1_157' title='bbox 1303 1852 1344 1895; x_wconf 81' lang='lat' dir='ltr'><strong>ea,</strong></span> 
     </span>
     <span class='ocr_line' id='line_1_17' title="bbox 209 1899 1403 1972; baseline 0.002 -18"><span class='ocrx_word' id='word_1_158' title='bbox 209 1902 280 1955; x_wconf 80' lang='grc' dir='ltr'><em>κατὰ</em></span> <span class='ocrx_word' id='word_1_159' title='bbox 296 1900 422 1955; x_wconf 76' lang='grc' dir='ltr'><em>παλαιάν</em></span> <span class='ocrx_word' id='word_1_160' title='bbox 439 1920 505 1954; x_wconf 91' lang='grc' dir='ltr'><em>τινα</em></span> <span class='ocrx_word' id='word_1_161' title='bbox 523 1899 618 1954; x_wconf 76' lang='grc' dir='ltr'><em>αἰτίαν</em></span> <span class='ocrx_word' id='word_1_162' title='bbox 638 1904 683 1968; x_wconf 86' lang='lat' dir='ltr'><strong>(de</strong></span> <span class='ocrx_word' id='word_1_163' title='bbox 698 1920 753 1970; x_wconf 81' lang='lat' dir='ltr'><strong>qus</strong></span> <span class='ocrx_word' id='word_1_164' title='bbox 804 1922 874 1972; x_wconf 87' lang='lat' dir='ltr'><strong>quae</strong></span> <span class='ocrx_word' id='word_1_165' title='bbox 890 1905 923 1956; x_wconf 89' lang='lat' dir='ltr'><strong>de</strong></span> <span class='ocrx_word' id='word_1_166' title='bbox 936 1905 1030 1955; x_wconf 86' lang='lat' dir='ltr'><strong>Persis</strong></span> <span class='ocrx_word' id='word_1_167' title='bbox 1042 1904 1069 1954; x_wconf 91' lang='lat' dir='ltr'><strong>b.</strong></span> <span class='ocrx_word' id='word_1_168' title='bbox 1085 1904 1104 1955; x_wconf 87' lang='lat' dir='ltr'><strong>l.</strong></span> <span class='ocrx_word' id='word_1_169' title='bbox 1118 1910 1213 1955; x_wconf 78' lang='lat' dir='ltr'><strong>narrat</strong></span> <span class='ocrx_word' id='word_1_170' title='bbox 1222 1906 1344 1956; x_wconf 86' lang='lat' dir='ltr'><strong>Herodo-</strong></span> <span class='ocrx_word' id='word_1_171' title='bbox 1393 1924 1403 1937; x_wconf 70' lang='lat'>=</span> 
     </span>
     <span class='ocr_line' id='line_1_18' title="bbox 209 1966 1344 2040; baseline 0.001 -16"><span class='ocrx_word' id='word_1_172' title='bbox 209 1975 267 2025; x_wconf 78' lang='lat' dir='ltr'><strong>vid.</strong></span> <span class='ocrx_word' id='word_1_173' title='bbox 281 1976 381 2026; x_wconf 84' lang='lat' dir='ltr'><strong>ibidem</strong></span> <span class='ocrx_word' id='word_1_174' title='bbox 397 1974 453 2036; x_wconf 88' lang='grc' dir='ltr'><strong>ΙΙΙ,</strong></span> <span class='ocrx_word' id='word_1_175' title='bbox 471 1974 530 2039; x_wconf 77' lang='grc'>104)</span> <span class='ocrx_word' id='word_1_176' title='bbox 553 1966 588 2024; x_wconf 78' lang='grc' dir='ltr'><strong>οὐ</strong></span> <span class='ocrx_word' id='word_1_177' title='bbox 603 1967 753 2036; x_wconf 77' lang='grc' dir='ltr'><em>καθαροὺς</em></span> <span class='ocrx_word' id='word_1_178' title='bbox 801 1982 862 2039; x_wconf 76' lang='lat' dir='ltr'><strong>ins,</strong></span> <span class='ocrx_word' id='word_1_179' title='bbox 877 1976 984 2025; x_wconf 82' lang='lat' dir='ltr'><strong>iaciunt</strong></span> <span class='ocrx_word' id='word_1_180' title='bbox 998 1990 1107 2040; x_wconf 89' lang='lat' dir='ltr'><strong>qnoque</strong></span> <span class='ocrx_word' id='word_1_181' title='bbox 1121 1976 1279 2025; x_wconf 86' lang='lat' dir='ltr'><strong>testimonis</strong></span> <span class='ocrx_word' id='word_1_182' title='bbox 1290 1977 1344 2025; x_wconf 83' lang='lat' dir='ltr'><strong>Va·</strong></span> 
     </span>
     <span class='ocr_line' id='line_1_19' title="bbox 209 2036 1344 2108; baseline 0.001 -14"><span class='ocrx_word' id='word_1_183' title='bbox 209 2036 295 2102; x_wconf 85' lang='grc' dir='ltr'><em>ὅντας</em></span> <span class='ocrx_word' id='word_1_184' title='bbox 310 2038 487 2105; x_wconf 67' lang='grc' dir='ltr'><em>ιἐριὸσθαι</em></span> <span class='ocrx_word' id='word_1_185' title='bbox 509 2044 544 2108; x_wconf 91' lang='grc' dir='ltr'><strong>(ἰ.</strong></span> <span class='ocrx_word' id='word_1_186' title='bbox 562 2062 586 2094; x_wconf 86' lang='lat' dir='ltr'><strong>e.</strong></span> <span class='ocrx_word' id='word_1_187' title='bbox 606 2045 653 2094; x_wconf 87' lang='lat' dir='ltr'><strong>deo</strong></span> <span class='ocrx_word' id='word_1_188' title='bbox 665 2060 753 2093; x_wconf 81' lang='lat' dir='ltr'><strong>conse·</strong></span> <span class='ocrx_word' id='word_1_189' title='bbox 804 2047 852 2097; x_wconf 88' lang='lat' dir='ltr'><strong>ler.</strong></span> <span class='ocrx_word' id='word_1_190' title='bbox 869 2046 984 2095; x_wconf 82' lang='lat' dir='ltr'><strong>Maximi</strong></span> <span class='ocrx_word' id='word_1_191' title='bbox 996 2045 1019 2108; x_wconf 91' lang='grc' dir='ltr'><strong>Ι,</strong></span> <span class='ocrx_word' id='word_1_192' title='bbox 1037 2045 1049 2095; x_wconf 96' lang='lat' dir='ltr'><strong>l</strong></span> <span class='ocrx_word' id='word_1_193' title='bbox 1065 2051 1120 2095; x_wconf 83' lang='lat' dir='ltr'><strong>ext.</strong></span> <span class='ocrx_word' id='word_1_194' title='bbox 1132 2045 1158 2098; x_wconf 81' lang='grc'><strong>6.</strong></span> <span class='ocrx_word' id='word_1_195' title='bbox 1176 2046 1296 2096; x_wconf 82' lang='lat' dir='ltr'><strong>Pansan.</strong></span> <span class='ocrx_word' id='word_1_196' title='bbox 1310 2046 1344 2105; x_wconf 88' lang='lat' dir='ltr'><strong>X,</strong></span> 
     </span>
     <span class='ocr_line' id='line_1_20' title="bbox 209 2114 1342 2178; baseline 0 -14"><span class='ocrx_word' id='word_1_197' title='bbox 209 2123 295 2165; x_wconf 75' lang='lat' dir='ltr'><strong>orator</strong></span> <span class='ocrx_word' id='word_1_198' title='bbox 310 2114 400 2177; x_wconf 81' lang='lat' dir='ltr'><strong>erse);</strong></span> <span class='ocrx_word' id='word_1_199' title='bbox 426 2115 520 2164; x_wconf 84' lang='lat' dir='ltr'><strong>eodem</strong></span> <span class='ocrx_word' id='word_1_200' title='bbox 537 2119 666 2178; x_wconf 78' lang='lat' dir='ltr'><strong>spectant</strong></span> <span class='ocrx_word' id='word_1_201' title='bbox 682 2114 755 2163; x_wconf 82' lang='lat' dir='ltr'><strong>Pau·</strong></span> <span class='ocrx_word' id='word_1_202' title='bbox 804 2116 847 2167; x_wconf 77' lang='lat'><strong>28.</strong></span> <span class='ocrx_word' id='word_1_203' title='bbox 862 2119 888 2177; x_wconf 69' lang='lat'><strong>§-</strong></span> <span class='ocrx_word' id='word_1_204' title='bbox 902 2114 927 2164; x_wconf 83' lang='grc'><strong>3.</strong></span> <span class='ocrx_word' id='word_1_205' title='bbox 949 2115 1037 2165; x_wconf 80' lang='lat' dir='ltr'><strong>Cicer.</strong></span> <span class='ocrx_word' id='word_1_206' title='bbox 1060 2116 1088 2164; x_wconf 90' lang='lat' dir='ltr'><strong>in</strong></span> <span class='ocrx_word' id='word_1_207' title='bbox 1100 2116 1177 2165; x_wconf 87' lang='lat' dir='ltr'><strong>Verr.</strong></span> <span class='ocrx_word' id='word_1_208' title='bbox 1192 2115 1236 2177; x_wconf 92' lang='grc' dir='ltr'><strong>ΙΙ,</strong></span> <span class='ocrx_word' id='word_1_209' title='bbox 1254 2117 1283 2175; x_wconf 89' lang='grc' dir='ltr'><strong>Ι,</strong></span> <span class='ocrx_word' id='word_1_210' title='bbox 1300 2116 1342 2164; x_wconf 72' lang='lat' dir='ltr'><strong>lb,</strong></span> 
     </span>
     <span class='ocr_line' id='line_1_21' title="bbox 209 2174 1344 2249; baseline -0.003 -14"><span class='ocrx_word' id='word_1_211' title='bbox 209 2186 303 2235; x_wconf 86' lang='lat' dir='ltr'><strong>saniae</strong></span> <span class='ocrx_word' id='word_1_212' title='bbox 325 2185 408 2234; x_wconf 86' lang='lat' dir='ltr'><strong>verba</strong></span> <span class='ocrx_word' id='word_1_213' title='bbox 428 2184 470 2234; x_wconf 87' lang='lat'><strong>111</strong></span> <span class='ocrx_word' id='word_1_214' title='bbox 479 2221 486 2245; x_wconf 84' lang='lat'>‚</span> <span class='ocrx_word' id='word_1_215' title='bbox 504 2182 552 2241; x_wconf 76' lang='lat'><strong>23,</strong></span> <span class='ocrx_word' id='word_1_216' title='bbox 569 2186 601 2232; x_wconf 74' lang='lat'><strong>⁸2:</strong></span> <span class='ocrx_word' id='word_1_217' title='bbox 627 2185 678 2243; x_wconf 81' lang='grc' dir='ltr'><strong>τῆς</strong></span> <span class='ocrx_word' id='word_1_218' title='bbox 697 2174 752 2245; x_wconf 77' lang='grc' dir='ltr'><strong>γὰρ</strong></span> <span class='ocrx_word' id='word_1_219' title='bbox 805 2187 845 2235; x_wconf 70' lang='lat' dir='ltr'><strong>lix</strong></span> <span class='ocrx_word' id='word_1_220' title='bbox 862 2185 1016 2235; x_wconf 84' lang='lat' dir='ltr'><strong>boosutem</strong></span> <span class='ocrx_word' id='word_1_221' title='bbox 1030 2184 1164 2235; x_wconf 76' lang='lat' dir='ltr'><strong>Herodoti</strong></span> <span class='ocrx_word' id='word_1_222' title='bbox 1180 2184 1241 2236; x_wconf 88' lang='lat' dir='ltr'><strong>loeo</strong></span> <span class='ocrx_word' id='word_1_223' title='bbox 1262 2185 1344 2249; x_wconf 81' lang='lat' dir='ltr'><strong>siqui</strong></span> 
     </span>
     <span class='ocr_line' id='line_1_22' title="bbox 209 2243 1343 2320; baseline 0.002 -18"><span class='ocrx_word' id='word_1_224' title='bbox 209 2246 304 2318; x_wconf 75' lang='grc' dir='ltr'><em>Δήλου</em></span> <span class='ocrx_word' id='word_1_225' title='bbox 327 2243 391 2301; x_wconf 86' lang='grc' dir='ltr'><em>τότε</em></span> <span class='ocrx_word' id='word_1_226' title='bbox 412 2245 552 2315; x_wconf 77' lang='grc' dir='ltr'><em>έμπσριόν</em></span> <span class='ocrx_word' id='word_1_227' title='bbox 574 2253 635 2310; x_wconf 82' lang='grc' dir='ltr'><em>τοῖς</em></span> <span class='ocrx_word' id='word_1_228' title='bbox 656 2245 753 2316; x_wconf 71' lang='grc' dir='ltr'><em>Ἕλλη·</em></span> <span class='ocrx_word' id='word_1_229' title='bbox 804 2254 920 2320; x_wconf 80' lang='lat' dir='ltr'><strong>intelligi</strong></span> <span class='ocrx_word' id='word_1_230' title='bbox 939 2270 1020 2318; x_wconf 89' lang='lat' dir='ltr'><strong>posse</strong></span> <span class='ocrx_word' id='word_1_231' title='bbox 1033 2260 1149 2318; x_wconf 83' lang='lat' dir='ltr'><strong>putant,</strong></span> <span class='ocrx_word' id='word_1_232' title='bbox 1167 2256 1215 2319; x_wconf 90' lang='lat' dir='ltr'><strong>qni</strong></span> <span class='ocrx_word' id='word_1_233' title='bbox 1228 2254 1292 2304; x_wconf 91' lang='lat' dir='ltr'><strong>olirn</strong></span> <span class='ocrx_word' id='word_1_234' title='bbox 1305 2256 1343 2304; x_wconf 89' lang='lat' dir='ltr'><strong>in-</strong></span> 
     </span>
     <span class='ocr_line' id='line_1_23' title="bbox 210 2311 1344 2399; baseline 0.001 -26"><span class='ocrx_word' id='word_1_235' title='bbox 210 2337 256 2373; x_wconf 85' lang='grc' dir='ltr'><em>σιν</em></span> <span class='ocrx_word' id='word_1_236' title='bbox 276 2312 429 2384; x_wconf 69' lang='lat' dir='ltr'><strong>etiamsed</strong></span> <span class='ocrx_word' id='word_1_237' title='bbox 446 2311 753 2399; x_wconf 51' lang='grc' dir='ltr'><em>ἅδειαντοῖςΙέργαζο-</em></span> <span class='ocrx_word' id='word_1_238' title='bbox 804 2336 846 2375; x_wconf 83' lang='lat' dir='ltr'><strong>ter</strong></span> <span class='ocrx_word' id='word_1_239' title='bbox 880 2325 1074 2389; x_wconf 71' lang='lat' dir='ltr'><strong>antiquissima</strong></span> <span class='ocrx_word' id='word_1_240' title='bbox 1103 2325 1236 2385; x_wconf 75' lang='lat' dir='ltr'><strong>Graeciae</strong></span> <span class='ocrx_word' id='word_1_241' title='bbox 1264 2330 1344 2389; x_wconf 83' lang='lat' dir='ltr'><strong>atque</strong></span> 
     </span>
     <span class='ocr_line' id='line_1_24' title="bbox 209 2384 1344 2457; baseline 0.002 -16"><span class='ocrx_word' id='word_1_242' title='bbox 209 2388 306 2457; x_wconf 79' lang='grc' dir='ltr'><em>μένοις</em></span> <span class='ocrx_word' id='word_1_243' title='bbox 324 2384 373 2441; x_wconf 77' lang='grc' dir='ltr'><em>διὰ</em></span> <span class='ocrx_word' id='word_1_244' title='bbox 390 2387 441 2443; x_wconf 85' lang='grc' dir='ltr'><strong>τὸν</strong></span> <span class='ocrx_word' id='word_1_245' title='bbox 459 2384 530 2440; x_wconf 77' lang='grc' dir='ltr'><em>θεὸν</em></span> <span class='ocrx_word' id='word_1_246' title='bbox 545 2388 687 2455; x_wconf 80' lang='grc' dir='ltr'><em>δοκοοσης</em></span> <span class='ocrx_word' id='word_1_247' title='bbox 700 2406 753 2439; x_wconf 86' lang='grc' dir='ltr'><em>τια-</em></span> <span class='ocrx_word' id='word_1_248' title='bbox 803 2395 886 2444; x_wconf 78' lang='lat' dir='ltr'><strong>Asiae</strong></span> <span class='ocrx_word' id='word_1_249' title='bbox 900 2395 1038 2444; x_wconf 83' lang='lat' dir='ltr'><strong>interioris</strong></span> <span class='ocrx_word' id='word_1_250' title='bbox 1054 2400 1082 2444; x_wconf 87' lang='lat' dir='ltr'><strong>et</strong></span> <span class='ocrx_word' id='word_1_251' title='bbox 1093 2396 1241 2456; x_wconf 83' lang='lat' dir='ltr'><strong>superioris</strong></span> <span class='ocrx_word' id='word_1_252' title='bbox 1259 2395 1344 2444; x_wconf 88' lang='lat' dir='ltr'><strong>numi·</strong></span> 
     </span>
     <span class='ocr_line' id='line_1_25' title="bbox 210 2458 1342 2531; baseline 0.001 -19"><span class='ocrx_word' id='word_1_253' title='bbox 210 2458 343 2526; x_wconf 82' lang='grc' dir='ltr'><em>ρέχεινκ,</em></span> <span class='ocrx_word' id='word_1_254' title='bbox 364 2477 387 2510; x_wconf 90' lang='grc' dir='ltr'><strong>τ.</strong></span> <span class='ocrx_word' id='word_1_255' title='bbox 406 2463 430 2515; x_wconf 79' lang='lat' dir='ltr'><strong>i.</strong></span> <span class='ocrx_word' id='word_1_256' title='bbox 461 2462 541 2512; x_wconf 83' lang='lat' dir='ltr'><strong>Conl.</strong></span> <span class='ocrx_word' id='word_1_257' title='bbox 561 2463 643 2512; x_wconf 85' lang='lat' dir='ltr'><strong>etiam</strong></span> <span class='ocrx_word' id='word_1_258' title='bbox 657 2463 753 2513; x_wconf 84' lang='lat' dir='ltr'><strong>Livius</strong></span> <span class='ocrx_word' id='word_1_259' title='bbox 803 2463 1342 2531; x_wconf 77' lang='lat' dir='ltr'><strong>nafneriteonnexue,siqnidemdpol·</strong></span> 
     </span>
     <span class='ocr_line' id='line_1_26' title="bbox 209 2531 1342 2601; baseline -0.002 -17"><span class='ocrx_word' id='word_1_260' title='bbox 209 2534 313 2595; x_wconf 83' lang='lat' dir='ltr'>XLIV,</span> <span class='ocrx_word' id='word_1_261' title='bbox 327 2532 362 2583; x_wconf 75' lang='grc'><strong>29</strong></span> <span class='ocrx_word' id='word_1_262' title='bbox 383 2537 411 2582; x_wconf 80' lang='lat' dir='ltr'><strong>et</strong></span> <span class='ocrx_word' id='word_1_263' title='bbox 427 2548 497 2597; x_wconf 89' lang='lat' dir='ltr'><strong>quse</strong></span> <span class='ocrx_word' id='word_1_264' title='bbox 510 2531 565 2581; x_wconf 87' lang='lat' dir='ltr'><strong>alia</strong></span> <span class='ocrx_word' id='word_1_265' title='bbox 579 2538 699 2583; x_wconf 80' lang='lat' dir='ltr'><strong>veterum</strong></span> <span class='ocrx_word' id='word_1_266' title='bbox 715 2537 753 2582; x_wconf 88' lang='lat' dir='ltr'><strong>te·</strong></span> <span class='ocrx_word' id='word_1_267' title='bbox 803 2533 866 2584; x_wconf 90' lang='lat' dir='ltr'><strong>linis</strong></span> <span class='ocrx_word' id='word_1_268' title='bbox 880 2550 912 2584; x_wconf 89' lang='lat' dir='ltr'><strong>ae</strong></span> <span class='ocrx_word' id='word_1_269' title='bbox 929 2534 1036 2584; x_wconf 88' lang='lat' dir='ltr'><strong>Dianae</strong></span> <span class='ocrx_word' id='word_1_270' title='bbox 1048 2532 1128 2599; x_wconf 83' lang='lat' dir='ltr'><strong>(Solis</strong></span> <span class='ocrx_word' id='word_1_271' title='bbox 1140 2549 1174 2584; x_wconf 80' lang='lat' dir='ltr'><strong>ae</strong></span> <span class='ocrx_word' id='word_1_272' title='bbox 1191 2536 1291 2601; x_wconf 85' lang='lat' dir='ltr'><strong>Lnaee)</strong></span> <span class='ocrx_word' id='word_1_273' title='bbox 1306 2533 1342 2593; x_wconf 80' lang='lat' dir='ltr'><strong>lo-</strong></span> 
     </span>
     <span class='ocr_line' id='line_1_27' title="bbox 210 2601 1342 2668; baseline 0.001 -16"><span class='ocrx_word' id='word_1_274' title='bbox 210 2603 339 2653; x_wconf 90' lang='lat' dir='ltr'><strong>stimonia</strong></span> <span class='ocrx_word' id='word_1_275' title='bbox 359 2602 392 2653; x_wconf 91' lang='lat' dir='ltr'><strong>de</strong></span> <span class='ocrx_word' id='word_1_276' title='bbox 406 2601 468 2653; x_wconf 87' lang='lat' dir='ltr'><strong>Deli</strong></span> <span class='ocrx_word' id='word_1_277' title='bbox 488 2604 638 2652; x_wconf 82' lang='lat' dir='ltr'><strong>sanctitate</strong></span> <span class='ocrx_word' id='word_1_278' title='bbox 656 2601 753 2652; x_wconf 82' lang='lat' dir='ltr'><strong>attulit</strong></span> <span class='ocrx_word' id='word_1_279' title='bbox 804 2620 837 2654; x_wconf 86' lang='lat' dir='ltr'><strong>oa</strong></span> <span class='ocrx_word' id='word_1_280' title='bbox 862 2604 983 2663; x_wconf 82' lang='lat' dir='ltr'><strong>natalia,</strong></span> <span class='ocrx_word' id='word_1_281' title='bbox 1004 2619 1073 2668; x_wconf 86' lang='lat' dir='ltr'><strong>qnae</strong></span> <span class='ocrx_word' id='word_1_282' title='bbox 1096 2604 1271 2665; x_wconf 80' lang='lat' dir='ltr'><strong>ferebantur,</strong></span> <span class='ocrx_word' id='word_1_283' title='bbox 1293 2605 1342 2654; x_wconf 86' lang='lat' dir='ltr'><strong>hoe</strong></span> 
     </span>
     <span class='ocr_line' id='line_1_28' title="bbox 210 2670 1343 2738; baseline -0.001 -15"><span class='ocrx_word' id='word_1_284' title='bbox 210 2671 355 2734; x_wconf 79' lang='lat' dir='ltr'><strong>Soenhem.</strong></span> <span class='ocrx_word' id='word_1_285' title='bbox 375 2672 410 2722; x_wconf 87' lang='lat' dir='ltr'><strong>ad</strong></span> <span class='ocrx_word' id='word_1_286' title='bbox 424 2670 583 2722; x_wconf 84' lang='lat' dir='ltr'><strong>Callimaeb.</strong></span> <span class='ocrx_word' id='word_1_287' title='bbox 597 2673 633 2722; x_wconf 88' lang='lat' dir='ltr'><strong>H.</strong></span> <span class='ocrx_word' id='word_1_288' title='bbox 649 2673 677 2722; x_wconf 93' lang='lat' dir='ltr'><strong>in</strong></span> <span class='ocrx_word' id='word_1_289' title='bbox 689 2670 752 2721; x_wconf 88' lang='lat' dir='ltr'><strong>Del.</strong></span> <span class='ocrx_word' id='word_1_290' title='bbox 804 2674 884 2723; x_wconf 87' lang='lat' dir='ltr'><strong>modo</strong></span> <span class='ocrx_word' id='word_1_291' title='bbox 902 2672 955 2723; x_wconf 88' lang='lat' dir='ltr'><strong>coli</strong></span> <span class='ocrx_word' id='word_1_292' title='bbox 972 2673 1108 2723; x_wconf 81' lang='lat' dir='ltr'><strong>voluerint</strong></span> <span class='ocrx_word' id='word_1_293' title='bbox 1126 2676 1227 2725; x_wconf 82' lang='lat' dir='ltr'><strong>Peme</strong></span> <span class='ocrx_word' id='word_1_294' title='bbox 1247 2681 1275 2724; x_wconf 85' lang='lat' dir='ltr'><strong>et</strong></span> <span class='ocrx_word' id='word_1_295' title='bbox 1292 2674 1343 2738; x_wconf 81' lang='lat' dir='ltr'><strong>ipsi</strong></span> 
     </span>
     <span class='ocr_line' id='line_1_29' title="bbox 209 2740 1342 2807; baseline 0.002 -17"><span class='ocrx_word' id='word_1_296' title='bbox 209 2743 243 2793; x_wconf 74' lang='lat'><strong>⁶23</strong></span> <span class='ocrx_word' id='word_1_297' title='bbox 256 2741 317 2795; x_wconf 85' lang='lat' dir='ltr'><strong>coll.</strong></span> <span class='ocrx_word' id='word_1_298' title='bbox 329 2742 388 2792; x_wconf 71' lang='lat'><strong>255.</strong></span> <span class='ocrx_word' id='word_1_299' title='bbox 397 2769 431 2778; x_wconf 48' lang='lat'><strong>”-</strong></span> <span class='ocrx_word' id='word_1_300' title='bbox 441 2744 518 2804; x_wconf 80' lang='lat' dir='ltr'><strong>Quae</strong></span> <span class='ocrx_word' id='word_1_301' title='bbox 530 2748 681 2807; x_wconf 86' lang='lat' dir='ltr'><strong>sequnntur</strong></span> <span class='ocrx_word' id='word_1_302' title='bbox 694 2758 753 2791; x_wconf 85' lang='lat' dir='ltr'><strong>vor·</strong></span> <span class='ocrx_word' id='word_1_303' title='bbox 804 2743 961 2794; x_wconf 85' lang='lat' dir='ltr'><strong>coelestium</strong></span> <span class='ocrx_word' id='word_1_304' title='bbox 977 2740 1107 2793; x_wconf 84' lang='lat' dir='ltr'><strong>lominum</strong></span> <span class='ocrx_word' id='word_1_305' title='bbox 1126 2743 1260 2794; x_wconf 81' lang='lat' dir='ltr'><strong>onltorea:</strong></span> <span class='ocrx_word' id='word_1_306' title='bbox 1280 2743 1342 2793; x_wconf 88' lang='lat' dir='ltr'><strong>mibi</strong></span> 
     </span>
     <span class='ocr_line' id='line_1_30' title="bbox 209 2800 1342 2879; baseline 0.001 -18"><span class='ocrx_word' id='word_1_307' title='bbox 209 2813 260 2861; x_wconf 88' lang='lat' dir='ltr'><strong>bs:</strong></span> <span class='ocrx_word' id='word_1_308' title='bbox 280 2800 333 2859; x_wconf 79' lang='lat' dir='ltr'><strong>oria</strong></span> <span class='ocrx_word' id='word_1_309' title='bbox 346 2802 480 2876; x_wconf 75' lang='grc' dir='ltr'><em>ἐπιτήδεα</em></span> <span class='ocrx_word' id='word_1_310' title='bbox 489 2807 677 2875; x_wconf 78' lang='grc' dir='ltr'><em>καταγνόντες</em></span> <span class='ocrx_word' id='word_1_311' title='bbox 688 2802 752 2860; x_wconf 88' lang='grc' dir='ltr'><em>κατ’</em></span> <span class='ocrx_word' id='word_1_312' title='bbox 803 2829 914 2879; x_wconf 90' lang='lat' dir='ltr'><strong>prorsus</strong></span> <span class='ocrx_word' id='word_1_313' title='bbox 927 2813 1009 2863; x_wconf 84' lang='lat' dir='ltr'><strong>aliter</strong></span> <span class='ocrx_word' id='word_1_314' title='bbox 1020 2813 1053 2864; x_wconf 88' lang='lat' dir='ltr'><strong>de</strong></span> <span class='ocrx_word' id='word_1_315' title='bbox 1064 2812 1107 2863; x_wconf 90' lang='lat' dir='ltr'><strong>his</strong></span> <span class='ocrx_word' id='word_1_316' title='bbox 1120 2814 1293 2863; x_wconf 85' lang='lat' dir='ltr'><strong>statuendum</strong></span> <span class='ocrx_word' id='word_1_317' title='bbox 1307 2814 1342 2863; x_wconf 81' lang='lat' dir='ltr'><strong>vi-</strong></span> 
     </span>
     <span class='ocr_line' id='line_1_31' title="bbox 209 2875 1342 2948; baseline 0.003 -19"><span class='ocrx_word' id='word_1_318' title='bbox 209 2875 276 2942; x_wconf 82' lang='grc' dir='ltr'><em>έμεῦ</em></span> <span class='ocrx_word' id='word_1_319' title='bbox 292 2879 323 2943; x_wconf 91' lang='lat' dir='ltr'><strong>(i.</strong></span> <span class='ocrx_word' id='word_1_320' title='bbox 340 2898 363 2931; x_wconf 91' lang='lat' dir='ltr'><strong>e.</strong></span> <span class='ocrx_word' id='word_1_321' title='bbox 380 2889 407 2930; x_wconf 84' lang='lat' dir='ltr'><strong>at</strong></span> <span class='ocrx_word' id='word_1_322' title='bbox 421 2883 464 2946; x_wconf 83' lang='lat' dir='ltr'><strong>qui</strong></span> <span class='ocrx_word' id='word_1_323' title='bbox 473 2881 542 2931; x_wconf 70' lang='lat' dir='ltr'><strong>bared</strong></span> <span class='ocrx_word' id='word_1_324' title='bbox 554 2882 637 2944; x_wconf 80' lang='lat' dir='ltr'><strong>probs</strong></span> <span class='ocrx_word' id='word_1_325' title='bbox 653 2898 674 2932; x_wconf 90' lang='lat' dir='ltr'><strong>s.</strong></span> <span class='ocrx_word' id='word_1_326' title='bbox 690 2888 753 2946; x_wconf 83' lang='lat' dir='ltr'><strong>apte</strong></span> <span class='ocrx_word' id='word_1_327' title='bbox 804 2882 891 2934; x_wconf 88' lang='lat' dir='ltr'><strong>detur.</strong></span> <span class='ocrx_word' id='word_1_328' title='bbox 927 2886 1051 2947; x_wconf 85' lang='lat' dir='ltr'><strong>Namque</strong></span> <span class='ocrx_word' id='word_1_329' title='bbox 1065 2884 1210 2947; x_wconf 84' lang='lat' dir='ltr'><strong>prudentia</strong></span> <span class='ocrx_word' id='word_1_330' title='bbox 1227 2884 1342 2948; x_wconf 86' lang='lat' dir='ltr'><strong>qnsdsm</strong></span> 
     </span>
     <span class='ocr_line' id='line_1_32' title="bbox 208 2952 1343 3018; baseline 0.003 -18"><span class='ocrx_word' id='word_1_331' title='bbox 208 2952 350 3000; x_wconf 79' lang='lat' dir='ltr'><strong>statueritis</strong></span> <span class='ocrx_word' id='word_1_332' title='bbox 360 2953 385 3000; x_wconf 84' lang='lat' dir='ltr'><strong>in</strong></span> <span class='ocrx_word' id='word_1_333' title='bbox 396 2968 442 3011; x_wconf 86' lang='lat' dir='ltr'><strong>me,</strong></span> <span class='ocrx_word' id='word_1_334' title='bbox 458 2954 521 3002; x_wconf 74' lang='lat' dir='ltr'><strong>niele</strong></span> <span class='ocrx_word' id='word_1_335' title='bbox 534 2953 565 3001; x_wconf 80' lang='lat' dir='ltr'><strong>dc</strong></span> <span class='ocrx_word' id='word_1_336' title='bbox 580 2952 752 3001; x_wconf 75' lang='lat' dir='ltr'><strong>melediceoe·</strong></span> <span class='ocrx_word' id='word_1_337' title='bbox 804 2960 832 3003; x_wconf 90' lang='lat' dir='ltr'><strong>et</strong></span> <span class='ocrx_word' id='word_1_338' title='bbox 845 2952 996 3003; x_wconf 86' lang='lat' dir='ltr'><strong>calliditate</strong></span> <span class='ocrx_word' id='word_1_339' title='bbox 1016 2958 1177 3003; x_wconf 82' lang='lat' dir='ltr'><strong>commotum</strong></span> <span class='ocrx_word' id='word_1_340' title='bbox 1195 2955 1236 3003; x_wconf 85' lang='lat' dir='ltr'><strong>ita</strong></span> <span class='ocrx_word' id='word_1_341' title='bbox 1256 2955 1343 3018; x_wconf 68' lang='lat' dir='ltr'><strong>egisse</strong></span> 
     </span>
    </p>
   </div>
   <div class='ocr_carea' id='block_1_4' title="bbox 208 3014 1341 4552">
    <p class='ocr_par' dir='ltr' id='par_1_4' title="bbox 208 3014 1341 3696">
     <span class='ocr_line' id='line_1_33' title="bbox 209 3014 1341 3086; baseline 0.001 -16"><span class='ocrx_word' id='word_1_342' title='bbox 209 3019 278 3084; x_wconf 85' lang='lat' dir='ltr'><strong>ritis)</strong></span> <span class='ocrx_word' id='word_1_343' title='bbox 313 3020 341 3068; x_wconf 91' lang='lat' dir='ltr'><strong>in</strong></span> <span class='ocrx_word' id='word_1_344' title='bbox 355 3018 397 3071; x_wconf 88' lang='lat' dir='ltr'><strong>his</strong></span> <span class='ocrx_word' id='word_1_345' title='bbox 412 3022 580 3085; x_wconf 86' lang='lat' dir='ltr'><strong>praepositio</strong></span> <span class='ocrx_word' id='word_1_346' title='bbox 593 3014 663 3070; x_wconf 81' lang='grc' dir='ltr'><em>κατὰ</em></span> <span class='ocrx_word' id='word_1_347' title='bbox 675 3023 753 3086; x_wconf 83' lang='lat' dir='ltr'><strong>geni·</strong></span> <span class='ocrx_word' id='word_1_348' title='bbox 804 3024 966 3074; x_wconf 79' lang='lat' dir='ltr'><strong>crediderim</strong></span> <span class='ocrx_word' id='word_1_349' title='bbox 994 3024 1123 3084; x_wconf 84' lang='lat' dir='ltr'><strong>Persam,</strong></span> <span class='ocrx_word' id='word_1_350' title='bbox 1156 3030 1187 3072; x_wconf 91' lang='lat' dir='ltr'><strong>nt</strong></span> <span class='ocrx_word' id='word_1_351' title='bbox 1215 3023 1341 3085; x_wconf 79' lang='lat' dir='ltr'><strong>Graecos,</strong></span> 
     </span>
     <span class='ocr_line' id='line_1_34' title="bbox 210 3052 753 3155; baseline 0.002 -17"><span class='ocrx_word' id='word_1_352' title='bbox 210 3090 267 3140; x_wconf 81' lang='lat' dir='ltr'><strong>tivo</strong></span> <span class='ocrx_word' id='word_1_353' title='bbox 281 3052 357 3151; x_wconf 80' lang='grc' dir='ltr'><strong>έμεῦ,</strong></span> <span class='ocrx_word' id='word_1_354' title='bbox 366 3091 412 3154; x_wconf 87' lang='lat' dir='ltr'><strong>qni</strong></span> <span class='ocrx_word' id='word_1_355' title='bbox 422 3088 495 3139; x_wconf 84' lang='lat' dir='ltr'><strong>solas</strong></span> <span class='ocrx_word' id='word_1_356' title='bbox 507 3091 589 3139; x_wconf 84' lang='lat' dir='ltr'><strong>verbo</strong></span> <span class='ocrx_word' id='word_1_357' title='bbox 599 3084 753 3155; x_wconf 78' lang='grc' dir='ltr'><em>καταγνόν·</em></span> 
     </span>
     <span class='ocr_line' id='line_1_35' title="bbox 209 3157 752 3224; baseline 0.009 -19"><span class='ocrx_word' id='word_1_358' title='bbox 209 3171 254 3214; x_wconf 87' lang='grc' dir='ltr'><strong>τες</strong></span> <span class='ocrx_word' id='word_1_359' title='bbox 270 3157 335 3208; x_wconf 90' lang='lat' dir='ltr'><strong>addi</strong></span> <span class='ocrx_word' id='word_1_360' title='bbox 349 3163 471 3223; x_wconf 83' lang='lat' dir='ltr'><strong>poterat,</strong></span> <span class='ocrx_word' id='word_1_361' title='bbox 494 3158 619 3210; x_wconf 82' lang='lat' dir='ltr'><strong>consulto</strong></span> <span class='ocrx_word' id='word_1_362' title='bbox 637 3176 752 3224; x_wconf 87' lang='lat' dir='ltr'><strong>praepo·</strong></span> 
     </span>
     <span class='ocr_line' id='line_1_36' title="bbox 209 3227 753 3290; baseline 0.004 -13"><span class='ocrx_word' id='word_1_363' title='bbox 209 3227 264 3277; x_wconf 82' lang='lat' dir='ltr'><strong>sits</strong></span> <span class='ocrx_word' id='word_1_364' title='bbox 276 3227 403 3290; x_wconf 79' lang='lat' dir='ltr'><strong>ridetur,</strong></span> <span class='ocrx_word' id='word_1_365' title='bbox 416 3233 447 3277; x_wconf 87' lang='lat' dir='ltr'><strong>ut</strong></span> <span class='ocrx_word' id='word_1_366' title='bbox 461 3229 514 3278; x_wconf 86' lang='lat' dir='ltr'><strong>vim</strong></span> <span class='ocrx_word' id='word_1_367' title='bbox 533 3232 687 3281; x_wconf 86' lang='lat' dir='ltr'><strong>sententiae</strong></span> <span class='ocrx_word' id='word_1_368' title='bbox 704 3245 753 3279; x_wconf 91' lang='lat' dir='ltr'><strong>an-</strong></span> 
     </span>
     <span class='ocr_line' id='line_1_37' title="bbox 208 3296 754 3364; baseline 0.002 -18"><span class='ocrx_word' id='word_1_369' title='bbox 208 3302 293 3360; x_wconf 69' lang='lat' dir='ltr'><strong>geret.</strong></span> <span class='ocrx_word' id='word_1_370' title='bbox 325 3297 414 3361; x_wconf 83' lang='lat' dir='ltr'><strong>Supra</strong></span> <span class='ocrx_word' id='word_1_371' title='bbox 433 3298 487 3360; x_wconf 78' lang='lat' dir='ltr'><strong>vl,</strong></span> <span class='ocrx_word' id='word_1_372' title='bbox 506 3300 522 3348; x_wconf 78' lang='lat'><strong>2</strong></span> <span class='ocrx_word' id='word_1_373' title='bbox 539 3296 754 3364; x_wconf 72' lang='grc' dir='ltr'><em>καταγνωσθεὶς</em></span> 
     </span>
     <span class='ocr_line' id='line_1_38' title="bbox 210 3367 753 3432; baseline 0.006 -16"><span class='ocrx_word' id='word_1_374' title='bbox 210 3367 320 3425; x_wconf 81' lang='lat' dir='ltr'><strong>dicitnr,</strong></span> <span class='ocrx_word' id='word_1_375' title='bbox 336 3383 413 3432; x_wconf 87' lang='lat' dir='ltr'><strong>quem</strong></span> <span class='ocrx_word' id='word_1_376' title='bbox 425 3383 509 3418; x_wconf 83' lang='lat' dir='ltr'><strong>novas</strong></span> <span class='ocrx_word' id='word_1_377' title='bbox 523 3385 566 3419; x_wconf 85' lang='lat' dir='ltr'><strong>res</strong></span> <span class='ocrx_word' id='word_1_378' title='bbox 580 3370 701 3419; x_wconf 87' lang='lat' dir='ltr'><strong>molitum</strong></span> <span class='ocrx_word' id='word_1_379' title='bbox 712 3384 753 3419; x_wconf 91' lang='lat' dir='ltr'><strong>es-</strong></span> 
     </span>
     <span class='ocr_line' id='line_1_39' title="bbox 210 3429 752 3505; baseline 0 -18"><span class='ocrx_word' id='word_1_380' title='bbox 210 3454 239 3487; x_wconf 87' lang='lat' dir='ltr'><strong>se</strong></span> <span class='ocrx_word' id='word_1_381' title='bbox 260 3438 444 3501; x_wconf 86' lang='lat' dir='ltr'><strong>suspieentur.</strong></span> <span class='ocrx_word' id='word_1_382' title='bbox 474 3439 515 3488; x_wconf 88' lang='lat' dir='ltr'><strong>De</strong></span> <span class='ocrx_word' id='word_1_383' title='bbox 535 3439 675 3505; x_wconf 83' lang='lat' dir='ltr'><strong>ipsavoee</strong></span> <span class='ocrx_word' id='word_1_384' title='bbox 693 3429 752 3488; x_wconf 84' lang='grc' dir='ltr'><em>έιτι-</em></span> 
     </span>
     <span class='ocr_line' id='line_1_40' title="bbox 210 3498 751 3575; baseline 0.007 -22"><span class='ocrx_word' id='word_1_385' title='bbox 210 3498 313 3570; x_wconf 80' lang='grc' dir='ltr'><em>ιη’δεος</em></span> <span class='ocrx_word' id='word_1_386' title='bbox 325 3506 336 3570; x_wconf 67' lang='lat' dir='ltr'><strong>i</strong></span> <span class='ocrx_word' id='word_1_387' title='bbox 343 3512 373 3556; x_wconf 85' lang='lat' dir='ltr'><strong>nt</strong></span> <span class='ocrx_word' id='word_1_388' title='bbox 384 3506 493 3571; x_wconf 76' lang='grc' dir='ltr'><em>τέλεος)</em></span> <span class='ocrx_word' id='word_1_389' title='bbox 509 3524 557 3572; x_wconf 85' lang='lat' dir='ltr'><strong>pro</strong></span> <span class='ocrx_word' id='word_1_390' title='bbox 569 3509 641 3575; x_wconf 85' lang='lat' dir='ltr'><strong>vulg.</strong></span> <span class='ocrx_word' id='word_1_391' title='bbox 658 3498 751 3572; x_wconf 71' lang='grc' dir='ltr'><em>ἔπη-η’-</em></span> 
     </span>
     <span class='ocr_line' id='line_1_41' title="bbox 210 3573 752 3645; baseline 0.009 -21"><span class='ocrx_word' id='word_1_392' title='bbox 210 3573 288 3632; x_wconf 76' lang='grc' dir='ltr'><em>δειος</em></span> <span class='ocrx_word' id='word_1_393' title='bbox 305 3576 373 3627; x_wconf 87' lang='lat' dir='ltr'><strong>satis</strong></span> <span class='ocrx_word' id='word_1_394' title='bbox 387 3578 444 3641; x_wconf 83' lang='lat' dir='ltr'><strong>egit</strong></span> <span class='ocrx_word' id='word_1_395' title='bbox 455 3578 571 3631; x_wconf 80' lang='lat' dir='ltr'><strong>Bredor.</strong></span> <span class='ocrx_word' id='word_1_396' title='bbox 591 3596 617 3645; x_wconf 89' lang='lat' dir='ltr'><strong>p.</strong></span> <span class='ocrx_word' id='word_1_397' title='bbox 634 3580 683 3631; x_wconf 81' lang='grc'><strong>155</strong></span> <span class='ocrx_word' id='word_1_398' title='bbox 696 3580 752 3629; x_wconf 86' lang='lat' dir='ltr'><strong>He-</strong></span> 
     </span>
     <span class='ocr_line' id='line_1_42' title="bbox 210 3644 497 3696; baseline 0 0"><span class='ocrx_word' id='word_1_399' title='bbox 210 3645 300 3696; x_wconf 82' lang='lat' dir='ltr'><strong>rodoti</strong></span> <span class='ocrx_word' id='word_1_400' title='bbox 313 3644 382 3696; x_wconf 86' lang='lat' dir='ltr'><strong>loeis</strong></span> <span class='ocrx_word' id='word_1_401' title='bbox 397 3646 497 3696; x_wconf 87' lang='lat' dir='ltr'><strong>allatis.</strong></span> 
     </span>
    </p>

    <p class='ocr_par' dir='ltr' id='par_1_5' title="bbox 208 3704 752 4480">
     <span class='ocr_line' id='line_1_43' title="bbox 244 3704 752 3781; baseline 0.008 -19"><span class='ocrx_word' id='word_1_402' title='bbox 244 3704 297 3779; x_wconf 79' lang='grc' dir='ltr'><strong>έγώ</strong></span> <span class='ocrx_word' id='word_1_403' title='bbox 309 3708 361 3778; x_wconf 83' lang='grc' dir='ltr'><strong>γὰρ</strong></span> <span class='ocrx_word' id='word_1_404' title='bbox 371 3711 419 3765; x_wconf 80' lang='grc' dir='ltr'><strong>καὶ</strong></span> <span class='ocrx_word' id='word_1_405' title='bbox 432 3708 518 3775; x_wconf 79' lang='grc' dir='ltr'><em>αὐτὸς</em></span> <span class='ocrx_word' id='word_1_406' title='bbox 532 3708 577 3766; x_wconf 72' lang='lat' dir='ltr'><strong>inl</strong></span> <span class='ocrx_word' id='word_1_407' title='bbox 590 3708 711 3767; x_wconf 79' lang='grc' dir='ltr'><em>τοσοῦτό</em></span> <span class='ocrx_word' id='word_1_408' title='bbox 722 3731 752 3781; x_wconf 90' lang='grc' dir='ltr'><strong>γε</strong></span> 
     </span>
     <span class='ocr_line' id='line_1_44' title="bbox 209 3782 751 3852; baseline 0.006 -19"><span class='ocrx_word' id='word_1_409' title='bbox 209 3782 335 3849; x_wconf 80' lang='grc' dir='ltr'><em>φρονέω]</em></span> <span class='ocrx_word' id='word_1_410' title='bbox 354 3785 373 3836; x_wconf 89' lang='lat' dir='ltr'><strong>i.</strong></span> <span class='ocrx_word' id='word_1_411' title='bbox 390 3802 412 3837; x_wconf 87' lang='lat' dir='ltr'><strong>e.</strong></span> <span class='ocrx_word' id='word_1_412' title='bbox 426 3802 471 3851; x_wconf 81' lang='grc' dir='ltr'><strong>σρο</strong></span> <span class='ocrx_word' id='word_1_413' title='bbox 481 3791 543 3838; x_wconf 82' lang='lat' dir='ltr'><strong>enim</strong></span> <span class='ocrx_word' id='word_1_414' title='bbox 556 3797 580 3837; x_wconf 84' lang='grc' dir='ltr'><strong>ει</strong></span> <span class='ocrx_word' id='word_1_415' title='bbox 590 3782 646 3852; x_wconf 78' lang='lat' dir='ltr'><strong>&#39;ipse</strong></span> <span class='ocrx_word' id='word_1_416' title='bbox 659 3790 682 3836; x_wconf 84' lang='lat' dir='ltr'><strong>in</strong></span> <span class='ocrx_word' id='word_1_417' title='bbox 695 3795 751 3836; x_wconf 81' lang='lat' dir='ltr'><strong>tnn-</strong></span> 
     </span>
     <span class='ocr_line' id='line_1_45' title="bbox 209 3858 752 3918; baseline 0.006 -15"><span class='ocrx_word' id='word_1_418' title='bbox 209 3862 258 3903; x_wconf 81' lang='lat' dir='ltr'><strong>tum</strong></span> <span class='ocrx_word' id='word_1_419' title='bbox 287 3862 357 3905; x_wconf 77' lang='lat' dir='ltr'><strong>certe</strong></span> <span class='ocrx_word' id='word_1_420' title='bbox 385 3858 468 3918; x_wconf 81' lang='lat' dir='ltr'><strong>sopio.</strong></span> <span class='ocrx_word' id='word_1_421' title='bbox 518 3859 657 3908; x_wconf 82' lang='lat' dir='ltr'><strong>Revocavi</strong></span> <span class='ocrx_word' id='word_1_422' title='bbox 692 3874 752 3907; x_wconf 88' lang='lat' dir='ltr'><strong>oum</strong></span> 
     </span>
     <span class='ocr_line' id='line_1_46' title="bbox 209 3922 752 3987; baseline 0.009 -14"><span class='ocrx_word' id='word_1_423' title='bbox 209 3922 360 3987; x_wconf 73' lang='lat' dir='ltr'><strong>Schweigb.</strong></span> <span class='ocrx_word' id='word_1_424' title='bbox 379 3930 406 3975; x_wconf 81' lang='lat' dir='ltr'><strong>et</strong></span> <span class='ocrx_word' id='word_1_425' title='bbox 419 3926 507 3978; x_wconf 85' lang='lat' dir='ltr'><strong>Gaisl.</strong></span> <span class='ocrx_word' id='word_1_426' title='bbox 524 3927 640 3978; x_wconf 78' lang='lat' dir='ltr'><strong>Aldinae</strong></span> <span class='ocrx_word' id='word_1_427' title='bbox 657 3927 752 3978; x_wconf 80' lang='lat' dir='ltr'><strong>lectio·</strong></span> 
     </span>
     <span class='ocr_line' id='line_1_47' title="bbox 209 3992 752 4058; baseline 0.011 -16"><span class='ocrx_word' id='word_1_428' title='bbox 209 4009 269 4043; x_wconf 85' lang='lat' dir='ltr'><strong>nem</strong></span> <span class='ocrx_word' id='word_1_429' title='bbox 295 3992 418 4058; x_wconf 83' lang='lat' dir='ltr'><strong>pluribus</strong></span> <span class='ocrx_word' id='word_1_430' title='bbox 442 3996 521 4049; x_wconf 81' lang='lat' dir='ltr'><strong>codd.</strong></span> <span class='ocrx_word' id='word_1_431' title='bbox 541 3998 683 4049; x_wconf 78' lang='lat' dir='ltr'><strong>firmatam.</strong></span> <span class='ocrx_word' id='word_1_432' title='bbox 720 3999 752 4047; x_wconf 83' lang='lat' dir='ltr'><strong>ln</strong></span> 
     </span>
     <span class='ocr_line' id='line_1_48' title="bbox 209 4060 751 4127; baseline 0.006 -15"><span class='ocrx_word' id='word_1_433' title='bbox 209 4063 348 4127; x_wconf 88' lang='lat' dir='ltr'><strong>Medieee,</strong></span> <span class='ocrx_word' id='word_1_434' title='bbox 363 4064 425 4114; x_wconf 89' lang='lat' dir='ltr'><strong>aliis</strong></span> <span class='ocrx_word' id='word_1_435' title='bbox 440 4072 545 4116; x_wconf 79' lang='lat' dir='ltr'><strong>exstat:</strong></span> <span class='ocrx_word' id='word_1_436' title='bbox 569 4060 607 4117; x_wconf 75' lang='grc' dir='ltr'><em>ἔτι</em></span> <span class='ocrx_word' id='word_1_437' title='bbox 629 4065 751 4116; x_wconf 75' lang='grc' dir='ltr'><em>τοσαῦτα</em></span> 
     </span>
     <span class='ocr_line' id='line_1_49' title="bbox 210 4130 752 4202; baseline 0.007 -21"><span class='ocrx_word' id='word_1_438' title='bbox 210 4131 334 4195; x_wconf 77' lang='grc' dir='ltr'><strong>φρονέω,</strong></span> <span class='ocrx_word' id='word_1_439' title='bbox 347 4134 544 4186; x_wconf 80' lang='lat' dir='ltr'><strong>inPlorentino</strong></span> <span class='ocrx_word' id='word_1_440' title='bbox 559 4130 596 4185; x_wconf 69' lang='grc' dir='ltr'><em>ἔτι</em></span> <span class='ocrx_word' id='word_1_441' title='bbox 611 4151 640 4202; x_wconf 91' lang='grc' dir='ltr'><strong>γε</strong></span> <span class='ocrx_word' id='word_1_442' title='bbox 652 4136 752 4186; x_wconf 81' lang='grc' dir='ltr'><em>τοσαῦ-</em></span> 
     </span>
     <span class='ocr_line' id='line_1_50' title="bbox 209 4199 751 4267; baseline 0.013 -17"><span class='ocrx_word' id='word_1_443' title='bbox 209 4217 243 4250; x_wconf 84' lang='grc' dir='ltr'><strong>τα</strong></span> <span class='ocrx_word' id='word_1_444' title='bbox 253 4199 374 4265; x_wconf 85' lang='grc' dir='ltr'><em>φρονέω.</em></span> <span class='ocrx_word' id='word_1_445' title='bbox 401 4206 479 4267; x_wconf 77' lang='lat' dir='ltr'><strong>Quod</strong></span> <span class='ocrx_word' id='word_1_446' title='bbox 492 4207 599 4259; x_wconf 83' lang='lat' dir='ltr'><strong>Sebael.</strong></span> <span class='ocrx_word' id='word_1_447' title='bbox 614 4213 642 4257; x_wconf 82' lang='lat' dir='ltr'><strong>ot</strong></span> <span class='ocrx_word' id='word_1_448' title='bbox 651 4208 751 4257; x_wconf 85' lang='lat' dir='ltr'><strong>Mstth.</strong></span> 
     </span>
     <span class='ocr_line' id='line_1_51' title="bbox 209 4270 752 4339; baseline 0.011 -18"><span class='ocrx_word' id='word_1_449' title='bbox 209 4273 389 4324; x_wconf 86' lang='lat' dir='ltr'><strong>exhibuerunt</strong></span> <span class='ocrx_word' id='word_1_450' title='bbox 404 4270 443 4325; x_wconf 74' lang='grc' dir='ltr'><em>ἔτι</em></span> <span class='ocrx_word' id='word_1_451' title='bbox 458 4273 577 4326; x_wconf 80' lang='grc' dir='ltr'><em>τοιαῦτα</em></span> <span class='ocrx_word' id='word_1_452' title='bbox 587 4270 707 4339; x_wconf 84' lang='grc' dir='ltr'><em>φρονέω,</em></span> <span class='ocrx_word' id='word_1_453' title='bbox 720 4278 752 4327; x_wconf 85' lang='grc' dir='ltr'><strong>Ιί-</strong></span> 
     </span>
     <span class='ocr_line' id='line_1_52' title="bbox 208 4343 752 4414; baseline 0.007 -23"><span class='ocrx_word' id='word_1_454' title='bbox 208 4343 316 4393; x_wconf 85' lang='lat' dir='ltr'><strong>brorum</strong></span> <span class='ocrx_word' id='word_1_455' title='bbox 332 4347 500 4396; x_wconf 77' lang='lat' dir='ltr'><strong>anctoritate</strong></span> <span class='ocrx_word' id='word_1_456' title='bbox 518 4352 603 4397; x_wconf 83' lang='lat' dir='ltr'><strong>earet.</strong></span> <span class='ocrx_word' id='word_1_457' title='bbox 626 4347 689 4395; x_wconf 79' lang='lat' dir='ltr'><strong>Mox</strong></span> <span class='ocrx_word' id='word_1_458' title='bbox 704 4344 752 4414; x_wconf 79' lang='grc' dir='ltr'><strong>βα-</strong></span> 
     </span>
     <span class='ocr_line' id='line_1_53' title="bbox 209 4406 687 4480; baseline 0.01 -21"><span class='ocrx_word' id='word_1_459' title='bbox 209 4406 309 4460; x_wconf 73' lang='grc' dir='ltr'><em>σιλέων</em></span> <span class='ocrx_word' id='word_1_460' title='bbox 324 4415 454 4480; x_wconf 73' lang='lat' dir='ltr'><strong>rescripsi</strong></span> <span class='ocrx_word' id='word_1_461' title='bbox 470 4432 518 4480; x_wconf 86' lang='lat' dir='ltr'><strong>pro</strong></span> <span class='ocrx_word' id='word_1_462' title='bbox 534 4407 687 4480; x_wconf 70' lang='grc' dir='ltr'><em>βασιλήων.</em></span> 
     </span>
    </p>

    <p class='ocr_par' dir='ltr' id='par_1_6' title="bbox 242 4468 750 4552">
     <span class='ocr_line' id='line_1_54' title="bbox 242 4468 750 4552; baseline 0.014 -24"><span class='ocrx_word' id='word_1_463' title='bbox 242 4472 273 4529; x_wconf 79' lang='grc' dir='ltr'><strong>έν</strong></span> <span class='ocrx_word' id='word_1_464' title='bbox 290 4468 397 4549; x_wconf 74' lang='grc' dir='ltr'><em>ᾔχοίρη</em></span> <span class='ocrx_word' id='word_1_465' title='bbox 413 4477 444 4533; x_wconf 84' lang='lat' dir='ltr'><strong>ol</strong></span> <span class='ocrx_word' id='word_1_466' title='bbox 456 4476 509 4534; x_wconf 80' lang='grc' dir='ltr'><strong>δύο</strong></span> <span class='ocrx_word' id='word_1_467' title='bbox 525 4481 591 4534; x_wconf 77' lang='grc' dir='ltr'><em>θεοὶ</em></span> <span class='ocrx_word' id='word_1_468' title='bbox 607 4476 750 4552; x_wconf 76' lang='grc' dir='ltr'><em>ἐγένοντο]</em></span> 
     </span>
    </p>
   </div>
   <div class='ocr_carea' id='block_1_5' title="bbox 802 3091 1374 4345">
    <p class='ocr_par' dir='ltr' id='par_1_7' title="bbox 802 3091 1374 4345">
     <span class='ocr_line' id='line_1_55' title="bbox 804 3091 1343 3157; baseline -0.004 -13"><span class='ocrx_word' id='word_1_469' title='bbox 804 3100 937 3155; x_wconf 83' lang='lat' dir='ltr'><strong>quantum</strong></span> <span class='ocrx_word' id='word_1_470' title='bbox 952 3091 1008 3142; x_wconf 85' lang='lat' dir='ltr'><strong>fieri</strong></span> <span class='ocrx_word' id='word_1_471' title='bbox 1024 3098 1130 3156; x_wconf 86' lang='lat' dir='ltr'><strong>posset,</strong></span> <span class='ocrx_word' id='word_1_472' title='bbox 1149 3092 1184 3142; x_wconf 88' lang='lat' dir='ltr'><strong>ad</strong></span> <span class='ocrx_word' id='word_1_473' title='bbox 1203 3108 1268 3143; x_wconf 88' lang='lat' dir='ltr'><strong>susa</strong></span> <span class='ocrx_word' id='word_1_474' title='bbox 1283 3109 1343 3157; x_wconf 84' lang='lat' dir='ltr'><strong>par-</strong></span> 
     </span>
     <span class='ocr_line' id='line_1_56' title="bbox 804 3161 1342 3228; baseline -0.004 -14"><span class='ocrx_word' id='word_1_475' title='bbox 804 3169 845 3214; x_wconf 84' lang='lat' dir='ltr'><strong>tes</strong></span> <span class='ocrx_word' id='word_1_476' title='bbox 862 3162 998 3225; x_wconf 81' lang='lat' dir='ltr'><strong>traheret,</strong></span> <span class='ocrx_word' id='word_1_477' title='bbox 1017 3162 1117 3213; x_wconf 84' lang='lat' dir='ltr'><strong>blande</strong></span> <span class='ocrx_word' id='word_1_478' title='bbox 1137 3161 1280 3228; x_wconf 86' lang='lat' dir='ltr'><strong>alloquens</strong></span> <span class='ocrx_word' id='word_1_479' title='bbox 1291 3163 1342 3212; x_wconf 86' lang='lat' dir='ltr'><strong>De-</strong></span> 
     </span>
     <span class='ocr_line' id='line_1_57' title="bbox 804 3232 1343 3298; baseline 0.002 -16"><span class='ocrx_word' id='word_1_480' title='bbox 804 3233 871 3296; x_wconf 87' lang='lat' dir='ltr'><strong>lios,</strong></span> <span class='ocrx_word' id='word_1_481' title='bbox 894 3249 962 3298; x_wconf 85' lang='lat' dir='ltr'><strong>quos</strong></span> <span class='ocrx_word' id='word_1_482' title='bbox 981 3237 1094 3283; x_wconf 84' lang='lat' dir='ltr'><strong>sanctos</strong></span> <span class='ocrx_word' id='word_1_483' title='bbox 1120 3238 1147 3282; x_wconf 83' lang='lat' dir='ltr'><strong>et</strong></span> <span class='ocrx_word' id='word_1_484' title='bbox 1172 3232 1343 3295; x_wconf 78' lang='lat' dir='ltr'><strong>inviolabiles</strong></span> 
     </span>
     <span class='ocr_line' id='line_1_58' title="bbox 802 3301 1342 3368; baseline -0.002 -14"><span class='ocrx_word' id='word_1_485' title='bbox 802 3303 886 3367; x_wconf 80' lang='lat' dir='ltr'><strong>vulgo</strong></span> <span class='ocrx_word' id='word_1_486' title='bbox 905 3302 1000 3352; x_wconf 86' lang='lat' dir='ltr'><strong>haberi</strong></span> <span class='ocrx_word' id='word_1_487' title='bbox 1016 3301 1177 3364; x_wconf 82' lang='lat' dir='ltr'><strong>audiverat,</strong></span> <span class='ocrx_word' id='word_1_488' title='bbox 1194 3302 1312 3368; x_wconf 87' lang='lat' dir='ltr'><strong>deosque</strong></span> <span class='ocrx_word' id='word_1_489' title='bbox 1326 3319 1342 3353; x_wconf 94' lang='lat' dir='ltr'><strong>a</strong></span> 
     </span>
     <span class='ocr_line' id='line_1_59' title="bbox 803 3372 1343 3423; baseline -0.002 0"><span class='ocrx_word' id='word_1_490' title='bbox 803 3373 917 3423; x_wconf 81' lang='lat' dir='ltr'><strong>Graecis</strong></span> <span class='ocrx_word' id='word_1_491' title='bbox 932 3372 1029 3423; x_wconf 79' lang='lat' dir='ltr'><strong>eximie</strong></span> <span class='ocrx_word' id='word_1_492' title='bbox 1046 3372 1136 3423; x_wconf 79' lang='lat' dir='ltr'><strong>cultos</strong></span> <span class='ocrx_word' id='word_1_493' title='bbox 1151 3378 1179 3422; x_wconf 83' lang='lat' dir='ltr'><strong>el</strong></span> <span class='ocrx_word' id='word_1_494' title='bbox 1191 3387 1296 3422; x_wconf 86' lang='lat' dir='ltr'><strong>summo</strong></span> <span class='ocrx_word' id='word_1_495' title='bbox 1307 3372 1343 3422; x_wconf 90' lang='lat' dir='ltr'><strong>lo·</strong></span> 
     </span>
     <span class='ocr_line' id='line_1_60' title="bbox 803 3442 1342 3493; baseline -0.002 0"><span class='ocrx_word' id='word_1_496' title='bbox 803 3460 836 3493; x_wconf 86' lang='lat' dir='ltr'><strong>eo</strong></span> <span class='ocrx_word' id='word_1_497' title='bbox 852 3442 961 3493; x_wconf 86' lang='lat' dir='ltr'><strong>habitos</strong></span> <span class='ocrx_word' id='word_1_498' title='bbox 973 3443 1117 3493; x_wconf 85' lang='lat' dir='ltr'><strong>Persarum</strong></span> <span class='ocrx_word' id='word_1_499' title='bbox 1137 3444 1166 3491; x_wconf 90' lang='lat' dir='ltr'><strong>in</strong></span> <span class='ocrx_word' id='word_1_500' title='bbox 1183 3459 1283 3493; x_wconf 89' lang='lat' dir='ltr'><strong>morem</strong></span> <span class='ocrx_word' id='word_1_501' title='bbox 1297 3443 1342 3492; x_wconf 90' lang='lat' dir='ltr'><strong>bo·</strong></span> 
     </span>
     <span class='ocr_line' id='line_1_61' title="bbox 803 3513 1341 3577; baseline 0 -15"><span class='ocrx_word' id='word_1_502' title='bbox 803 3528 914 3573; x_wconf 85' lang='lat' dir='ltr'><strong>nerana,</strong></span> <span class='ocrx_word' id='word_1_503' title='bbox 929 3513 1033 3577; x_wconf 80' lang='lat' dir='ltr'><strong>ingenti</strong></span> <span class='ocrx_word' id='word_1_504' title='bbox 1047 3513 1135 3563; x_wconf 85' lang='lat' dir='ltr'><strong>thuris</strong></span> <span class='ocrx_word' id='word_1_505' title='bbox 1150 3513 1231 3577; x_wconf 84' lang='lat' dir='ltr'><strong>eopia</strong></span> <span class='ocrx_word' id='word_1_506' title='bbox 1244 3515 1273 3562; x_wconf 91' lang='lat' dir='ltr'><strong>in</strong></span> <span class='ocrx_word' id='word_1_507' title='bbox 1288 3513 1341 3563; x_wconf 85' lang='lat' dir='ltr'><strong>aris</strong></span> 
     </span>
     <span class='ocr_line' id='line_1_62' title="bbox 803 3582 1342 3645; baseline -0.002 -13"><span class='ocrx_word' id='word_1_508' title='bbox 803 3584 931 3645; x_wconf 78' lang='lat' dir='ltr'><strong>incensa,</strong></span> <span class='ocrx_word' id='word_1_509' title='bbox 945 3598 1005 3633; x_wconf 87' lang='lat' dir='ltr'><strong>oum</strong></span> <span class='ocrx_word' id='word_1_510' title='bbox 1021 3582 1076 3633; x_wconf 86' lang='lat' dir='ltr'><strong>alia</strong></span> <span class='ocrx_word' id='word_1_511' title='bbox 1089 3582 1237 3645; x_wconf 79' lang='lat' dir='ltr'><strong>sacrificis,</strong></span> <span class='ocrx_word' id='word_1_512' title='bbox 1255 3590 1285 3632; x_wconf 88' lang='lat' dir='ltr'><strong>nt</strong></span> <span class='ocrx_word' id='word_1_513' title='bbox 1301 3598 1342 3631; x_wconf 85' lang='lat' dir='ltr'><strong>sa·</strong></span> 
     </span>
     <span class='ocr_line' id='line_1_63' title="bbox 803 3653 1342 3717; baseline -0.002 -15"><span class='ocrx_word' id='word_1_514' title='bbox 803 3654 840 3703; x_wconf 88' lang='lat' dir='ltr'><strong>tis</strong></span> <span class='ocrx_word' id='word_1_515' title='bbox 857 3657 975 3714; x_wconf 78' lang='lat' dir='ltr'><strong>constat,</strong></span> <span class='ocrx_word' id='word_1_516' title='bbox 986 3658 1146 3717; x_wconf 84' lang='lat' dir='ltr'><strong>respuerent</strong></span> <span class='ocrx_word' id='word_1_517' title='bbox 1154 3654 1265 3705; x_wconf 84' lang='lat' dir='ltr'><strong>Persae.</strong></span> <span class='ocrx_word' id='word_1_518' title='bbox 1288 3653 1342 3702; x_wconf 85' lang='lat' dir='ltr'><strong>Hs-</strong></span> 
     </span>
     <span class='ocr_line' id='line_1_64' title="bbox 803 3723 1342 3774; baseline 0 -3"><span class='ocrx_word' id='word_1_519' title='bbox 803 3723 863 3772; x_wconf 83' lang='lat' dir='ltr'><strong>bnit</strong></span> <span class='ocrx_word' id='word_1_520' title='bbox 883 3728 973 3772; x_wconf 86' lang='lat' dir='ltr'><strong>antem</strong></span> <span class='ocrx_word' id='word_1_521' title='bbox 996 3724 1077 3774; x_wconf 73' lang='lat' dir='ltr'><strong>listis</strong></span> <span class='ocrx_word' id='word_1_522' title='bbox 1098 3723 1126 3772; x_wconf 88' lang='lat' dir='ltr'><strong>in</strong></span> <span class='ocrx_word' id='word_1_523' title='bbox 1152 3725 1274 3774; x_wconf 77' lang='lat' dir='ltr'><strong>exercitu</strong></span> <span class='ocrx_word' id='word_1_524' title='bbox 1295 3738 1342 3772; x_wconf 90' lang='lat' dir='ltr'><strong>sno</strong></span> 
     </span>
     <span class='ocr_line' id='line_1_65' title="bbox 804 3792 1343 3858; baseline 0.002 -17"><span class='ocrx_word' id='word_1_525' title='bbox 804 3793 940 3855; x_wconf 81' lang='lat' dir='ltr'><strong>Graecos,</strong></span> <span class='ocrx_word' id='word_1_526' title='bbox 969 3792 1049 3844; x_wconf 84' lang='lat' dir='ltr'><strong>Iones</strong></span> <span class='ocrx_word' id='word_1_527' title='bbox 1085 3797 1167 3858; x_wconf 86' lang='lat' dir='ltr'><strong>atque</strong></span> <span class='ocrx_word' id='word_1_528' title='bbox 1199 3793 1343 3843; x_wconf 82' lang='lat' dir='ltr'><strong>deolenses</strong></span> 
     </span>
     <span class='ocr_line' id='line_1_66' title="bbox 804 3861 1342 3928; baseline 0.004 -19"><span class='ocrx_word' id='word_1_529' title='bbox 804 3861 987 3927; x_wconf 78' lang='lat' dir='ltr'><strong>(t&#39;1,98),qui</strong></span> <span class='ocrx_word' id='word_1_530' title='bbox 1002 3863 1090 3928; x_wconf 89' lang='lat' dir='ltr'><strong>ipsnrn</strong></span> <span class='ocrx_word' id='word_1_531' title='bbox 1103 3863 1170 3911; x_wconf 83' lang='lat' dir='ltr'><strong>satis</strong></span> <span class='ocrx_word' id='word_1_532' title='bbox 1180 3861 1212 3913; x_wconf 90' lang='lat' dir='ltr'><strong>de</strong></span> <span class='ocrx_word' id='word_1_533' title='bbox 1227 3863 1270 3913; x_wconf 90' lang='lat' dir='ltr'><strong>bis</strong></span> <span class='ocrx_word' id='word_1_534' title='bbox 1284 3862 1342 3913; x_wconf 91' lang='lat' dir='ltr'><strong>edo-</strong></span> 
     </span>
     <span class='ocr_line' id='line_1_67' title="bbox 803 3932 1343 3995; baseline 0.002 -14"><span class='ocrx_word' id='word_1_535' title='bbox 803 3947 864 3981; x_wconf 84' lang='lat' dir='ltr'><strong>cere</strong></span> <span class='ocrx_word' id='word_1_536' title='bbox 881 3938 1017 3995; x_wconf 85' lang='lat' dir='ltr'><strong>poterant.</strong></span> <span class='ocrx_word' id='word_1_537' title='bbox 1052 3932 1188 3983; x_wconf 83' lang='lat' dir='ltr'><strong>Observnt</strong></span> <span class='ocrx_word' id='word_1_538' title='bbox 1208 3932 1242 3981; x_wconf 88' lang='lat' dir='ltr'><strong>sd</strong></span> <span class='ocrx_word' id='word_1_539' title='bbox 1260 3933 1343 3982; x_wconf 86' lang='lat' dir='ltr'><strong>Hero·</strong></span> 
     </span>
     <span class='ocr_line' id='line_1_68' title="bbox 803 4000 1342 4065; baseline -0.006 -13"><span class='ocrx_word' id='word_1_540' title='bbox 803 4002 862 4052; x_wconf 85' lang='lat' dir='ltr'><strong>doti</strong></span> <span class='ocrx_word' id='word_1_541' title='bbox 872 4000 961 4051; x_wconf 84' lang='lat' dir='ltr'><strong>locum</strong></span> <span class='ocrx_word' id='word_1_542' title='bbox 971 4002 1148 4052; x_wconf 82' lang='lat' dir='ltr'><strong>Broendsted.</strong></span> <span class='ocrx_word' id='word_1_543' title='bbox 1159 4000 1246 4065; x_wconf 83' lang='lat' dir='ltr'><strong>(Reia.</strong></span> <span class='ocrx_word' id='word_1_544' title='bbox 1255 4003 1342 4051; x_wconf 89' lang='lat' dir='ltr'><strong>n.l&#39;n·</strong></span> 
     </span>
     <span class='ocr_line' id='line_1_69' title="bbox 804 4070 1340 4136; baseline 0 -17"><span class='ocrx_word' id='word_1_545' title='bbox 804 4070 923 4123; x_wconf 85' lang='lat' dir='ltr'><strong>tersneh.</strong></span> <span class='ocrx_word' id='word_1_546' title='bbox 940 4072 963 4120; x_wconf 87' lang='lat'><strong>1.</strong></span> <span class='ocrx_word' id='word_1_547' title='bbox 982 4087 1008 4136; x_wconf 88' lang='lat' dir='ltr'><strong>p.</strong></span> <span class='ocrx_word' id='word_1_548' title='bbox 1022 4072 1056 4121; x_wconf 78' lang='lat'><strong>70</strong></span> <span class='ocrx_word' id='word_1_549' title='bbox 1069 4071 1130 4122; x_wconf 80' lang='lat' dir='ltr'><strong>coll.</strong></span> <span class='ocrx_word' id='word_1_550' title='bbox 1144 4086 1169 4134; x_wconf 85' lang='lat' dir='ltr'><strong>p.</strong></span> <span class='ocrx_word' id='word_1_551' title='bbox 1185 4072 1229 4125; x_wconf 80' lang='lat'><strong>60.</strong></span> <span class='ocrx_word' id='word_1_552' title='bbox 1249 4077 1304 4120; x_wconf 87' lang='lat' dir='ltr'><strong>not.</strong></span> <span class='ocrx_word' id='word_1_553' title='bbox 1315 4071 1340 4131; x_wconf 79' lang='lat' dir='ltr'><strong>ll)</strong></span> 
     </span>
     <span class='ocr_line' id='line_1_70' title="bbox 803 4140 1374 4206; baseline -0.004 -16"><span class='ocrx_word' id='word_1_554' title='bbox 803 4157 819 4190; x_wconf 85' lang='lat' dir='ltr'><strong>e</strong></span> <span class='ocrx_word' id='word_1_555' title='bbox 834 4142 882 4191; x_wconf 83' lang='lat' dir='ltr'><strong>Cr.</strong></span> <span class='ocrx_word' id='word_1_556' title='bbox 901 4142 1020 4197; x_wconf 77' lang='lat' dir='ltr'><strong>citatus,</strong></span> <span class='ocrx_word' id='word_1_557' title='bbox 1039 4141 1119 4206; x_wconf 86' lang='lat' dir='ltr'><strong>plane</strong></span> <span class='ocrx_word' id='word_1_558' title='bbox 1134 4141 1244 4192; x_wconf 79' lang='lat' dir='ltr'><strong>diverso</strong></span> <span class='ocrx_word' id='word_1_559' title='bbox 1265 4140 1340 4190; x_wconf 90' lang='lat' dir='ltr'><strong>modo</strong></span> <span class='ocrx_word' id='word_1_560' title='bbox 1372 4150 1374 4154; x_wconf 86' lang='lat'>&#39;</span> 
     </span>
     <span class='ocr_line' id='line_1_71' title="bbox 803 4209 1339 4262; baseline -0.004 -2"><span class='ocrx_word' id='word_1_561' title='bbox 803 4228 834 4260; x_wconf 86' lang='lat' dir='ltr'><strong>ne</strong></span> <span class='ocrx_word' id='word_1_562' title='bbox 861 4213 959 4262; x_wconf 80' lang='lat' dir='ltr'><strong>Persae</strong></span> <span class='ocrx_word' id='word_1_563' title='bbox 984 4212 1162 4262; x_wconf 72' lang='lat' dir='ltr'><strong>Athenienses</strong></span> <span class='ocrx_word' id='word_1_564' title='bbox 1194 4212 1222 4260; x_wconf 87' lang='lat' dir='ltr'><strong>in</strong></span> <span class='ocrx_word' id='word_1_565' title='bbox 1246 4209 1339 4261; x_wconf 86' lang='lat' dir='ltr'><strong>Delam</strong></span> 
     </span>
     <span class='ocr_line' id='line_1_72' title="bbox 803 4281 1338 4345; baseline -0.002 -16"><span class='ocrx_word' id='word_1_566' title='bbox 803 4282 893 4341; x_wconf 64' lang='lat' dir='ltr'><strong>egisse</strong></span> <span class='ocrx_word' id='word_1_567' title='bbox 911 4283 1053 4339; x_wconf 65' lang='lat' dir='ltr'><strong>sexaginta</strong></span> <span class='ocrx_word' id='word_1_568' title='bbox 1074 4298 1122 4331; x_wconf 82' lang='lat' dir='ltr'><strong>aex</strong></span> <span class='ocrx_word' id='word_1_569' title='bbox 1136 4281 1216 4331; x_wconf 86' lang='lat' dir='ltr'><strong>annis</strong></span> <span class='ocrx_word' id='word_1_570' title='bbox 1238 4285 1338 4345; x_wconf 81' lang='lat' dir='ltr'><strong>postes,</strong></span> 
     </span>
    </p>
   </div>
   <div class='ocr_carea' id='block_1_6' title="bbox 803 4351 1338 4470">
    <p class='ocr_par' dir='ltr' id='par_1_8' title="bbox 803 4351 1338 4470">
     <span class='ocr_line' id='line_1_73' title="bbox 803 4351 1338 4469; baseline -0.006 -68"><span class='ocrx_word' id='word_1_571' title='bbox 803 4351 910 4469; x_wconf 47' lang='lat' dir='ltr'><strong>glivmp.</strong></span> <span class='ocrx_word' id='word_1_572' title='bbox 926 4352 1081 4415; x_wconf 82' lang='lat' dir='ltr'>LXXXIX,</span> <span class='ocrx_word' id='word_1_573' title='bbox 1099 4354 1116 4402; x_wconf 78' lang='lat'>2</span> <span class='ocrx_word' id='word_1_574' title='bbox 1138 4352 1196 4401; x_wconf 83' lang='lat' dir='ltr'><strong>sire</strong></span> <span class='ocrx_word' id='word_1_575' title='bbox 1215 4351 1266 4401; x_wconf 74' lang='lat'><strong>423</strong></span> <span class='ocrx_word' id='word_1_576' title='bbox 1278 4354 1338 4400; x_wconf 84' lang='lat' dir='ltr'><strong>ants</strong></span> 
     </span>
     <span class='ocr_line' id='line_1_74' title="bbox 844 4436 907 4470; baseline 0.016 -2"><span class='ocrx_word' id='word_1_577' title='bbox 844 4436 865 4470; x_wconf 84' lang='lat' dir='ltr'><strong>r.</strong></span> <span class='ocrx_word' id='word_1_578' title='bbox 881 4436 907 4470; x_wconf 93' lang='lat' dir='ltr'><strong>n.</strong></span> 
     </span>
    </p>
   </div>
   <div class='ocr_carea' id='block_1_7' title="bbox 836 4480 1335 4555">
    <p class='ocr_par' dir='ltr' id='par_1_9' title="bbox 836 4480 1335 4555">
     <span class='ocr_line' id='line_1_75' title="bbox 836 4480 1335 4555; baseline -0.004 -18"><span class='ocrx_word' id='word_1_579' title='bbox 836 4486 923 4538; x_wconf 80' lang='grc' dir='ltr'><em>ταῦτα</em></span> <span class='ocrx_word' id='word_1_580' title='bbox 942 4480 1186 4555; x_wconf 71' lang='grc' dir='ltr'><em>ἐπεκηρυκεύσατο</em></span> <span class='ocrx_word' id='word_1_581' title='bbox 1201 4488 1273 4537; x_wconf 84' lang='grc' dir='ltr'><em>τοῖσι</em></span> <span class='ocrx_word' id='word_1_582' title='bbox 1283 4488 1335 4549; x_wconf 82' lang='grc' dir='ltr'><strong>Δη-</strong></span> 
     </span>
    </p>
   </div>
   <div class='ocr_carea' id='block_1_8' title="bbox 0 0 1493 5128">
    <p class='ocr_par' dir='ltr' id='par_1_10' title="bbox 0 0 1493 5128">
     <span class='ocr_line' id='line_1_76' title="bbox 0 0 1493 5128; baseline 0 0"><span class='ocrx_word' id='word_1_583' title='bbox 0 0 1493 5128; x_wconf 95' lang='lat' dir='ltr'><strong> </strong></span> 
     </span>
    </p>
   </div>
  </div>
 </body>
</html>
