3010 5134
241 418 302 484 iffi

671 418 938 484 HERODOTI

240 604 380 668 καίὸεκα
396 604 593 685 παρείχοντο
607 598 703 681 νέας,
724 592 928 685 ὡπλισμένοι
943 592 988 677 ὥς
999 593 1167 685 Ἕλληνες.
1207 598 1377 665 καὶτοῦτο

240 700 455 789 Πελασγικὸν
470 706 587 783 ἔθνος,
609 696 804 789 ὕστερονδὲ
826 698 975 770 Ἰωνικόν
989 701 1117 789 ἐκλήθη
1138 699 1221 768 κατὰ
1239 700 1298 769 τόν
1311 697 1374 768 αὖ·

240 806 300 876 τόν
314 805 416 892 λόγον
429 806 485 873 καὶ
499 808 533 871 ol
545 803 814 884 δυωδεκαπόλιες
822 802 933 885 Ἴωνες
947 809 982 874 oi
991 801 1050 873 ἀπ’
1069 802 1249 892 Ἀθηνέων.
1286 810 1422 877 Alo-548

243 1004 398 1066 ismadV‚
419 1004 453 1052 ΙΙΙ)
470 1003 514 1053 fin.
536 1005 704 1057 notavimus.
741 1004 782 1053 Ex

241 1093 294 1140 quo
311 1074 403 1125 eodem
418 1072 553 1123 Herodoti
572 1072 631 1124 loco
652 1073 715 1124 coll.
734 1073 781 1131 V1,

241 1147 276 1195 til
306 1143 451 1204 discimus,
482 1142 532 1192 bas
564 1143 668 1193 insulas
696 1144 782 1192 Dario

242 1230 340 1280 aquam
361 1222 388 1264 et
409 1218 508 1263 terram
529 1215 631 1277 petenti
649 1213 780 1278 paruisse.

243 1285 345 1334 Horum
362 1298 426 1334 vero
446 1283 598 1332 insularum
619 1282 723 1333 incolas
741 1282 783 1331 lo-

242 1369 321 1405 meae
340 1370 361 1404 s
379 1353 489 1403 Atticae
509 1353 602 1417 stirpis
623 1353 709 1402 luisse
727 1352 782 1401 He·

242 1424 331 1475 rodoti
346 1423 446 1484 verba,
465 1437 535 1486 quas
552 1429 717 1487 sequuntur,
738 1437 783 1469 sa-

241 1495 279 1545 tis
292 1494 428 1543 iudicant:
449 1488 498 1540 aod
509 1490 593 1539 τοῦτο
607 1483 783 1568 Πελασγικὸν

241 1551 377 1626 ἔθνος,”
358 1575 476 1644 οσσιρον
490 1556 522 1610 δὲ
533 1553 660 1609 Ἰωνικὸν
672 1551 781 1644 ἐκλήθη

241 1649 313 1682 κατα
327 1629 377 1683 τόν
396 1626 486 1680 αυτόν
503 1624 588 1694 λόγον
603 1626 651 1680 καὶ
671 1645 698 1678 οι
691 1624 783 1677 duro-

242 1697 408 1759 δεκαπόλιες
415 1692 510 1757 Ἴωνι,-
521 1695 580 1751 σί
562 1716 602 1749 απ
606 1692 782 1762 ’Ἀθηνίωνι

243 1767 782 1852 quibusverbisNostersiguilioarevult,

242 1860 288 1893 eos
303 1857 410 1907 quoque
418 1843 551 1904 Graecos,
565 1856 611 1904 qur
603 1839 725 1891 insulsa
736 1838 783 1887 hs-

242 1913 346 1972 bdant,
359 1913 422 1961 olim
434 1910 563 1975 Pelasgos
577 1911 674 1970 fursee
688 1916 784 1973 postea

243 1988 334 2032 autem
346 1981 427 2031 lones
440 1985 553 2029 vocatos
568 1994 627 2029 esse
643 1993 729 2043 aeque
744 1984 784 2026 at-

242 2066 296 2116 que
313 2065 376 2111 eos,
398 2049 442 2113 qui
462 2066 495 2099 ex
511 2047 669 2097 Athenium
688 2049 782 2096 Asiam

242 2120 359 2185 proiecti
374 2125 471 2184 postea
483 2119 562 2167 Iones
576 2116 707 2183 appellati
725 2117 783 2166 iue-

243 2194 312 2247 riut‚
336 2203 396 2239 oum
417 2187 479 2237 olim
498 2186 606 2252 Pelasgi
630 2184 784 2251 (Aegialeo-

242 2260 298 2320 σοι)
312 2258 476 2308 dicerentur.
509 2256 658 2322 Cycladum
676 2255 781 2306 incolas

241 2328 276 2377 ad
293 2329 368 2377 louis
380 2334 505 2391 posteros
518 2342 624 2391 quoque
637 2326 720 2376 refert
730 2326 783 2374 Eu-

241 2398 369 2474 ripides'
363 2414 389 2447 ru
404 2398 462 2446 lou
482 2397 543 2446 1581
560 2412 616 2461 ιυη.
639 2388 681 2476 toi
692 2392 782 2469 τῶνδε

243 2465 269 2515 d
287 2457 323 2516 αι’·
318 2464 442 2523 ιπαίὃες
459 2462 605 2528 γενόμενοι
620 2480 673 2514 ουν
688 2459 783 2529 χρόνῳ

242 2531 416 2612 πεπρωμένῳ
431 2529 582 2592 Κυκλάδας
597 2514 780 2597 ἐποικήσουσι

242 2604 363 2670 νησαίας
376 2596 471 2661 πόλεις
480 2621 506 2655 κ
517 2620 540 2652 τ.
550 2605 572 2653 l
577 2606 586 2668 )
597 2611 624 2654 et
634 2604 780 2654 Scholiast.

243 2676 276 2726 ad
291 2678 401 2740 Dionys.
416 2676 549 2738 Perieget
561 2675 613 2723 otu
615 2674 782 2755 ,eodemque

239 2748 325 2796 etiam
344 2746 443 2795 reterre
462 2744 527 2794 lieet
541 2745 701 2793 Herodoti'
694 2745 782 2807 ipsius

241 2815 316 2866 locos
329 2815 406 2873 v111,
419 2815 461 2863 ΙΙΙ.
474 2814 522 2873 48,
539 2813 611 2865 conf.
628 2813 783 2862 itacui-Ro·

241 2886 346 2935 obette:
367 2884 481 2935 Histoir.
498 2885 530 2933 de
546 2882 687 2932 l'dtubliss.
702 2881 728 2933 d.
739 2898 783 2931 oo

242 2955 298 3006 lon.
314 2955 398 3003 (ireos
411 2953 463 3003 lll.
478 2969 538 3017 pag.
554 2954 587 3001 'ill
601 2968 658 3017 seq.
687 2951 783 3014 Cycla-

242 3024 304 3073 dum
319 3026 401 3087 igitur
415 3022 517 3070 incolas
532 3023 555 3070 si
567 3020 616 3071 boo
627 3022 781 3071 Herodoteo

241 3093 301 3143 loco
315 3093 463 3156 significari
478 3091 628 3151 credimus,
649 3090 695 3154 qui
710 3092 782 3139 serle-

151 3158 157 3164 ’
241 3165 285 3213 cim
300 3177 383 3210 naves
396 3161 478 3209 Xerxi
494 3159 673 3219 exhibuerint,
689 3160 782 3210 obstat

240 3229 438 3297 quodammodo
456 3227 568 3278 Diodori
587 3228 662 3278 locus
680 3230 733 3291 xl,
753 3230 780 3290 3,

241 3301 289 3366 qui
303 3301 337 3351 ab
351 3299 445 3349 iisdem
459 3298 592 3348 insulanis
603 3266 782 3363 quinquaqinta

241 3387 325 3421 neves
338 3369 474 3419 exhibitus
490 3367 599 3427 scribit,
621 3368 661 3417 his
678 3368 781 3418 additis

241 3440 345 3489 verbis·
370 3432 418 3494 τὰς
456 3430 491 3499 όιρ
509 3429 614 3500 νήσους
633 3430 683 3495 τὰς
702 3429 780 3495 ἐντός

241 3503 377 3559 Κυανέων
402 3454 454 3555 καί
471 3505 612 3583 Τριοπίου
636 3505 684 3556 καὶ
708 3506 779 3556 Σου

241 3576 307 3628 νίοο
329 3590 434 3641 προσηη
434 3570 523 3640 μένος
544 3563 612 3639 ηνὸ
634 3574 779 3642 βασιλιόςι

241 3665 381 3715 quaecum
391 3645 554 3697 Herodoteis
572 3647 617 3695 vix
630 3647 657 3696 iu
670 3663 779 3697 eoncor-

240 3718 314 3769 diam
328 3717 413 3782 redigi
432 3720 570 3781 poterunt.
602 3719 638 3766 do
655 3720 678 3765 si
698 3733 779 3782 quae·

239 3804 301 3850 ras,
314 3803 446 3853 quasnam
461 3786 563 3835 insulas
572 3786 746 3836 Herodotus'
740 3803 779 3835 ru·

239 3858 375 3908 tellexerit
389 3858 488 3906 Persae
506 3870 590 3905 neves
607 3857 778 3920 praebentes,

239 3927 393 3977 Larcherus
411 3925 510 3975 referre
529 3924 580 3975 buc
597 3926 684 3976 voluit
697 3928 778 3987 Coum,

240 3999 351 4059 Nummu,
365 3995 490 4058 Siphnum,
505 3994 642 4059 Scriptum,
658 3997 779 4059 Andrum,

244 4067 342 4117 Tenum.
373 4066 405 4114 ln
430 4080 482 4130 quo
504 4066 600 4115 merito
622 4065 778 4131 obloquitur

239 4137 345 4185 Leuke:
375 4135 427 4185 Die
448 4135 550 4185 Demen
571 4135 690 4185 Attika’s
715 4151 778 4200 pag.

240 4206 289 4256 174
304 4221 359 4269 seq.
375 4223 389 4255 e
404 4221 474 4255 vers.
490 4206 703 4263 tt'estermauuu
724 4216 779 4255 ete·

240 4276 294 4324 uim
316 4277 425 4332 Naxus,
453 4273 571 4338 Sipbnus
595 4283 623 4324 st
648 4275 779 4339 Seriphus

239 4359 303 4394 sues
321 4360 405 4394 naves
418 4343 583 4394 Graecorum
602 4345 686 4396 classi
701 4345 779 4395 addi-

239 4413 312 4464 disse
322 4415 449 4464 dicuntur
459 4413 492 4463 ab
502 4413 643 4463 Herodoto
656 4414 734 4476 Vlll,
743 4415 778 4464 46

238 4490 265 4538 ot
281 4486 329 4544 4⁸3
354 4484 460 4534 Andrus
481 4488 509 4533 st
525 4483 617 4535 Tenus
634 4485 778 4549 postmodo

833 1009 941 1058 demum
960 1005 993 1055 ad
1008 1007 1152 1056 Persarum
1173 1019 1264 1069 regem
1283 1019 1378 1055 acces-

834 1083 941 1129 serunt,
957 1081 988 1124 ut
1008 1073 1169 1139 intelligitur
1187 1090 1219 1124 ex
1241 1075 1376 1125 Herodot.

833 1147 911 1207 vlit,
921 1149 956 1195 bb
964 1145 1026 1195 coll.
1038 1146 1081 1195 82.
1101 1144 1184 1193 Ceum
1194 1145 1311 1208 denique
1321 1145 1377 1193 Do-

833 1216 906 1265 ribus
922 1231 939 1264 e
949 1214 1071 1264 Diodoro
1084 1214 1202 1263 adscribi
1217 1214 1337 1263 vidimus
1350 1216 1377 1262 in

834 1291 903 1335 nott.
917 1284 953 1335 ad
966 1283 1084 1344 v11,93.
1110 1284 1209 1348 Itaque
1224 1283 1340 1332 Lemnum
1351 1290 1378 1331 et

832 1355 940 1405 Imbrum
951 1354 1001 1404 boc
1016 1354 1075 1405 loco
1090 1355 1260 1417 potissimum
1277 1354 1378 1418 respici

833 1432 914 1491 putat
925 1424 1029 1473 Leuke:
1049 1424 1102 1472 uisi
1116 1427 1257 1488 utriusque
1270 1423 1377 1473 insulae

832 1510 917 1545 nares
929 1496 962 1542 iis
974 1494 1065 1558 potius
1076 1508 1208 1543 accensas
1219 1492 1305 1541 iuisee
1318 1508 1378 1541 cre-

834 1566 898 1624 das,
919 1578 986 1629 quas
998 1562 1111 1625 Aeolus,
1134 1562 1221 1628 quiet
1242 1563 1296 1625 ipsi
1313 1562 1377 1612 olim

835 1634 941 1699 Pelasgi
953 1633 1130 1695 vocabuntur,
1144 1636 1214 1682 teste
1225 1632 1378 1693 Herodoto,

833 1702 1014 1753 exhibuerant
1025 1705 1161 1766 ιιυσρίαια
1174 1716 1301 1760 numero,
1317 1716 1377 1751 eum

833 1772 970 1822 Diodorus
982 1770 999 1820 l.
1008 1771 1025 1820 l.
1034 1771 1164 1821 Aeolibus
1175 1786 1229 1820 una
1239 1786 1301 1820 cum
1313 1771 1380 1821 Les·

834 1842 888 1891 biis
902 1848 930 1892 st
941 1840 1070 1891 Tenediis
1083 1842 1256 1907 quadruvium
1268 1846 1376 1889 tantum

834 1927 919 1962 usves
941 1911 1059 1965 tribuat,
1088 1910 1285 1974 Hellespontiis
1310 1925 1377 1960 vero

834 1996 958 2031 unacum
969 1981 1050 2030 Ponti
1060 1979 1162 2030 ucoolis
1171 1983 1306 2044 οσΙοηΙαΙα,
1319 1981 1379 2044 qui·

833 2051 884 2100 bus
903 2051 998 2101 iisdem
1022 2060 1117 2100 centron
1139 2064 1223 2099 naves
1243 2049 1379 2098 adscribit

832 2119 997 2170 Herodotus.
1027 2120 1103 2182 Quae
1115 2134 1175 2170 cum
1189 2120 1229 2167 ita
1242 2120 1314 2180 siut,
1329 2134 1380 2181 κη.

834 2187 946 2250 erdem,
974 2189 1021 2254 qui
1044 2190 1163 2240 sedecim
1185 2203 1271 2239 naves
1292 2189 1378 2239 Xerxi

833 2259 976 2315 exhibent.
990 2260 1036 2308 vix
1055 2259 1103 2308 alii
1115 2274 1174 2309 esse
1190 2257 1321 2323 poterunt
1336 2263 1378 2307 at·

833 2344 884 2395 quo
914 2327 1020 2378 incolae
1051 2328 1199 2379 insularum
1229 2343 1376 2393 parvarum

833 2398 1015 2463 quarundam,
1035 2413 1104 2463 quse
1119 2400 1153 2448 ad
1170 2397 1303 2463 Cyclades
1316 2414 1377 2463 per·

832 2469 934 2530 tinent,
956 2483 1026 2531 quae
1040 2484 1104 2518 vero
1116 2468 1257 2517 Herodoto
1272 2469 1318 2517 rix
1338 2467 1377 2518 di-

832 2552 905 2601 gnae
914 2539 990 2586 visae
1001 2545 1074 2599 sunt,
1092 2554 1159 2603 quas
1169 2538 1328 2588 accuratius
1338 2539 1376 2586 iu-

832 2607 947 2661 dicaret,
956 2622 1015 2656 cum
1023 2608 1116 2658 Persis
1128 2609 1288 2674 obsequium
1298 2623 1378 2672 prae·

833 2677 980 2730 stitisseut,

868 2742 914 2794 καὶ
935 2760 962 2792 οι
984 2736 1223 2810 δυωδεκαπόλιες]
1249 2745 1295 2794 Its
1314 2760 1375 2794 cum

833 2815 996 2881 Scbweigb,
1008 2800 1095 2867 G'aisl.
1112 2821 1225 2865 etrece.
1242 2814 1302 2865 edd.
1324 2814 1374 2879 (cl.

832 2885 947 2934 Bredor.
972 2900 1032 2961 pag.
1049 2884 1111 2949 268)
1133 2886 1302 2958 reposuimus
1325 2900 1376 2950 pro

832 2954 903 3020 vulg.
919 2948 950 3001 αἴ
968 2948 1098 3003 δυόδεκα
1116 2950 1228 3015 πόλιες,
1251 2969 1303 3019 qua
1320 2970 1376 3004 me-

832 3026 886 3074 rito
909 3023 1026 3074 offensus
1033 3023 1238 3079 Valckenarius
1260 3024 1376 3103 primum

832 3109 912 3143 voces
922 3109 998 3158 seqq.
1007 3095 1046 3142 ita
1058 3095 1190 3143 constitui
1202 3092 1306 3143 voluit:
1316 3084 1378 3142 'te-

832 3177 878 3220 νες
889 3174 967 3211 οσοι
981 3164 1040 3227 (pro
1050 3158 1118 3225 οι)
1100 3179 1140 3211 απ
1140 3152 1318 3227 ’Ἀθηνίωνι
1333 3164 1377 3213 Ιο-

831 3248 875 3281 nes
885 3241 943 3282 eraut
953 3236 1091 3299 ηιιίοιιιιηιιε
1100 3233 1131 3281 ab
1142 3232 1294 3282 Athenis
1256 3249 1280 3281 or
1282 3236 1377 3297 'cim

830 3302 947 3363 truditur,
969 3308 999 3352 ut
1019 3301 1091 3366 apud
1111 3302 1241 3353 llerodot.
1262 3302 1288 3363 1,
1312 3303 1377 3355 147:

831 3372 928 3421 deiude
939 3387 1002 3422 vero
1014 3372 1064 3421 lius
1075 3371 1182 3422 easdem
1194 3388 1290 3433 voees,
1303 3372 1377 3421 mele

831 3442 857 3490 in
871 3447 974 3492 textum
984 3448 1153 3507 assumptus,
1170 3441 1301 3493 delendas
1313 3457 1376 3492 cen·

831 3512 899 3560 suit:
926 3511 953 3559 iu
973 3527 1027 3575 quo
1046 3515 1196 3562 assentitur
1211 3511 1375 3561 Larcherus.

831 3582 891 3641 Quo
903 3586 998 3630 neutro
1010 3596 1092 3646 opus,
1108 3582 1133 3631 si
1143 3597 1217 3645 eam,
1236 3597 1316 3646 quem
1330 3598 1377 3632 ex-

830 3650 906 3699 hibui
914 3664 1060 3715 sequeris
1071 3650 1230 3712 lectionem
1245 3650 1375 3733 adquam

831 3720 948 3769 ducebat
958 3721 1038 3771 Pars.
1044 3721 1112 3771 liber
1122 3689 1252 3771 exhibebo
1264 3736 1290 3768 οι
1284 3713 1377 3768 dors-

830 3783 949 3837 dsruud'
956 3803 998 3845 εις
1014 3795 1042 3840 et
1055 3791 1230 3841 Florentinus
1244 3789 1328 3852 liber,
1346 3791 1375 3838 in

832 3875 884 3923 quo
898 3865 988 3908 exstat
1001 3874 1026 3907 οι
1021 3854 1153 3909 διόὸικα
1165 3855 1275 3917 πόλεις.
1306 3861 1375 3910 Sen-

830 3930 918 3995 teutie
937 3930 999 3993 ipsa
1018 3928 1091 3979 hsud
1115 3932 1245 3980 obscura:
1273 3930 1374 3979 etenim

829 3998 949 4047 insulani
964 3999 1076 4062 Graeci,
1098 4002 1144 4065 qui
1157 3999 1276 4050 sedecim
1288 4014 1375 4049 nares

830 4069 973 4118 Persarum
984 4071 1043 4133 regi
1054 4069 1233 4120 exhibuerunt
1244 4070 1275 4130 (i.
1287 4085 1310 4119 e.
1324 4068 1376 4132 Gy·

830 4137 936 4187 cladum
945 4138 1204 4203 incolae),diouutur
1214 4140 1301 4202 etipsi
1309 4138 1374 4189 olim

829 4207 937 4272 Pelasgi
949 4208 1049 4269 luisse,
1070 4214 1166 4274 postea
1187 4213 1278 4259 sutem
1292 4209 1374 4258 Iones

829 4279 921 4326 vocati
949 4278 982 4327 ad
1008 4279 1120 4329 eandem
1143 4280 1292 4339 rationem,
1318 4292 1374 4342 qus

829 4347 910 4396 etiam
927 4347 1068 4398 duodecim
1087 4348 1233 4398 civitatum
1250 4346 1372 4413 (lonico-

828 4432 885 4465 rum
898 4418 925 4465 in
941 4417 1007 4467 Asia
1019 4416 1182 4481 continenti)
1193 4415 1309 4475 incolae,
1324 4418 1372 4481 qui

828 4485 863 4536 sb
873 4486 987 4538 Atltsuis
996 4487 1102 4538 oriundi
1112 4492 1185 4553 suut,
1197 4489 1276 4538 lones
1284 4486 1371 4551 (post-
