3052 5134
237 412 298 485 336
677 412 944 479 ῙΙΕΒΟΒΟΤΙ

238 618 303 667 σαν
320 599 355 665 ol
372 592 566 683 Ἀθηναῖοι,
587 592 699 686 δρόμῳ
718 598 808 663 ἵεντο
829 595 863 672 ἐς
883 590 961 672 τούς
983 588 1184 679 βαρβάρους.
1228 579 1314 678 ἦσαν
1335 588 1372 658 δέ

238 698 369 770 στάδιοι
382 694 444 768 ούκ
459 696 635 777 ἐλάσσονες
647 695 685 765 τό
694 706 888 785 μεταίχμιον
901 692 1015 764 αὐτῶν
1027 689 1049 783 ἢ
1061 691 1156 783 dissei.
1186 698 1221 762 ol
1234 693 1270 762 δέ
1282 694 1372 779 lile·-

239 824 313 889 σαι,
332 798 486 891 ὁρέοντες
505 799 617 893 δρόμῳ
633 801 803 883 ἐπιόντας,
824 798 1110 886 παρεσκευάζοντο
1130 793 1175 877 ὦς
1190 796 1373 885 δεξόμενοι,

239 912 364 996 μανίην
386 932 422 974 τε
441 920 528 974 τοῖσι
550 901 759 992 Ἀθηναίοισι
789 906 956 990 ἐπέφερον
982 904 1039 971 καὶ
1062 901 1174 988 πάγχυ
1199 898 1374 988 ὀλεθρίην,

240 1007 392 1099 ὁρέοντες
405 1005 528 1088 αὐτούς
542 1007 657 1088 ἐόντας
669 1004 820 1094 ὀλίγους,
840 1008 896 1075 καί
914 1005 1054 1084 τούτους
1073 1005 1185 1099 δρόμῳ
1200 1006 1372 1092 ἐπειγομέ-

240 1141 337 1198 νους,
352 1109 430 1182 οὔτε
443 1116 548 1181 ἵππον
557 1106 772 1199 ὑπαρχούσης
784 1131 846 1198 σφι
857 1107 934 1179 οὔτε
944 1107 1164 1196 τοξευμάτων.
1191 1115 1296 1178 ταῦτα
1310 1110 1374 1196 μέν

241 1244 307 1286 νυν
332 1221 368 1285 ol
390 1214 555 1304 βάρβαροι
575 1221 778 1298 κατείκαζον.
811 1210 985 1302 Ἀθηναῖοι
1012 1213 1064 1297 δὲ,
1092 1215 1168 1281 ἐπεί
1191 1238 1228 1281 τε
1253 1209 1373 1298 ἇδρόοι

242 1320 445 1410 προσέμιξαν
462 1334 549 1388 τοῖσι
567 1318 786 1408 βαρβάροισι,
810 1317 970 1406 ἐμάχοντο
987 1313 1087 1398 ἀξίως
1100 1315 1213 1402 λόγου.
1247 1321 1373 1402 πρῶτοι

241 1424 304 1514 μὲν
315 1422 380 1512 γὰρ
399 1418 568 1511 Ἑλλήνων
586 1421 740 1508 πόντων,
760 1427 828 1492 τῶν
848 1417 943 1510 ἡμεῖς
957 1425 1072 1507 ἴδμεν,
1098 1419 1211 1514 δρόμῳ
1228 1422 1261 1499 ἐς
1274 1427 1371 1488 πολε-

242 1629 642 1693 nott.sdvl,7oetV11,134.
662 1630 694 1680 ln
705 1646 782 1696 seqq.
831 1630 902 1694 qu.
924 1628 961 1677 11.
981 1642 1045 1692 μσς.
1066 1626 1108 1677 39.
1147 1626 1186 1675 Ut
1205 1640 1270 1675 vero
1285 1621 1374 1680 ἵππος

138 1722 141 1727 ⁴
243 1696 283 1759 οδς
297 1692 463 1763 ἀπείθησαν
487 1700 607 1764 uooipio:
631 1699 675 1751 τιδι’
691 1700 781 1765 (signo
832 1697 858 1748 b.
874 1697 892 1748 l.
908 1695 1210 1763 equitatumsignifiost,
1227 1686 1373 1754 ἱτοτόξεν·

243 1769 320 1835 doto)
332 1771 415 1821 ιπίεεί
424 1776 482 1819 runt
496 1767 522 1832 (e
537 1768 612 1832 looo,
632 1784 684 1834 qno
700 1770 783 1820 collo·
832 1783 871 1832 μα
886 1766 911 1816 b.
927 1766 945 1817 l.
962 1759 1081 1827 τοξότας
1099 1766 1207 1816 indicet
1225 1780 1248 1815 s.
1267 1767 1374 1828 τομίιιο-

244 1841 301 1891 osti
325 1839 353 1889 in
377 1838 438 1889 soie
463 1838 585 1903 stabunt)
611 1841 648 1889 od
664 1855 780 1905 μομιταπ,
832 1841 902 1901 rios,
929 1838 947 1885 i.
964 1852 989 1887 e.
1005 1835 1072 1886 leris
1089 1842 1245 1886 ermeturse
1263 1835 1372 1886 milites.

242 1925 318 1961 οιτον
330 1908 510 1958 contenderunt
520 1911 546 1957 ir
557 1907 691 1963 barbaros.
718 1910 782 1960 Mox
832 1908 963 1971 Utrisque
977 1922 1058 1968 vero,
1073 1912 1100 1956 et
1112 1907 1251 1972 equitibus
1264 1910 1292 1954 et
1305 1903 1374 1953 levis

243 1985 272 2032 st
281 1979 333 2029 boo
345 1977 406 2029 loeo
416 1978 501 2039 stVI,
514 1977 561 2028 134
574 1992 622 2042 pro
635 1977 699 2030 olim
708 1979 780 2043 vulg.

243 2047 319 2099 ἐτντο
334 2046 402 2098 sribi
415 2046 491 2098 iubet
502 2047 630 2098 Diodori.
644 2046 691 2107 (ed
701 2049 783 2098 Euri-

243 2117 299 2185 pid.
313 2115 408 2180 suppl.
420 2116 482 2167 399.
500 2131 562 2181 pag.
575 2116 627 2167 488
639 2117 682 2168 sd.
694 2117 785 2168 Teub-

243 2185 316 2251 ner.)
325 2181 497 2250 ievso,quem
508 2187 631 2251 sequitur
638 2187 783 2248 Matthiae,

243 2258 334 2308 citone
351 2255 469 2306 Brunok.
488 2255 524 2305 sd
541 2257 680 2322 Aristoph.
700 2259 783 2322 Vesp.

243 2325 312 2388 423,
328 2323 450 2375 Elmslei.
468 2331 495 2376 et
513 2326 661 2377 Hermann.
683 2327 718 2377 sd
734 2328 785 2378 So-

243 2393 335 2462 phool.
350 2394 418 2445 Oed.
441 2396 509 2460 Reg.
534 2394 609 2447 1242.
650 2396 784 2461 Equidem

243 2466 306 2516 inde
327 2478 388 2515 oum
408 2469 524 2516 recesst.
544 2464 604 2518 edd.
622 2472 650 2517 et
667 2466 784 2517 Bredov.

242 2551 305 2601 ρος.
314 2533 366 2586 395
374 2537 501 2586 rerooevi
508 2531 583 2583 ίεντο
593 2536 719 2600 idemque
730 2536 784 2585 ieci

243 2606 291 2669 VI,
303 2603 363 2667 134,
379 2605 426 2655 ubi
436 2603 518 2669 vulgo
530 2604 601 2655 mole
614 2602 718 2654 ίεσθαι
734 2622 784 2670 pro

244 2672 367 2734 ἴεσδαις
387 2674 449 2725 edd.
461 2673 499 2737 ΙΙ,
514 2674 679 2737 70.1x,7e;
700 2677 784 2740 signi·

243 2745 307 2795 riost
320 2748 411 2794 entem
419 2744 570 2806 ferturaoter
579 2750 629 2794 sut
638 2760 750 2808 propere
759 2748 784 2795 iu

243 2816 349 2879 aliquem
365 2815 443 2863 loeson
460 2829 488 2863 se
505 2814 630 2876 conferre.
658 2815 700 2865 Ad
713 2821 785 2865 stru·

244 2890 366 2934 ctorem:
391 2870 464 2947 ἦσαν
477 2877 508 2931 δὲ
522 2875 633 2932 στάδιοι
647 2912 679 2920 -
691 2879 723 2934 τὸ
737 2898 784 2949 με·

243 2951 376 3017 ταίχμιον
394 2952 467 3003 ooni.
486 2954 512 3015 I,
531 2952 574 3003 93.
594 2953 643 3006 193
660 2955 784 3020 aliosque

243 3022 318 3073 looos
331 3037 347 3070 e
359 3022 475 3075 Bredos.
490 3037 551 3086 pag.
566 3022 617 3074 339
632 3022 739 3075 siletos.
754 3052 784 3060 -

245 3092 279 3142 In
289 3106 365 3154 seqq.
379 3090 471 3142 verbis
485 3091 547 3141 dedi
558 3082 687 3153 ὁρέοντες
699 3111 713 3144 ο
723 3094 786 3144 Flo-

245 3161 352 3213 rentino
365 3175 414 3224 pro
427 3159 500 3224 vulg.
513 3150 657 3223 ὁρέοντες.
681 3163 723 3213 Ad
736 3178 784 3214 vo-

245 3246 303 3281 oem
319 3227 484 3294 μεταίχμιον
499 3229 573 3281 eonl.
584 3232 638 3294 VI,
657 3234 699 3282 77.
730 3233 784 3283 Pro

245 3293 354 3350 eritius
368 3298 430 3349 dedi
441 3292 547 3349 αύτοῖν.

279 3369 422 3433 μανίην-
432 3359 583 3435 ἐπέφερον]
598 3371 739 3421 νεοττόν.
750 3371 785 3422 sd

243 3442 295 3502 IV,
319 3440 378 3491 154.
420 3438 452 3489 In
476 3439 597 3504 proxime
623 3455 699 3505 seqq.
723 3456 783 3492 oum

244 3509 394 3573 Sobweigb.
409 3514 437 3559 et
446 3509 534 3561 Guisl.
545 3514 610 3560 ente
622 3504 734 3573 ὀλίγους
746 3513 786 3561 in·

245 3581 319 3631 serui
330 3570 437 3641 ἐόντας,
451 3580 523 3644 quod
534 3595 594 3629 oum
604 3595 621 3629 s
629 3579 706 3630 libris
719 3583 785 3631 sori·

244 3651 300 3715 ptis
326 3649 448 3706 obesset,
472 3650 670 3714 Wesselingius
695 3651 784 3713 eiecit,

245 3735 323 3784 quem
333 3724 447 3771 reeentt.
457 3718 516 3769 edd.
528 3720 616 3769 secuti
628 3726 699 3772 sunt.
718 3721 785 3770 Mihi

245 3790 333 3839 oratio
354 3789 480 3852 flugitare
500 3789 643 3840 videbatur
663 3789 785 3841 additum

245 3857 297 3908 hoo
317 3850 416 3914 ἐόντας
434 3858 478 3907 vel
498 3866 609 3939 propter
632 3860 716 3911 verbs
742 3877 784 3911 se-

245 3930 357 3993 quentis
380 3923 428 3977 καὶ
454 3942 573 3986 τούτους
589 3957 623 3966 -
644 3919 785 3994 ἐπειγομέ-

245 4013 322 4055 νους.
329 3999 410 4048 -Ex
419 3998 552 4049 Herodoti
562 3999 654 4051 verbis
662 3990 726 4050 οότε
738 3998 784 4049 λα-

244 4082 301 4117 που
316 4059 499 4133 ὑπαρχούσης
515 4081 565 4131 σφι
582 4070 650 4121 sstis
669 4070 783 4136 patebit,

171 4160 177 4173 ·
244 4138 292 4188 ills
310 4142 402 4189 setuts
423 4138 511 4189 nullos
535 4141 642 4204 equites
660 4141 687 4189 in
703 4140 785 4191 Athe-

244 4209 377 4259 niensium
387 4210 508 4259 exeroitn
523 4210 660 4272 stipendio
677 4211 783 4274 secisse,

245 4294 313 4342 qnos
333 4285 394 4343 post
411 4277 483 4341 belle
497 4280 609 4330 Persice
624 4280 729 4330 demum
745 4280 785 4329 in-

244 4348 385 4399 troduotos
401 4349 570 4411 invenimus,
588 4354 685 4400 suctos
700 4366 785 4416 usqne

244 4416 280 4467 ud
295 4418 366 4468 mille
376 4419 496 4481 equitnm
506 4434 653 4470 numerum.
677 4421 786 4470 Monuit

833 1982 987 2027 srmsturoe
997 1975 1139 2039 militibus,
1146 1974 1374 2026 sbnndsbotPer-

833 2045 1374 2105 surumexereitus-Adverbumzqoo-

834 2111 934 2179 ἐμιξαν
947 2117 1063 2181 irtseqq.
1077 2115 1149 2165 conf.
1161 2114 1276 2164 nott'sd
1285 2115 1318 2173 V,
1327 2112 1372 2161 ds.

834 2185 914 2247 Quod
932 2186 1068 2235 adiectum
1087 2190 1131 2234 est
1146 2177 1269 2246 siderios,
1290 2182 1374 2248 plori-

834 2255 885 2305 bus
898 2254 1007 2305 Aelieni
1024 2254 1093 2305 locis
1110 2254 1195 2305 simili
1213 2259 1296 2320 puoto
1313 2267 1374 2302 oum

833 2326 862 2373 vi
879 2325 995 2390 quodem
1012 2323 1135 2374 additum
1155 2324 1285 2389 reperies.
1311 2322 1373 2373 Vid.

834 2394 942 2446 [scobs.
957 2394 994 2444 sd
1006 2393 1113 2444 Aelius.
1128 2396 1160 2444 N.
1173 2395 1204 2442 Α.
1219 2393 1242 2453 Ι,
1256 2393 1306 2455 58,
1326 2392 1374 2457 qui

833 2464 915 2514 etism
926 2464 1061 2514 Herodoti
1072 2463 1161 2514 looum
1175 2460 1280 2513 sttulit.

869 2530 975 2596 πρῶτοι
985 2528 1037 2597 μὲν
1047 2528 1099 2597 γὰρ
1106 2524 1250 2596 Ἑλλήνων
1259 2525 1375 2580 πόντον

834 2630 867 2639 -
882 2595 980 2669 δρόμῳ
995 2593 1023 2659 ἐς
1036 2601 1190 2666 πολεμαόνς
1205 2592 1372 2665 ἐχρήσαντο]

833 2673 886 2723 His
898 2673 998 2735 verbis,
1013 2673 1172 2738 quibuscum
1185 2670 1376 2736 coniungenda

834 2748 908 2805 sunt,
919 2758 993 2862 quse
1004 2758 1035 2793 su
1055 2743 1238 2818 releguntur:
1259 2736 1375 2804 δρόμῳ

834 2808 910 2861 ἵεντο
933 2805 1024 2869 ςτούς
1033 2758 1194 2879 δαρβαρονς
1209 2817 1237 2861 et
1250 2808 1297 2861 set
1309 2807 1376 2859 τοό-

834 2896 900 2938 τους
914 2879 955 2943 δρ
964 2876 1032 2948 όμῳ
1045 2872 1254 2944 ἐπειγομένους,
1268 2883 1377 2930 Wesse·

833 2951 932 3016 lingius
948 2952 1013 3002 boos
1032 2952 1228 3016 rescripserat:
1249 2951 1298 3015 „Si
1311 2964 1375 3000 ner·

834 3023 906 3071 renti
917 3023 1070 3073 Psussnise
1080 3022 1184 3072 veritos
1195 3025 1313 3083 constet,
1328 3018 1375 3069 diu

835 3097 898 3141 ento
907 3091 1087 3142 Athenienses
1097 3086 1195 3157 δρόμῳ
1206 3082 1234 3148 ἐς
1242 3081 1310 3146 τούς
1318 3091 1375 3139 Λα-

834 3159 1036 3225 κεδαιμονίους
1048 3151 1170 3226 ἐχρῶντο
1184 3160 1314 3211 Messenii
1326 3159 1375 3219 lv,

834 3232 858 3281 8.
874 3233 899 3293 ξ.
916 3233 938 3283 1.
966 3232 1053 3281 Prisci
1064 3236 1139 3281 certe
1151 3231 1250 3280 Graeci
1261 3245 1313 3280 non
1323 3229 1375 3285 its,

834 3303 921 3351 Po'ete
938 3300 1019 3351 llisd.
1039 3297 1077 3364 γ’,
1091 3304 1108 3351 8
1123 3300 1244 3350 indice.“
1273 3301 1315 3349 De
1330 3300 1374 3357 iis,

835 3386 903 3437 quse
920 3372 1074 3421 Pausanias
1095 3370 1114 3424 1.
1132 3370 1149 3419 l.
1169 3374 1277 3431 narret,
1302 3384 1375 3419 nuno

834 3456 888 3491 non
899 3441 1066 3506 quaerimosz
1080 3440 1152 3506 quod
1162 3439 1198 3489 sd
1207 3438 1376 3490 Herodotum

836 3511 950 3572 attinet,
967 3511 1111 3562 tenendum
1124 3516 1180 3571 est,
1196 3508 1376 3560 Athenienses

834 3581 862 3630 in
876 3581 936 3631 soie
951 3580 1100 3632 oollooetos
1113 3595 1206 3631 omnes
1219 3578 1321 3630 milites
1334 3577 1376 3628 lo·

835 3652 890 3702 isse
914 3652 1007 3716 gravis
1025 3655 1194 3711 armaturae,
1221 3664 1290 3713 quos
1313 3651 1375 3699 ooto

835 3721 987 3771 studiorum
1008 3722 1127 3786 spatium
1147 3720 1178 3784 (i.
1195 3734 1219 3770 s.
1236 3718 1374 3768 dimidium

835 3791 892 3841 iere
905 3790 988 3842 horse
998 3789 1115 3855 itineris)
1127 3790 1161 3839 sd
1172 3790 1271 3840 Perses
1285 3804 1379 3854 eggre-

835 3860 948 3910 dieudos
960 3854 1057 3926 δρόμῳ
1067 3875 1191 3912 emensos
1203 3875 1262 3910 esse
1277 3874 1308 3909 eo
1321 3872 1379 3908 ms·

834 3931 877 3996 gis
897 3933 993 3981 mirum
1008 3930 1096 3981 videri
1115 3930 1208 3980 debuit
1232 3930 1375 3994 ipsumque

835 3999 984 4051 abhorrens
1005 4015 1022 4049 s
1039 3999 1147 4065 vulgari
1171 3998 1312 4065 pugnandi
1334 4013 1376 4047 rs·

835 4071 923 4132 tione,
943 4070 994 4122 heo
1014 4085 1078 4121 vero
1096 4071 1158 4135 ipse
1178 4071 1207 4118 in
1224 4083 1314 4133 pugno
1331 4066 1374 4119 rel

834 4140 946 4203 gravius
957 4140 1042 4192 videri
1052 4143 1169 4205 poterut,
1180 4138 1252 4205 qnod
1261 4154 1310 4203 per
1320 4143 1374 4188 tem

835 4210 946 4275 longum
958 4211 1011 4260 iter
1025 4206 1122 4277 δρόμῳ
1136 4209 1317 4259 emetiendum
1336 4208 1374 4257 ls-

835 4279 888 4331 sile
905 4280 1014 4330 ordines
1030 4281 1102 4329 soiei
1124 4278 1276 4344 perturbari
1300 4277 1374 4327 inde-

835 4366 887 4416 qne
906 4350 1007 4415 singuli
1030 4351 1118 4400 minus
1146 4350 1205 4415 epti
1229 4346 1374 4412 adipsum

834 4435 952 4485 pugnem
967 4420 1096 4469 secedere
1112 4423 1248 4484 poterent.
1283 4418 1374 4479 Quare

245 4484 276 4534 C.
296 4488 329 4538 F.
347 4488 487 4538 Hermann
509 4489 538 4538 in
560 4488 725 4541 Sohediosm.
750 4491 784 4542 de
832 4489 925 4542 Leuke
956 4491 1021 4556 (Die
1041 4490 1147 4541 Demen
1170 4487 1293 4539 Attiks's
1319 4492 1372 4539 eto.
