3052 5134
562 1080 1097 1184 HPOAOTOV

433 1293 820 1381 ΙΣΤΟΡΙΩΝ
873 1297 1204 1395 ΕΒΛοΜΗ,

638 1676 1002 1744 ΠΟΛῬΜΝΙΑ.

233 1839 245 1897 1
350 1798 482 1893 ΕΠΕΙ
495 1819 533 1888 dd
554 1817 575 1909 ἡ
590 1817 728 1909 ᾰγγείίη
742 1818 879 1890 αἶπίκετο
894 1822 971 1910 περὶ
986 1826 1044 1910 τῆς
1063 1820 1167 1912 μάχης
1180 1829 1238 1913 τῆς
1250 1827 1288 1893 ἐν
1300 1804 1444 1894 Mei-505

256 1935 387 2016 ραθῶνι
402 1933 584 2019 γενομένης
603 1930 694 2020 παρὰ
708 1933 847 2019 βασιλέα
861 1943 1010 2018 Δαρεῖον
1022 1928 1082 2000 τὸν
1095 1927 1309 2018 Ὑστάσπεος,
1332 1936 1391 2003 καὶ

256 2035 338 2121 ’¹02¹'
349 2034 502 2122 μεγάλως
514 2037 763 2124 κεχαραγμένον
775 2050 862 2104 τοῖσι
878 2026 1088 2123 Ἀθηναίοισι
1101 2033 1159 2104 διὰ
1171 2035 1233 2125 τὴν
1247 2039 1281 2118 ἐς
1293 2036 1389 2126 Σαρ-

471 2267 528 2319 cff
558 2269 572 2319 Ι
845 2237 887 2289 cis
898 2235 987 2289 verbis
999 2233 1090 2300 docet)
1102 2236 1130 2285 iu
1141 2234 1211 2287 solio
1225 2234 1334 2298 sedens,
1347 2252 1392 2288 se·

533 2308 539 2321 '
574 2304 581 2319 ⁶
847 2313 946 2373 queute
960 2306 1110 2371 ermigero:
1129 2305 1164 2356 sb
1180 2310 1298 2372 utreque
1309 2307 1391 2357 Darii

290 2361 369 2422 Ἐπεὶ
391 2366 422 2422 et
439 2364 456 2437 ἡ
472 2364 585 2438 ἀγγελίη
601 2363 756 2427 dulnosus.
770 2390 795 2428 τ.
845 2382 926 2443 psrte
941 2374 1034 2426 videre
1052 2376 1118 2426 ticet
1131 2377 1276 2426 Persarum
1287 2391 1391 2441 proce·

254 2440 290 2509 1,]
313 2441 464 2505 Articulum
482 2438 517 2507 ἡ,
540 2445 587 2508 qui
605 2460 621 2494 e
637 2445 796 2496 Florentino
846 2463 904 2505 res,
919 2445 963 2497 vel
975 2450 1082 2497 etentes
1094 2445 1138 2495 vel
1149 2446 1290 2506 sedentes,
1303 2447 1390 2497 verbs

254 2513 370 2580 aliisque
385 2513 464 2564 codd.
480 2512 567 2564 tribus
584 2515 679 2577 obest,
693 2517 796 2566 retinui
846 2517 982 2567 facientes
996 2520 1023 2566 et
1033 2515 1214 2567 delibersutes
1224 2531 1316 2566 cotem
1326 2531 1390 2582 rege

254 2590 441 2635 cumrecentt.
456 2583 516 2634 edd.
547 2584 612 2635 Mox
626 2601 686 2636 cum
700 2585 796 2636 iisdem
845 2586 1185 2650 veldeutteutozinpsrte
1194 2585 1390 2637 inferioremu·

256 2655 318 2705 dedi
329 2650 442 2720 βασιλέα
456 2671 505 2720 pro
520 2649 655 2721 βασιλῆα,
672 2654 796 2723 idemque
845 2657 925 2707 lieres
939 2656 1073 2706 secedunt
1084 2656 1119 2705 sd
1129 2670 1220 2720 genus
1232 2660 1390 2720 prostratae

257 2725 308 2774 teci
323 2740 383 2789 cup.
396 2726 423 2774 2.
436 2724 462 2775 3.
478 2723 503 2774 6.
539 2722 613 2775 Idem
632 2740 740 2791 quoque
758 2727 799 2777 fe·
847 2718 1094 2792 etisupplicuntes3
1120 2724 1191 2776 elius
1209 2725 1282 2776 dous
1298 2724 1390 2791 effert,

256 2795 327 2845 cisse
345 2793 425 2845 video
444 2792 598 2845 Bekkerum
614 2795 737 2862 aliosque
754 2812 797 2848 re·
847 2794 919 2847 eiius
932 2810 1028 2846 numos
1042 2811 1056 2845 e
1069 2810 1149 2845 eecco
1161 2796 1190 2845 in
1200 2811 1332 2860 mensum,
1344 2798 1391 2847 cui

256 2869 340 2917 centt.
354 2865 480 2914 editores.
846 2865 951 2918 sssidet
962 2865 1117 2930 praefectus
1125 2864 1245 2931 quidam,
1258 2865 1389 2916 effundit:

291 2930 339 2983 sci
358 2950 379 2983 π
411 2947 428 2981 ν
446 2924 571 2998 μεγάλως
585 2928 796 2999 κεχαραγμένον
846 2938 875 2986 in
883 2937 1023 3000 superiore
1031 2940 1109 3000 perte
1120 2934 1287 3000 sdspicimus
1296 2935 1391 2986 mulie·

256 3007 328 3054 τοίοι
356 2998 380 3052 Ἀ
426 3001 549 3068 ναίοισι]
587 2999 796 3069 κεχαραγμένον
846 3022 902 3058 rem
921 3006 995 3055 tristi
1011 3004 1091 3055 vultu
1105 3004 1250 3070 (Graeciam
1268 3021 1329 3057 esse
1348 3007 1391 3055 in·

255 3074 410 3139 Hesychius
429 3071 479 3137 (11.
498 3088 524 3138 p.
544 3072 620 3139 241),
646 3089 725 3139 quem
742 3077 797 3125 unt
845 3076 959 3141 scriptio
972 3073 1062 3140 docet)
1074 3112 1081 3137 ,
1095 3073 1143 3124 sed
1152 3077 1226 3126 intre
1236 3075 1389 3126 Minervam

257 3159 317 3194 curn
350 3143 474 3208 Euripid.
506 3142 579 3193 Med.
613 3142 662 3193 tto
691 3146 796 3195 excitet
846 3144 940 3212 (quem
957 3145 1096 3210 excipiunt
1114 3144 1186 3195 duee
1200 3145 1272 3196 eliae
1286 3145 1390 3211 figurae

257 3212 422 3278 Schweigh„
449 3212 643 3276 interpretetur
663 3204 796 3279 ω’ργιομὲ-
846 3216 934 3266 Asiam
946 3212 1128 3279 declsrsutes)
1147 3220 1174 3267 et
1188 3215 1281 3265 Iovem
1297 3215 1389 3281 (quem

258 3298 324 3343 νον,
345 3286 453 3339 tratrem·
480 3282 584 3332 metim:
606 3293 794 3348 exasperatum,
846 3290 995 3351 sequuntur
1004 3283 1102 3349 Apollo
1115 3288 1142 3334 et
1150 3282 1253 3349 Diana)
1263 3285 1302 3336 sic
1315 3285 1390 3351 posi-

257 3355 402 3418 efferotws,
431 3356 462 3402 ut
486 3352 516 3402 in
535 3352 675 3407 Plutarch.
697 3355 796 3406 Aemil.
847 3361 917 3418 tem,
929 3360 961 3405 ut
971 3355 1022 3405 sub
1034 3353 1122 3405 totels
1131 3355 1242 3405 deorum
1253 3355 1333 3419 qussi
1342 3371 1390 3421 po·

257 3422 376 3474 Punite
386 3421 447 3473 coll.
458 3421 564 3473 Morell.
576 3422 719 3487 psg.92A.
733 3426 794 3475 Vid.
847 3427 903 3477 sits
918 3425 1053 3475 videatur.
1070 3424 1131 3475 Vid.
1146 3425 1305 3475 Minerviui:
1324 3424 1390 3475 Bul·

256 3492 405 3545 Blomfietd.
425 3493 452 3541 in
471 3490 593 3543 Glossur.
616 3492 650 3542 ud
669 3494 798 3559 Aeschyli
847 3496 893 3546 let.
907 3493 1033 3547 Archc'ol.
1046 3492 1144 3559 Nupol.
1159 3494 1234 3545 1854.
1249 3511 1289 3545 nr.
1304 3496 1347 3546 43.
1360 3512 1388 3560 p.

256 3567 332 3616 Pers.
360 3561 420 3614 989.
461 3562 617 3614 Formuism
649 3556 796 3627 δεινότερα
850 3566 899 3618 129
913 3571 942 3616 et
956 3582 996 3615 ur.
1010 3564 1052 3616 48.
1072 3579 1134 3630 pag.
1154 3564 1203 3617 169
1222 3569 1250 3616 et
1266 3564 1390 3615 Gerhsrd

256 3636 352 3684 ποιεῖν
362 3633 501 3698 attigimus
512 3632 613 3697 sdHI,
626 3631 666 3683 14.
691 3635 798 3700 Inpro·
847 3642 873 3686 et
889 3635 1016 3686 Welcker
1034 3635 1075 3684 in:
1100 3633 1243 3685 Archaeoi.
1260 3635 1388 3701 Zeituug.

257 3706 328 3755 xime
341 3719 416 3769 seqq.
430 3694 543 3766 ὥρμητο
556 3702 630 3753 votet
638 3704 798 3763 incitabatur,
846 3705 959 3771 Jahrgg.
978 3707 1036 3756 XV.
1053 3720 1094 3754 nr.
1114 3704 1172 3756 103.
1197 3704 1260 3766 104,
1282 3705 1331 3754 ubi
1347 3710 1389 3755 ts-

257 3774 454 3831 inconcessum
477 3773 510 3823 de
528 3788 580 3838 quo
600 3773 654 3825 vid.
672 3779 741 3824 nott.
759 3775 796 3824 ed
846 3775 910 3826 buis
920 3774 1015 3825 additu
1028 3778 1070 3825 est
1082 3772 1135 3839 (nr.
1149 3773 1227 3838 0111>
1239 3773 1310 3824 hunc
1324 3776 1391 3825 irns-

256 3844 323 3900 VII,
338 3846 363 3898 4.
398 3832 578 3907 ἐπηγγέλλετο
597 3847 639 3893 cst
651 3845 746 3907 edim't,
765 3850 796 3894 ut
846 3846 936 3911 ginem
948 3848 1058 3908 sistens,
1072 3859 1153 3909 quem
1167 3844 1202 3894 ed
1215 3843 1390 3895 deliberatio-

257 3914 334 3977 viil,
349 3914 392 3965 30.
415 3912 500 3964 Paulo
512 3912 591 3963 aliter
603 3914 674 3963 idem
685 3915 796 3966 verbum
847 3932 908 3966 nem
923 3915 1044 3966 referunt
1057 3930 1074 3964 e
1089 3915 1174 3965 Dario
1190 3913 1312 3964 habitem
1325 3920 1390 3980 post

257 3983 405 4048 VI‚it(ubi
418 3983 472 4034 vid.
487 3980 571 4046 nott.)
586 3988 614 4033 et
626 3983 674 4047 IV,
688 3985 796 4035 209-
846 4000 964 4050 pugnero
987 3984 1189 4036 Manethonimn
1215 3982 1248 4033 de
1271 3984 1391 4035 Graecis

258 4053 337 4115 Quod
350 4053 385 4103 sd
397 4053 483 4103 totius
496 4052 576 4103 huius
588 4051 642 4102 loci
654 4069 797 4118 argumen-
846 4057 942 4105 iterum
964 4054 1127 4105 invadenda.
1160 4053 1262 4104 Contra
1279 4054 1391 4105 Curtius

255 4129 312 4174 tum
324 4124 438 4186 attinet,
449 4122 575 4173 referunt
586 4122 638 4172 huc
650 4124 796 4188 imaginem
847 4124 925 4190 (ibid.
938 4141 978 4175 nr.
994 4124 1049 4176 108.
1063 4140 1088 4189 p.
1103 4123 1151 4175 109
1161 4122 1249 4189 seqq.)
1259 4122 1313 4174 hec
1323 4126 1391 4174 imu-

256 4194 584 4260 amphorueeCanossee
598 4193 731 4257 sepulcris
749 4210 796 4244 nu·
846 4196 910 4260 gine
934 4211 992 4246 eum
1018 4193 1241 4245 deliberationem
1266 4193 1391 4245 exhiberi

255 4280 303 4329 per
315 4266 343 4314 in
356 4264 442 4314 lucem
455 4268 624 4329 protractam
641 4278 756 4328 namque
769 4266 796 4313 in
845 4265 966 4329 mevult,
990 4280 1058 4330 quse
1077 4268 1140 4329 post
1153 4263 1291 4313 Mardonii
1305 4279 1390 4329 expe·

255 4333 304 4385 huc
326 4334 458 4397 imagine,
480 4348 549 4398 quse
568 4333 657 4383 tribue
672 4335 795 4398 pertibus
845 4335 975 4385 ditionem
987 4334 1149 4384 frustratam
1165 4333 1260 4384 habito
1275 4333 1358 4385 tuerit
1373 4350 1391 4384 e

254 4408 376 4461 constat,
405 4404 494 4454 media
521 4408 600 4467 parte
627 4404 795 4468 conspicitur
845 4406 931 4455 Dorio
953 4405 1045 4467 Susis,
1072 4405 1154 4469 igitur
1177 4409 1241 4454 ente
1268 4420 1388 4469 pugnum

253 4474 349 4522 Darius
358 4472 441 4538 (quod
451 4472 548 4523 addite
559 4473 701 4540 inscriptio
713 4474 796 4526 Grac·
844 4474 1047 4526 Merethonism
1061 4472 1109 4539 (cf.
1122 4474 1170 4539 vl,
1182 4472 1238 4539 94),
1252 4475 1281 4524 in
1293 4489 1348 4540 que
1360 4480 1389 4526 et
