2970 5128
473 395 651 458 ERATO.
676 398 728 459 VI.
752 404 795 463 67·
818 407 862 463 68.

1175 400 1236 463 317

113 567 337 656 καλυψάμενος
358 564 411 656 ἤϊε
433 572 469 637 ἐκ
489 575 550 639 τοῦ
569 568 717 660 θεήτρου
736 574 769 653 ἐς
781 571 822 640 τά
837 574 965 642 ἑωυτοῦ
979 579 1082 642 οἰκία·
1116 571 1236 643 αὐτίκα

113 672 146 741 di
158 672 495 759 παρασκευασάμενος
512 680 596 742 ἔθυε
609 678 657 766 τῷ
669 680 734 743 Διῒ
744 680 847 762 βοῦν,
862 675 972 755 θύσας
985 677 1021 744 dl
1036 675 1097 764 τὴν
1110 680 1235 765 μητέρα

111 776 247 843 ἐκάλεσε.
286 772 486 864 Ἀπικομέαῃ
508 777 545 845 dl
566 781 608 865 τῇ
623 779 723 865 μητρὶ
739 780 850 858 ἐσθεὶς
871 782 904 858 ἐς
923 778 981 857 τάς
995 779 1105 866 χεῖράς
1119 785 1152 847 ol
1164 785 1232 848 τῶν
1241 793 1281 855 68

110 877 302 965 σπλάγχνων
322 881 513 948 κατικέτευε
534 883 643 966 λέγων
657 880 783 950 τοιάδε·
812 873 851 949 Ὦ
867 885 987 969 μῆτερ,
1008 889 1102 951 θεῶν
1115 904 1153 951 σε
1167 888 1235 950 τῶν

109 1008 140 1049 τε
152 979 263 1051 ἄλλων
281 983 530 1071 καταπτόμενος
549 983 687 1052 ἱκετεύω
706 986 836 1053 καὶτοῦ
851 980 1002 1075 Ἑρκείου
1020 983 1104 1065 Διὸς
1124 991 1243 1072 τοῦδε,

109 1177 264 1246 δαιμονίαις]
296 1181 491 1245 „Homericum
506 1188 556 1234 est.
578 1184 642 1237 Vid.

110 1250 146 1300 lli.
164 1250 216 1313 XI,
229 1251 299 1313 332,
318 1252 391 1304 unde
410 1259 581 1317 sumpserunt
595 1254 643 1302 Or-

108 1321 186 1384 phici,
212 1326 243 1370 ut
260 1321 365 1384 Hymu.
383 1322 472 1375 LXIV
493 1321 576 1388 (63),
601 1322 642 1372 11.

108 1390 316 1451 dxxxv11,1·2
334 1388 429 1455 (vulgo
442 1393 513 1442 inter
528 1392 642 1458 hymnos

109 1457 281 1524 Homericos).
308 1458 409 1510 Confer
422 1463 503 1510 etiam
515 1462 642 1513 Proclum

108 1527 244 1579 iuPlaton.
259 1529 332 1579 Tim.
346 1545 373 1593 p.
388 1529 470 1580 330.“
488 1532 640 1582 Creator.

58 1644 64 1661 ,
108 1596 305 1647 inCommentt
320 1598 441 1649 Herodd
460 1616 486 1664 p.
501 1599 560 1652 231,
589 1602 642 1651 Vo-

107 1681 158 1717 cem
174 1660 320 1729 κακότητα
338 1673 446 1719 veteres
464 1669 641 1721 Grammatici

108 1733 452 1870 expgppugozzffttssggpgmi
464 1807 515 1857 hoc
528 1823 588 1858 cum
600 1824 642 1859 re·

107 1881 183 1928 ceutt.
208 1875 286 1937 edd,
315 1874 392 1925 libris
411 1878 451 1925 ita
475 1876 640 1929 iubentibus.

106 1944 171 1995 liele
182 1943 245 1994 olim
259 1942 330 2008 βῶν,
347 1946 418 2009 quod
430 1947 518 1996 tenuit
532 1946 641 1998 Schaef.

107 2013 222 2079 quodque
235 2015 324 2064 etiam
340 2015 378 2077 ΙΙ,
395 2015 429 2064 46
445 2014 544 2065 Aldina
557 2017 642 2067 editio

106 2085 220 2146 praebct;
236 2083 310 2133 baec
323 2089 413 2135 autem
426 2086 542 2135 nominis
554 2086 641 2136 forma

107 2153 197 2203 Dorica
213 2159 256 2205 eat
269 2158 300 2204 et
314 2156 437 2216 poetica,
457 2160 488 2204 ut
500 2160 573 2207 recte
588 2171 643 2206 mo-

106 2223 271 2273 uetBredov.
294 2238 360 2287 pag.
376 2226 436 2273 272.
466 2224 545 2277 Conl
559 2228 641 2275 etlam

106 2292 213 2343 thena:
238 2293 282 2343 De
301 2292 412 2343 dialect.
425 2293 517 2344 Doric.
536 2310 562 2359 p
583 2295 641 2346 166.

106 2388 135 2398 -
146 2355 176 2410 τὸ
189 2356 330 2426 θέητρον,
345 2362 416 2427 quod
426 2362 471 2413 hic
481 2379 642 2414 commemo-

106 2438 181 2495 ratur,
195 2448 250 2482 non
265 2431 349 2496 longe
362 2432 451 2481 abiuit
463 2448 480 2482 a
494 2433 554 2484 foro
570 2434 642 2483 occi·

106 2500 204 2551 dentem
218 2517 334 2563 versus,
348 2504 418 2552 teste
432 2503 572 2553 Pausania
589 2504 641 2563 111,

108 2571 146 2646 11,
169 2571 197 2633 1,
215 2573 264 2635 qni
290 2571 322 2620 id
342 2568 428 2619 λιθου
448 2570 551 2620 λευκοῦ
571 2567 642 2629 θέας

104 2609 177 2699 ἄξιον
196 2656 259 2690 esse
277 2639 409 2689 affirmat.
441 2639 641 2707 Οοιι1.(μιοριιο

105 2708 192 2760 Athen
201 2710 260 2763 *RV
285 2724 351 2774 pag
371 2708 470 2761 13911.
487 2711 518 2759 F.
539 2716 567 2761 et
584 2712 639 2763 vid.

106 2779 266 2841 potissimum
295 2779 429 2828 Curtius:
457 2779 639 2846 Peloponnes.

106 2847 137 2896 lI.
153 2865 214 2914 pag.
227 2850 281 2900 226
296 2864 353 2914 seq.
367 2848 434 2911 312,
457 2851 544 2915 quiet
559 2851 641 2901 situm

105 2915 196 2968 theatri
215 2926 243 2969 et
259 2934 312 2981 ea,
335 2932 405 2983 quae
423 2918 512 2970 adhuc
527 2926 641 2983 restant,

106 2993 224 3039 accurate
236 2987 380 3039 describit.

261 3161 331 3212 (lar.
347 3161 475 3211 LXVIII.

130 3251 218 3321 iudeis
227 3255 256 3321 ἐς
264 3255 318 3319 τὰς
327 3258 421 3327 χεῖράς
432 3257 462 3312 οἱ
471 3260 528 3312 coin
539 3253 641 3326 unicip-

107 3332 183 3396 geos}
208 3333 403 3396 „Notissimus
416 3333 444 3382 in
462 3333 642 3383 adiurationi·

107 3400 149 3452 bus
168 3403 469 3468 supplicationibusque
493 3418 557 3452 uras
580 3407 643 3452 tan-

107 3471 179 3533 gendi
202 3478 229 3523 et
249 3472 425 3522 victimarum
447 3473 565 3538 prosicia
583 3487 641 3522 mos

107 3539 177 3591 docte
189 3541 345 3608 explicatur
358 3542 392 3591 ad
403 3543 519 3607 Appian.
530 3542 600 3592 Iber
613 3556 638 3605 p.

108 3608 150 3661 431
169 3613 201 3661 ah
215 3612 304 3661 Henr.
319 3610 460 3675 Stephano
477 3611 538 3661 coll.
557 3612 641 3661 inter-

109 3684 180 3740 prett.
192 3681 227 3730 ad
240 3679 397 3743 Thucydid.
411 3682 444 3743 V,
457 3681 522 3731 47.“
551 3682 588 3730 W
591 3696 640 3730 ea

108 3750 209 3814 relinp.
234 3749 312 3799 ’vid
332 3748 418 3799 allata
436 3751 503 3800 aC.
525 3750 555 3799 F.
570 3750 640 3800 Her·

109 3831 209 3868 manno.
222 3818 432 3870 Gottesdienatl.
442 3818 603 3871 Alterthiim.
612 3819 638 3870 d.

110 3885 205 3939 Griecb.
225 3892 250 3952 ξ
267 3891 310 3939 22.
331 3892 387 3939 not.
408 3888 449 3939 11.
485 3890 526 3940 Da
541 3889 640 3940 vocula

110 3968 134 4002 οι
126 3946 178 4007 ο1
190 3957 238 4019 VI,
249 3957 294 4009 63.

139 4024 212 4075 θεαῖν
226 4038 256 4075 σε
276 4024 334 4075 τάν
347 4040 376 4075 τε
395 4016 487 4074 ἄλλων
502 4018 641 4076 καταπτό-

109 4094 231 4161 μενος],,
234 4098 299 4146 alios
311 4096 372 4146 deos
383 4094 514 4161 Iouemque
527 4106 641 4148 antesta-

110 4171 158 4213 tus.-
175 4132 346 4216 conlirmatur
360 4164 437 4227 VIII,
452 4166 485 4217 66
499 4173 527 4216 et
539 4168 638 4217 Eusta-

110 4232 155 4282 tbii
165 4235 405 4300 interpretamento
415 4235 449 4284 ad
455 4235 563 4286 Homer.
575 4251 640 4302 pag.

114 4302 169 4365 155,
184 4305 218 4354 28
233 4320 256 4355 s.
273 4305 336 4369 117,
351 4303 415 4359 34.“
445 4306 481 4355 W
487 4309 639 4372 esselinq.

111 4370 165 4423 Vid.
179 4373 312 4424 Kuehner.
330 4373 377 4424 Gr.
398 4373 444 4424 Gr.
465 4377 490 4437 6.
506 4376 566 4426 526.
582 4380 640 4426 not.

694 1183 765 1233 inira
773 1182 887 1248 legitur.
907 1173 959 1248 ἐγώ
972 1201 1014 1235 ωυ
1026 1198 1056 1234 σε
1067 1179 1234 1251 μετέρχομαι

694 1267 750 1301 τοιυ
762 1251 849 1301 θεων

728 1318 841 1371 κα1του
849 1312 978 1384 Ερκείου
992 1314 1062 1380 Διὸς
1076 1319 1171 1388 conda]
1201 1325 1234 1374 In

693 1390 735 1440 his
750 1407 802 1442 vox
817 1392 912 1441 addita
923 1389 1008 1440 τοῦδε
1023 1392 1145 1444 indicare
1157 1393 1234 1444 vide-

692 1467 752 1519 tur,
773 1460 840 1511 haec
861 1467 926 1510 aute
945 1459 1019 1510 lovis
1039 1462 1138 1511 Hercei
1157 1478 1234 1512 aram
1325 1482 1330 1491 ·

693 1546 752 1582 esse
761 1535 888 1595 peracta:
899 1545 976 1596 quem
985 1529 1064 1581 deum
1075 1531 1160 1595 digito
1169 1547 1233 1596 qua-

692 1603 717 1650 el
730 1605 898 1651 monstrasse
916 1599 1053 1664 putandus
1072 1605 1124 1650 erit
1135 1602 1233 1651 Dema·

692 1674 787 1730 ratus,
813 1669 889 1719 bisce
911 1670 1004 1719 verbis
1032 1677 1144 1721 matrem
1167 1669 1233 1720 allo·

692 1754 785 1804 quens.
819 1740 860 1789 De
878 1738 982 1802 reliquo
1000 1738 1053 1787 loci
1072 1744 1232 1805 argumento

692 1811 733 1858 ita
745 1809 863 1858 Oreum.
883 1809 911 1856 in
929 1810 1093 1862 Commeutt.
1111 1809 1230 1860 Herodd.

692 1892 755 1943 pag.
775 1877 825 1928 231
847 1892 938 1942 seqq:
960 1878 1024 1940 „De
1037 1880 1103 1928 love
1116 1870 1231 1944 Ἑρκείφ

692 1948 796 1998 utiliter
813 1948 940 2011 exposuit
958 1947 1085 1997 Larcher.
1105 1948 1140 1997 ad
1166 1947 1193 1998 h.
1212 1947 1231 1996 l.

691 2017 840 2066 Primarios
852 2022 944 2066 autem
952 2023 1075 2067 veterum
1085 2020 1232 2082 scriptores

692 2087 751 2150 ipse
773 2086 894 2136 indicavi
911 2086 938 2134 in
951 2085 1056 2137 Melett.
1073 2087 1096 2136 I.
1112 2102 1173 2153 pag.
1190 2088 1231 2138 17.

691 2155 768 2205 Adde
785 2154 893 2204 Cratini
918 2155 1014 2220 lragm.
1038 2156 1112 2220 apud
1132 2156 1232 2206 Athen.

692 2225 740 2274 xl.
759 2239 786 2288 p.
798 2225 867 2285 tuo,
887 2224 960 2289 quod
976 2226 1114 2276 Porsouus
1130 2231 1233 2277 tracta-

692 2295 733 2342 vit
751 2296 780 2342 iu
794 2295 924 2344 Adversa.
941 2309 1006 2358 pag.
1029 2295 1079 2345 107
1101 2295 1142 2345 ed.
1155 2296 1232 2360 Lips.

690 2365 770 2415 Nunc
782 2364 817 2412 ad
825 2364 998 2413 Herodoteae
1010 2364 1174 2414 narrationis
1188 2379 1233 2414 ar·

691 2438 848 2497 gementum
863 2432 1028 2496 applicanda
1045 2434 1140 2483 haeoa
1155 2433 1233 2483 nobis

691 2504 815 2566 quaestio
834 2508 888 2551 est:
915 2518 961 2551 uer
982 2505 1006 2551 in
1025 2507 1167 2553 rodicauso
1184 2517 1232 2564 ρο·

691 2575 808 2621 ιίεε1ιιαοιι
823 2571 949 2621 Herceron
967 2570 1050 2621 Iovem
1071 2580 1177 2622 testulus
1200 2574 1234 2621 tit

690 2642 854 2690 Deruuroiue.
887 2642 947 2701 Qua
966 2641 995 2689 iu
1012 2656 1040 2690 re
1060 2641 1126 2690 bina
1141 2655 1233 2690 occur·

691 2716 754 2760 runt
767 2709 855 2759 nobis
884 2712 953 2758 Nam
967 2711 1091 2774 prImum,
1107 2710 1154 2775 qni
1169 2712 1233 2774 Iup-

691 2781 818 2843 piter)
777 2780 809 2827 R«
811 2781 907 2828 >ruanis
927 2780 1035 2829 Coriolis
1054 2795 1088 2830 ac
1103 2781 1231 2841 Septiiioe,

692 2849 804 2900 Graecis
809 2839 937 2909 Ερκειος
947 2849 1036 2898 dictus
1048 2854 1098 2909 ost,
1110 2849 1179 2898 idem
1191 2854 1231 2899 et-

691 2916 1066 3001 ἱαιρπατρῷοςκρρεΙΙειοεῖ
1075 2918 1232 2983 Igiturpro·

692 2990 752 3053 prie
776 2989 835 3037 eius
859 2988 964 3037 tutelae
985 2990 1131 3039 commissa
1152 2992 1231 3039 erant

690 3057 862 3123 gentilicia'
855 3072 916 3106 iura
942 3072 976 3106 ac
1005 3073 1085 3107 sacra
1111 3058 1230 3122 privata.

690 3128 764 3176 Hinc
777 3126 851 3191 apud
863 3126 1040 3177 Demosthen.
1055 3128 1164 3177 advers
1177 3128 1231 3176 Eu-

691 3195 746 3249 bul
762 3188 1231 3281 pag.13191teisk.eie’gndttn-

691 3280 740 3322 υος
751 3256 890 3330 Πατρῴου
903 3259 950 3312 καὶ
960 3256 1030 3321 Διὸς
1030 3258 1159 3327 Ερκειου
1169 3278 1231 3329 γευ-

691 3330 774 3398 υηταὶ
781 3339 809 3384 et
818 3334 890 3399 apud
900 3333 1029 3388 Platon.
1022 3349 1050 3384 ru
1056 3334 1174 3399 Euthyd.
1186 3336 1228 3384 72.

690 3420 752 3469 pag.
774 3405 841 3483 494:
867 3397 938 3459 Ζευς
962 3398 989 3451 δ’
998 3397 1081 3485 ἡμῖν
1099 3417 1232 3471 πατρφος

691 3468 751 3551 plo
764 3463 799 3522 οὗ
823 3472 947 3521 nutritori
960 3462 1101 3537 ,ἑρκεῖος
1124 3466 1156 3521 dl
1179 3455 1230 3521 καὶ

691 3535 830 3605 φράτριος
854 3510 1064 3607 κα1,ἰ13ηυαιή
1095 3542 1229 3607 φρατριά.

690 3612 804 3662 Athenis
821 3612 964 3661 Minervae
983 3612 1105 3663 Poliadis
1128 3614 1230 3663 mentio

689 3682 809 3748 iungitur
826 3680 1004 3745 religionibus
1022 3677 1092 3738 Διὸς
1108 3670 1228 3745 ερκείου,

690 3754 769 3802 cuins
786 3766 835 3800 ara
855 3751 884 3798 iu
896 3750 1046 3802 Pandrosio
1058 3752 1142 3802 fuisse
1154 3751 1230 3800 vide-

690 3826 735 3871 tur·
748 3819 908 3871 Philochoro
923 3822 993 3885 apud
1008 3821 1121 3885 Dionys.
1137 3820 1229 3871 Halic.

689 3891 750 3942 Vol.
763 3893 796 3943 V
816 3904 877 3954 pag
890 3888 942 3940 666
953 3890 1048 3941 Reisk
1082 3890 1124 3942 Gi.
1137 3889 1230 3941 Philo-

690 3960 765 4011 chori
779 3960 903 4023 fragium.
923 3974 986 4024 pag
1004 3961 1229 4024 umquamne

689 4032 872 4080 Romanorum
903 4043 1012 4094 quoque
1042 4030 1180 4079 Penatibus
1212 4044 1230 4078 a

691 4099 801 4150 Graecis
820 4103 993 4162 comparatos
1011 4114 1070 4149 esse
1089 4098 1154 4150 deos
1168 4088 1229 4159 Ερ-

689 4166 785 4224 κείους
796 4167 898 4218 diserte
910 4168 1000 4232 prodit
1010 4169 1125 4232 Dionys.
1136 4166 1228 4217 Halic.

689 4239 722 4288 A.
736 4239 769 4288 R.
784 4238 807 4299 1,
819 4236 862 4288 67.
877 4252 902 4301 p.
921 4237 970 4288 169
984 4237 1076 4288 Reisk.
1101 4238 1230 4299 Propter-

691 4322 724 4357 ea
739 4306 869 4373 quidquid
879 4306 914 4355 ad
928 4306 985 4357 heri
999 4307 1139 4370 patrisque
1151 4305 1230 4354 lami·
1312 4324 1314 4329 v

689 4375 743 4426 lios
756 4381 934 4442 potestatem,
945 4376 979 4425 ad
993 4376 1169 4425 sanctitatem
1182 4375 1230 4431 do·

111 4439 133 4504 6,
146 4457 259 4509 quocum
270 4441 323 4495 huo
336 4459 444 4511 quoque
456 4445 553 4509 refero,
569 4444 641 4510 quod
692 4447 1033 4513 musatqueintemeratam
1041 4443 1229 4511 illibatamque
