3008 5128
238 384 298 445 164
671 379 938 447 HERODOTI

236 556 297 647 τὴν
312 557 348 627 dd
362 560 488 645 ἐσθῆτα
501 558 684 646 μετέβαλον
698 554 828 627 αὐτέων
842 562 876 639 ἐς
888 555 950 647 τὴν
962 553 1068 626 Ἰάδα·
1098 555 1239 645 ἐφόρεον
1252 553 1314 643 γὰρ
1327 553 1365 644 δὴ

236 660 302 751 πρὸ
321 665 382 730 τοῦ
402 665 439 730 at
455 664 523 728 cciv
542 657 731 749 Ἀθηναίων
753 678 912 749 γυναῖκες
932 665 1058 749 ἐσθῆτα
1072 665 1227 747 Δωρίδα,
1251 664 1290 747 τι]
1303 665 1365 726 Κο-

237 773 354 856 ρινθίη
368 763 706 853 παραπλησιωτάτην·
728 770 912 854 μετέβαλον
925 755 974 834 clv
988 768 1021 844 ἐς
1033 763 1093 833 τὸν
1106 772 1218 834 λίνεον
1231 765 1365 849 κιθῶνα,

237 969 307 1018 itnrn
331 980 364 1017 ex
378 964 512 1016 indirecta
527 964 555 1014 in
574 963 706 1016 directam
720 981 780 1015 ora·
830 966 883 1016 hac
907 968 983 1017 ueste
1008 963 1121 1014 indutae
1143 962 1267 1029 adeoque
1295 963 1368 1027 ipsae

236 1038 353 1087 tionem:
371 1028 444 1101 ἄλλῳ
462 1028 514 1099 μὲν
535 1025 571 1097 δὴ
587 1026 639 1083 οὐκ
659 1028 732 1099 ἔχειν
746 1060 780 1072 ·-
831 1037 907 1099 deae,
919 1041 950 1085 ut
959 1035 1069 1097 Diana,
1082 1034 1171 1091 aliae3
1190 1035 1257 1099 quin
1267 1048 1299 1082 ea
1310 1034 1367 1096 ipsa

235 1099 289 1170 τὴν
308 1099 340 1155 dt
359 1094 468 1168 ἐσθῆτα
480 1098 656 1168 μετέβαλλον.
676 1107 731 1155 Pro
744 1105 781 1170 τῇ
830 1112 907 1158 veste
918 1103 1101 1155 Athenienses
1120 1105 1184 1153 olim
1199 1118 1267 1154 usae
1286 1102 1367 1152 fuisse

237 1172 400 1240 Κορινθίῃ,
423 1173 496 1239 quod
516 1173 638 1239 plerique
659 1172 721 1224 libri
742 1179 781 1225 te-
831 1176 967 1237 dicuntur,
981 1174 1068 1224 donec
1082 1173 1192 1224 loricam
1206 1178 1368 1223 aasumment

237 1252 313 1307 nent,
325 1244 425 1294 Aldina
439 1241 617 1306 Κορινθίων.
646 1244 727 1309 Seqq.
744 1244 782 1295 ci·
830 1250 948 1308 vestem,
962 1259 1032 1309 quae
1045 1243 1135 1309 qualia
1149 1243 1247 1304 luerit,
1260 1257 1293 1292 ex
1305 1242 1368 1291 artis

238 1321 282 1365 tat
294 1314 422 1366 Eustath.
439 1313 473 1363 ad
486 1313 531 1363 lli.
548 1327 611 1378 pag.
626 1314 694 1377 667,
708 1315 741 1364 37
758 1330 779 1363 s.
831 1314 1013 1365 monumentis
1027 1329 1114 1379 aeque
1128 1313 1259 1377 cognosci
1273 1316 1368 1377 potest,

236 1385 298 1445 431,
312 1387 328 1435 4
341 1391 369 1435 et
382 1382 443 1446 456,
461 1381 494 1434 10
505 1398 526 1432 s.
541 1381 602 1447 341,
617 1384 642 1433 u.
672 1383 730 1433 lam
746 1384 781 1434 ad
832 1385 970 1435 edsarum
984 1382 1147 1447 simulacris,
1162 1383 1224 1433 aliis
1238 1382 1266 1431 id
1279 1396 1366 1447 genua

238 1454 324 1506 totius
336 1453 392 1504 loci
403 1458 593 1519 argumentum
613 1452 710 1504 melius
722 1470 782 1519 per·
830 1456 953 1519 Namque
962 1454 1100 1503 manicata
1108 1453 1298 1503 amiciebatur.
1310 1451 1369 1500 Lin-

238 1524 409 1590 spicieudum
423 1522 492 1573 haec
507 1523 593 1572 teneri
608 1522 700 1573 velim.
726 1524 783 1573 Du·
831 1530 878 1574 tea
890 1523 1061 1584 mattarios,
1073 1528 1132 1573 tota
1145 1523 1369 1584 consuta,inqna

237 1596 300 1660 pler
314 1594 478 1644 Graecarum
491 1591 631 1642 mulierum
647 1592 782 1657 distingui
830 1593 921 1644 fibulis
935 1592 1024 1643 nullus
1039 1591 1132 1671 locusl
1145 1591 1260 1641 manicis
1275 1593 1369 1639 instru-

239 1664 320 1716 debet
333 1663 537 1721 vestimentum,
553 1662 683 1712 Doricum
697 1668 782 1728 atque
831 1670 877 1713 ota
891 1662 974 1726 (unde
987 1659 1152 1725 χειριδωτος
1165 1651 1263 1725 χιτών)
1274 1698 1282 1722 ,
1294 1659 1369 1723 longa

237 1735 374 1791 lonicum,
396 1731 464 1782 illud
492 1732 633 1797 antiquius
658 1731 782 1796 adeoque
832 1733 867 1783 ad
879 1732 962 1798 pedes
977 1732 1101 1796 talosque
1114 1746 1201 1797 usque
1217 1730 1334 1781 deducta
1345 1734 1370 1777 et

237 1819 319 1855 unum
340 1802 464 1852 omnibus
487 1802 551 1851 olim
571 1802 682 1852 Graecis
703 1801 783 1852 Dori·
832 1808 918 1852 totum
930 1817 1029 1869 corpus
1041 1802 1181 1864 obtegens,
1192 1800 1256 1850 hinc
1264 1800 1370 1850 sinuosa

238 1874 289 1923 bus
307 1886 393 1938 aeque
414 1877 496 1937 atque
507 1870 619 1921 Ionibus
639 1872 781 1935 usitatum,
832 1878 860 1922 et
876 1871 1049 1935 complicata.
1087 1871 1164 1933 Quae
1179 1870 1272 1921 omnia
1291 1869 1370 1919 orien-

237 1942 289 1993 hoc
301 1957 334 1993 ex
347 1941 427 2005 Asia,
449 1943 496 1991 ubi
511 1942 591 1991 lones
611 1942 726 2004 primum
738 1957 784 1991 aa·
833 1942 929 1991 talium
938 1939 1203 1991 lrominamrelerunt
1211 1941 1369 1989 amiotumet

238 2014 420 2077 sumpserunt,
428 2011 456 2059 in
464 2012 601 2075 Europam
617 2010 679 2060 inde
691 2011 728 2060 ad
739 2011 785 2060 Io·
834 2012 869 2062 ad
880 2011 964 2061 vitam
978 2011 1125 2076 pertinent,
1136 2010 1245 2076 qualem
1258 2023 1305 2074 per
1314 2007 1370 2057 Ori·

238 2083 318 2132 nicae
330 2079 424 2143 stirpis
442 2084 537 2144 gentes
552 2080 716 2129 traductum.
747 2080 783 2130 ll·
832 2087 921 2131 entem
936 2096 1018 2146 agere
1028 2078 1116 2131 solent
1129 2079 1270 2130 mulieres:
1291 2084 1371 2128 utsa·
1478 2054 1479 2101 Ῐ

237 2151 284 2201 lud
296 2166 330 2202 ex
340 2150 406 2200 lans
420 2155 546 2214 paratum
562 2153 590 2198 et
600 2149 708 2214 quidem
726 2165 780 2200 uno
832 2166 865 2202 ne
882 2165 914 2200 eo
934 2151 1044 2215 probari
1063 2150 1203 2212 videatur,
1224 2147 1298 2214 quod
1314 2163 1370 2211 cap.

238 2237 272 2271 ex
284 2220 436 2285 fragmento
455 2234 505 2270 neo
526 2218 649 2283 pluribus
669 2221 783 2284 eparti-
832 2236 889 2287 seq.
904 2221 1005 2271 Noster
1017 2219 1112 2282 tradit,
1126 2219 1197 2269 hanc
1209 2223 1323 2279 vestem,
1332 2217 1371 2266 Io·

237 2291 289 2341 bns
303 2294 457 2354 consutum,
472 2290 532 2339 sive
547 2289 676 2351 manicis,
690 2291 718 2338 in
733 2287 782 2339 hu·
833 2291 903 2341 nicia
924 2292 1069 2351 usitatam,
1094 2290 1202 2355 proprie
1221 2303 1277 2338 non
1292 2287 1372 2337 luisse

238 2362 320 2411 meris
331 2364 438 2409 tantum
453 2373 562 2423 unoque
581 2359 666 2409 latere
684 2374 783 2409 eonne—
832 2360 1138 2424 Ioniccm‚sed0ariccm,
1153 2359 1188 2409 ab
1200 2358 1313 2408 Asianis
1326 2357 1371 2420 igi·

237 2428 398 2492 xumfibuta
407 2427 785 2493 alterolatereapertum(uu-
830 2436 877 2481 tur
889 2429 996 2495 populis
1005 2435 1153 2495 receptam.
1171 2427 1252 2492 Quod
1266 2434 1321 2477 tum
1335 2426 1371 2474 ta·

238 2501 272 2551 de
285 2491 397 2565 αχιστὸς
409 2490 517 2563 χιτών),
531 2499 571 2549 ita
584 2503 692 2561 tamen,
708 2504 740 2548 ut
752 2499 782 2547 ti-
833 2505 905 2551 ctum
923 2515 982 2550 esse
1001 2500 1142 2550 existimat
1159 2497 1189 2549 C.
1205 2498 1239 2548 0.
1254 2496 1372 2547 Mueller.

237 2570 309 2631 bulis
338 2584 360 2621 s.
389 2569 492 2619 acubus
518 2567 696 2633 probabiliter
717 2584 783 2618 eon·
831 2571 969 2635 Aeginett.
987 2571 1076 2635 prs,
1095 2584 1156 2619 cunr
1176 2567 1279 2618 Milesii
1298 2565 1373 2631 primi
1479 2560 1480 2595 t

238 2638 339 2704 stringi
353 2645 455 2703 posset,
471 2654 504 2688 ue
517 2636 575 2687 scil.
592 2638 680 2689 nudas
696 2638 783 2689 seda·
832 2640 931 2691 Carum
951 2639 1066 2689 leminaa
1080 2642 1209 2703 raperent
1229 2642 1258 2688 et
1277 2637 1373 2687 inma-
1479 2638 1480 2643 ’

238 2716 301 2760 rent
315 2708 455 2771 mulieres,
474 2707 599 2772 idemque
613 2708 697 2758 etiarn
712 2708 782 2759 solvi
832 2709 989 2759 trimonium
1005 2709 1136 2759 ducerent
1158 2707 1209 2773 (ei.
1227 2706 1330 2756 Herod.
1350 2705 1371 2766 1,

238 2784 347 2844 posset,
368 2780 391 2829 si
410 2777 522 2828 liberior
545 2780 667 2843 corporis
691 2782 782 2828 motus
835 2778 911 2844 146),
926 2780 965 2828 ita
978 2783 1009 2828 ut
1023 2794 1101 2828 omne
1115 2779 1167 2829 hoc
1180 2776 1317 2828 vestiendi
1330 2791 1373 2840 ge-

240 2844 284 2912 (ut
295 2864 322 2900 v.
343 2863 367 2898 c.
387 2849 415 2896 in
432 2847 521 2906 ludis,
542 2847 640 2910 quibus
659 2853 687 2896 et
706 2847 782 2913 ipsas
832 2865 883 2899 nus
897 2865 911 2899 e
927 2848 1022 2900 Mileto
1037 2848 1188 2913 prolectam
1205 2847 1242 2896 ad
1258 2846 1372 2911 reliquos
1476 2840 1480 2863 ⁴

238 2916 367 2967 mulieres
390 2915 548 2967 interfuisse
570 2915 707 2979 novimus)
730 2916 782 2966 hoc
833 2920 913 2970 lones
931 2923 959 2968 et
972 2919 1110 2968 Asiaticos
1124 2924 1152 2968 et
1165 2918 1324 2981 Europaeos
1336 2916 1373 2963 iu·

237 2987 404 3050 requireret,
424 2986 471 3035 ubi
494 2992 610 3049 utraque
630 2985 733 3036 lacinia
748 2985 783 3034 ab
833 2988 865 3038 de
888 2988 1042 3038 traductum
1065 2988 1154 3038 videri
1175 2990 1269 3052 queat.
1304 2984 1371 3034 Add.

238 3060 357 3120 utroque
368 3054 453 3105 latere
470 3054 669 3119 explicaretur,
690 3056 784 3105 inleri-
833 3073 903 3123 quae
910 3057 981 3108 hauc
988 3058 1016 3108 iu
1023 3057 1241 3122 remdisputavit
1248 3055 1282 3106 G.
1289 3056 1372 3118 Mitys:

239 3139 354 3189 orasque
370 3124 492 3190 corporis
513 3129 619 3188 partes,
643 3130 673 3174 ut
690 3124 783 3190 pedes,
833 3127 1031 3178 Griechenland
1054 3142 1080 3176 n.
1095 3126 1143 3178 der
1156 3125 1255 3177 Orient
1276 3141 1303 3191 p.
1325 3122 1373 3174 203

239 3209 320 3245 orura
330 3199 503 3258 apparerent.
525 3192 604 3243 Unde
614 3192 785 3258 φαινομηρί·
834 3202 862 3248 et
873 3198 933 3249 204.
955 3198 998 3246 De
1008 3197 1117 3248 diversa
1127 3198 1229 3247 Dorum
1240 3200 1323 3261 atque
1332 3192 1373 3242 lo-

239 3259 293 3321 dcc
310 3262 436 3315 mulieres
449 3263 599 3327 Spartanos
617 3266 699 3329 poeta
714 3264 785 3313 dixit
832 3282 896 3317 unm
913 3272 989 3317 veste
1007 3265 1085 3330 plura
1102 3266 1132 3316 Ο.
1147 3266 1180 3317 0.
1196 3264 1312 3316 Mueller
1334 3267 1373 3313 at·

239 3333 349 3397 Ibycus.
389 3333 429 3383 Ao
452 3333 607 3398 plerumque
631 3349 664 3383 no
687 3348 784 3383 zonam
833 3336 897 3386 tulit
915 3336 957 3385 in:
985 3335 1094 3385 Handb.
1114 3335 1141 3386 d.
1154 3333 1333 3399 Archaeolog.
1350 3331 1372 3395 6.

239 3402 348 3468 qnidam
367 3402 430 3453 huic
455 3403 569 3453 amictui
592 3403 665 3452 inira
687 3408 784 3469 pectus
832 3406 884 3457 339
899 3406 960 3457 coll.
975 3406 1114 3471 Aeginett.
1133 3421 1160 3470 p.
1178 3406 1209 3455 71
1228 3420 1287 3470 seq.
1308 3404 1372 3453 Dor.

240 3471 388 3522 addebant.
410 3471 579 3522 Taleautem
589 3472 784 3523 vestimentum
833 3475 870 3525 ll.
891 3491 954 3540 pag.
973 3476 1025 3528 263
1044 3490 1120 3541 seqq.
1148 3474 1250 3540 Attigit
1269 3486 1373 3540 qnoque

240 3542 369 3593 muliebre
381 3541 469 3593 fibulis
492 3540 653 3592 adstrictum
667 3549 783 3593 vocatur
832 3545 983 3610 Boettiger.
1001 3547 1030 3594 in
1044 3541 1143 3594 Annal.
1155 3545 1254 3595 Vienn.
1272 3537 1371 3609 (1836)

240 3612 354 3663 Graecis
373 3606 543 3674 aepovqrplr
564 3616 592 3660 et
609 3605 784 3677 καταττνχὶς
833 3615 865 3664 Τ.
878 3615 975 3665 XLIX.
999 3631 1023 3679 p.
1038 3616 1054 3664 4
1067 3613 1237 3679 Anaeigebl.‚
1257 3615 1373 3676 itemquo

240 3674 421 3745 ἐμπερίναμα
440 3680 481 3746 (ut
495 3685 587 3731 monet
599 3680 730 3732 Valcken.
745 3683 781 3732 ad
831 3683 1011 3735 Broendrted.
1026 3686 1055 3733 in
1067 3684 1163 3734 ltiuer.
1176 3684 1209 3733 T.
1224 3683 1261 3735 11.
1282 3699 1308 3747 p.
1322 3678 1370 3731 tut

239 3750 266 3799 lr.
283 3750 300 3800 l.
318 3756 345 3801 et
359 3751 416 3800 alia
434 3751 522 3801 citans
542 3758 569 3800 et
582 3750 728 3815 Spanhem.
746 3751 782 3801 ad
832 3758 874 3814 ct,
891 3754 939 3818 qui
959 3755 1039 3805 aCr.
1058 3752 1195 3815 landatur,
1208 3750 1372 3803 Raoul-Rc·

240 3819 477 3870 CallimacbiH.in
485 3819 574 3885 Apoll.
583 3820 627 3885 32)
639 3822 698 3871 sire
709 3836 781 3871 com·
830 3822 922 3874 chette
935 3823 977 3873 iu:
995 3822 1147 3873 Achilleide
1160 3822 1272 3889 pagssd.
1281 3825 1338 3871 not.
1345 3818 1370 3877 6,

240 3889 313 3939 muni
326 3889 512 3953 appellatione
523 3892 610 3954 χιτών
623 3898 705 3955 atque
718 3883 782 3952 ίμά-
832 3896 860 3942 et
879 3892 1076 3958 Staolselberg:
1100 3893 1155 3942 Der
1174 3885 1370 3956 Apollotempel

239 3971 316 4019 τιον,
336 3958 403 4008 illud
414 3961 524 4017 rectius,
534 3965 565 4009 nt
577 3961 640 4025 ipsa
651 3960 719 4010 artis
733 3961 781 4010 do·
831 3977 865 4012 zu
881 3963 985 4013 Bassae
1001 3978 1062 4027 pag.
1081 3964 1124 4013 Π.
1150 3962 1201 4012 His
1221 3961 1291 4012 adde
1304 3956 1370 4009 Bels-

240 4033 303 4078 cent
315 4035 503 4089 monumenta;
523 4028 573 4079 hoc
589 4030 651 4080 iude
664 4030 781 4081 fortasse
830 4031 925 4081 karum
946 4033 975 4083 in
994 4030 1111 4082 Charicl.
1125 4031 1177 4084 111.
1200 4047 1225 4096 p.
1250 4028 1299 4081 176
1315 4042 1369 4091 seq.

240 4096 357 4148 invaluit
368 4112 474 4159 nomen,
488 4098 560 4160 quod
573 4099 597 4148 si
611 4115 671 4150 cum
682 4100 781 4150 Ionum
833 4101 874 4152 ed.
888 4102 917 4154 C.
935 4103 965 4153 F.
981 4102 1131 4152 Hermann.

240 4166 350 4218 chitone
363 4176 576 4232 compararetur,
588 4184 653 4219 sans
667 4162 781 4232 ἱμάτιον
866 4168 903 4235 τῇ
916 4169 1063 4235 Κορινθίῃ
1084 4158 1368 4233 παραπλησιωτάτην]

240 4252 300 4287 esse
317 4237 456 4288 videretur
470 4253 503 4289 ac
520 4252 615 4289 revera
635 4239 675 4289 sio
689 4237 781 4303 appel·
832 4239 910 4291 Unde
924 4240 976 4292 boc
989 4244 1062 4291 certe
1077 4240 1170 4305 colligi
1183 4243 1287 4303 potest,
1302 4232 1370 4300 quod

239 4304 292 4356 lari
306 4313 409 4372 posset.
435 4307 529 4358 Adhuc
544 4308 571 4356 in
587 4308 672 4358 variis
687 4324 781 4358 monu-
832 4310 916 4359 etiam
936 4310 1044 4360 aliunde
1062 4309 1206 4375 probatur,
1217 4304 1370 4365 corinthio·

240 4376 348 4439 montis,
360 4392 430 4442 quae
442 4382 562 4428 nostram
573 4375 693 4428 tulerunt
705 4383 781 4427 oeta·
831 4396 888 4430 rum
898 4381 1099 4444 vestimentum,
1110 4378 1235 4444 quamvis
1246 4380 1274 4427 et
1285 4376 1370 4440 ipsum

239 4448 305 4514 tem,
315 4448 520 4515 conspiciuntur
530 4446 780 4499 mulieresDoricae
831 4450 960 4501 Doricum
975 4450 1168 4517 aretiquorum
1177 4441 1371 4500 Dorumresti·
