2916 5130
354 391 642 494 ὀρατορυμ
666 430 739 492 vu.
759 438 912 495 οεε-νεε.

1098 472 1105 487 .
1143 424 1204 489 795

77 634 139 676 νον
156 610 218 675 τοῦ
238 601 358 692 ἇστοῦ,
387 602 545 694 πολιήτης
570 602 656 694 ἀνὴρ
684 602 724 674 τα
747 602 863 693 ἄριστά
881 608 919 681 ‚oi
938 607 1098 674 δοκέοντα
1118 600 1204 681 ebroe

77 707 275 796 ὑποθέοιτο,
303 716 334 779 ελ
360 709 405 799 μὴ
425 709 539 800 πρόσω
562 706 680 799 ἀρετῆς
698 706 832 799 ἀνήκοα
868 708 1001 778 σπάνιοι
1024 705 1056 778 d'
1082 708 1145 777 eici
1174 710 1208 775 ot
1270 760 1277 773 .

77 818 232 883 τοιοῦτοι.
268 818 374 897 ξεῖνος
402 815 439 883 δὲ
469 818 566 909 ξείνῳ
594 805 633 883 εὖ
659 814 844 901 πρήσσοντί
868 816 937 882 ἐστι
966 809 1205 901 εὐμενέστατον

77 917 231 1005 πάντων,
263 920 579 1006 συμβουλευομένου
599 945 636 986 τε
666 912 709 987 ῶν
728 916 992 1005 συμβουλεύσειε
1012 915 1052 985 τὰ
1075 912 1202 1002 ἄριστα.

78 1018 164 1090 οὗτοι
179 1011 230 1090 ῶν
250 1030 446 1110 κακολογίης
467 1024 542 1111 πέρι
557 1026 614 1110 τῆς
634 1025 666 1102 ἐς
682 1021 900 1110 Δημάρητον,
922 1019 1033 1101 ἐόντος
1052 1022 1124 1119 ἐμοὶ
1137 1024 1202 1102 ξεί-

33 1147 77 1198 617
87 1152 166 1211 νου,
194 1132 335 1213 ἔχεσθαί
351 1154 426 1195 τινα
444 1131 505 1196 τοῦ
527 1130 645 1195 λοιποῦ
665 1125 803 1194 κελεύω.
848 1129 957 1193 Ταῦτα
975 1134 1070 1205 ελπας
1082 1126 1271 1211 Ξέρξηςῖβὸ

79 1230 201 1319 διεξήιε
223 1229 280 1299 διὰ
300 1235 369 1299 τῶν
390 1235 536 1319 νεκρῶν·
571 1231 625 1299 καὶ
639 1234 837 1314 Λεωνίδεω,
864 1225 1013 1316 νἰκηκοῶς
1034 1224 1084 1296 ὅτι
1106 1234 1201 1315 βασι-

79 1333 153 1414 λεύς
166 1361 203 1402 τε
221 1325 264 1424 ἦν
277 1334 333 1402 καὶ
346 1331 527 1422 στρατηγὸς
540 1338 833 1422 Λακεδαιμονίων,
848 1334 1002 1402 ἐκέλευσε
1016 1328 1203 1419 ἀποταμόν-

78 1464 133 1517 τας
155 1435 218 1527 τὴν
238 1435 390 1526 κεφαλὴν
408 1434 674 1527 ἀνασταυρῶσαι.
717 1434 802 1524 δῆλά
819 1462 874 1525 μοι
898 1444 1050 1505 πολλοῖσι
1069 1434 1132 1524 μὲν
1149 1433 1206 1500 καὶ

80 1643 230 1709 optativum
242 1634 406 1703 ὑποθέοιτο,
423 1644 456 1694 de
468 1660 521 1710 qua
530 1642 617 1694 formu

80 1714 150 1764 conf.
168 1714 287 1766 Bredor.
305 1730 367 1780 pag.
383 1716 433 1765 395
453 1722 481 1765 et
497 1715 551 1766 vid.
572 1730 618 1765 au-

10 1800 12 1825 ;
81 1798 126 1846 pra
140 1784 170 1845 1,
185 1784 227 1834 53.
265 1785 306 1834 De
326 1784 401 1834 verbi
420 1784 618 1847 significatione

81 1853 133 1903 vid.
153 1859 222 1904 nott.
238 1853 274 1904 ad
290 1857 328 1917 V,
341 1857 383 1915 9²·
400 1855 425 1917 §-
441 1854 466 1905 9.
499 1854 618 1906 Verbum

10 1926 12 1933 '
82 1923 193 1974 modium
215 1918 461 1990 συμβουλεύεσθαι
484 1925 565 1989 attigi
583 1925 617 1976 ad

80 1993 138 2055 v11,
153 1992 203 2045 235
220 1994 301 2056 inin,
317 1996 438 2044 activum
449 1990 619 2061 σομβονλευ·

10 2098 11 2103 ,
80 2076 118 2109 ειν
129 2063 201 2113 vaiet
213 2067 346 2115 concilium
361 2066 425 2114 dore
437 2067 513 2116 oiicnci
524 2082 545 2116 ε.
559 2081 618 2115 σον-

10 2174 12 2195 ,
81 2135 170 2193 aniene,
179 2137 336 2198 prospicere
345 2136 428 2186 alicui.
456 2135 619 2186 Hinchuiua

80 2198 129 2251 1οοί
139 2206 295 2255 sententia:
313 2204 343 2254 Si
360 2207 420 2255 civia
437 2206 511 2255 ciuem
529 2221 618 2256 consic-

10 2314 11 2335 3
84 2272 116 2320 iot
126 2290 146 2325 a.
159 2289 212 2325 οειιιι
231 2276 283 2324 cine
298 2278 403 2325 consiliu
414 2276 541 2337 conserat.

10 2380 12 2405 ,
114 2335 183 2408 εἰμὴ
193 2338 298 2405 πρῶτον
313 2336 414 2409 αρετῆς
425 2335 538 2409 ἀνήκοι]
559 2344 577 2393 i.
593 2362 617 2394 e.

10 2452 12 2481 3
86 2411 127 2460 uiri
136 2416 241 2464 ulterius
253 2417 278 2464 in
289 2418 380 2465 virtuto
388 2430 541 2479 proqreasur
553 2423 620 2464 esset

86 2494 104 2528 τ.
117 2498 211 2548 πνμαοε
236 2488 261 2534 in
274 2489 364 2535 virtute
382 2486 486 2547 fecisset
500 2500 619 2549 μνομιέε-

84 2566 128 2600 ιιι.
158 2553 261 2604 breton.
281 2554 326 2606 Gr.
343 2553 389 2603 Gr.
408 2570 470 2620 pag.
490 2555 542 2605 948
560 2569 619 2604 ver-

84 2621 168 2674 nacule
176 2623 285 2676 reddit:
307 2640 334 2675 es
345 2626 401 2674 weit
414 2625 517 2687 brinnon
530 2627 554 2674 in
566 2625 618 2673 Au·

84 2689 164 2757 εελνορ
183 2695 235 2744 der
252 2693 369 2758 Τνμενιί,
391 2696 408 2743 i.
431 2710 454 2746 e.
468 2697 493 2743 in
508 2696 555 2744 der
572 2693 619 2743 Τν-

84 2762 147 2821 qood.
162 2764 231 2815 vid.
243 2769 312 2815 nott.
326 2763 361 2813 ad
371 2763 435 2827 vll,
444 2764 469 2813 9.
482 2766 506 2827 ξ.
518 2764 543 2814 3.
555 2764 618 2823 vll,

11 2872 13 2883 .
90 2829 120 2878 ld.
134 2832 188 2884 134.
199 2833 248 2883 bl).
276 2835 355 2884 Coni.
371 2835 495 2885 Kuebuor
511 2835 558 2885 Gr.
571 2834 616 2883 Gr.

88 2902 107 2960 i.
118 2900 178 2964 513,
193 2906 208 2954 5
228 2903 385 2953 etFritseb:
408 2903 617 2970 Vergleichende

84 2967 217 3023 Roarbeitn
226 2988 262 3038 ng
279 2974 304 3022 d.
320 2973 427 3025 Griech.
440 2989 466 3024 u.
476 2975 538 3024 Lat.
551 2975 619 3025 Par-

11 3066 15 3075 *
83 3037 401 3125 tikelq.11.q.130aeq.

11 3158 13 3179 1
126 3124 195 3160 ουτω
225 3126 279 3162 ουν
305 3110 473 3178 κακολογίας
498 3110 563 3175 πέρι
585 3137 618 3146 -

12 3182 17 3235 ’,
86 3168 194 3241 ἔχεσθαί
216 3197 284 3230 τινα
307 3181 358 3231 τοῦ
374 3180 478 3231 λοιποῦ
502 3175 616 3245 κελεύω]

85 3246 177 3303 Mattb.
193 3252 238 3304 Gr.
257 3251 303 3305 Gr.
321 3255 345 3316 ἕ.
363 3251 415 3303 353
428 3251 472 3302 fin.
493 3252 562 3301 haee
579 3252 619 3301 ita

11 3364 13 3389 f
85 3315 285 3384 interpretatur:
312 3324 401 3384 „Wua
417 3322 619 3373 dieSebrno'bun-

12 3456 13 3459 Ἴ
83 3402 127 3450 ραι
140 3389 247 3457 tetriffc,
262 3407 291 3441 ao
303 3392 400 3458 qebiete
410 3393 461 3452 ιὀλ,
475 3391 527 3441 nied
541 3392 618 3441 τίεται

85 3471 113 3504 :u
125 3461 277 3512 τπιλολλεπ.“
299 3452 364 3510 τινὰ
374 3464 525 3527 acceperim
536 3478 619 3511 unum-

85 3543 208 3595 quenque,
222 3532 258 3584 ci.
269 3532 369 3587 Matth.
378 3532 423 3582 Gr.
434 3533 479 3581 Gr.
490 3529 512 3596 ξ.
526 3532 617 3593 tem.

86 3595 150 3647 Hine
162 3600 266 3654 Latine
277 3601 468 3668 eipressetim:
492 3602 582 3666 Itaque
594 3618 617 3651 a.

85 3665 165 3716 debinc
185 3674 254 3735 qood
272 3673 308 3720 ad
325 3673 509 3723 criminationes
525 3673 549 3720 in
569 3672 619 3722 De-

84 3747 211 3803 maratum,
232 3745 421 3807 unsimqnemque
440 3742 471 3791 iis
492 3741 619 3792 obstinere

85 3806 242 3868 inposterum
258 3813 337 3863 iubeo.
375 3809 446 3861 Maio
465 3812 491 3860 in
510 3811 619 3875 quibua·

85 3873 142 3924 dam
151 3879 228 3935 codd.
240 3875 421 3945 περιέχεσθαι
432 3896 480 3946 pro
493 3873 618 3945 ἔχεσθαι,

85 3947 316 4067 qqod85obatirrendi
333 3952 445 4002 notione
465 3951 618 4025 invenimus

130 4051 137 4075 ἱ
186 4060 192 4072 ο

107 4073 210 4159 ’ἐόντος
223 4082 286 4153 luci
302 4084 407 4155 ξείνου]
428 4089 618 4153 Exspectabas

86 4140 207 4231 ἕοντα-
217 4156 312 4220 ξεῖνον
330 4160 364 4209 ob
384 4159 548 4210 antecedens
562 4161 617 4222 Δη·

85 4232 217 4288 torosos:
236 4230 283 4280 sed
297 4229 384 4280 noluit
395 4232 436 4279 ita
444 4230 544 4281 Noster
554 4230 619 4280 acri-

86 4287 158 4372 bere,
174 4300 240 4361 quia
250 4315 334 4350 causa
346 4299 432 4364 ipsius
444 4300 561 4351 actionis
572 4317 617 4351 ex·

85 4364 218 4427 inuritur,
241 4375 271 4420 nt
291 4376 363 4420 recte
385 4372 476 4420 monet
495 4369 616 4420 Geisier:

85 4425 124 4479 De
135 4432 244 4488 Graece.
257 4441 399 4489 nominati.
412 4439 541 4490 absolutt.
554 4455 616 4506 pag.

86 4494 125 4551 31.
157 4503 253 4572 ltaque
273 4509 329 4559 noli
344 4516 465 4571 vortere,
487 4514 519 4560 ut
536 4509 616 4575 vulgo

667 1643 786 1693 faciunt:
805 1645 865 1709 qni
880 1659 947 1693 meus
970 1650 1008 1693 eet
1028 1642 1132 1704 λοιμον,
1158 1638 1206 1691 scd

668 1728 884 1779 unumquemque
902 1714 1091 1765 criminatione
1112 1713 1140 1761 in
1153 1712 1205 1762 De·

668 1790 801 1834 meretum
821 1784 957 1834 abstinere
974 1783 1036 1833 ideo
1054 1781 1129 1831 iubet
1148 1796 1205 1843 rex,

667 1858 726 1921 ρεαο
737 1855 888 1905 Dernoratus
907 1855 985 1917 ι’ρείαε
1003 1855 1038 1903 sit
1049 1852 1153 1916 hospes,
1171 1852 1205 1902 ab

668 1925 776 1990 hospite
796 1931 887 1974 autem
908 1939 973 1989 erga
997 1922 1132 1986 hospitem
1151 1938 1206 1972 uon

668 1995 722 2044 nisi
744 1994 963 2045 benevolentiam
984 1997 1140 2057 exspectare
1162 1991 1205 2042 iar

668 2065 714 2116 eit.
740 2065 774 2114 In
786 2065 828 2114 bia
842 2079 949 2129 quoque
964 2061 1108 2113 secundnm
1123 2063 1207 2113 Grae·

668 2150 760 2185 corum
770 2149 858 2185 mores
867 2138 950 2199 atquo
960 2135 1087 2183 instituta
1096 2132 1207 2198 loquen-

669 2212 722 2255 tem
735 2206 879 2255 Persarum
894 2219 984 2270 regem
997 2202 1108 2266 inducit
1121 2203 1207 2253 Hero·

668 2275 764 2337 dotus,
786 2275 851 2325 aliis
871 2273 944 2323 haud
963 2274 1056 2339 paucio
1073 2273 1156 2335 locis,
1176 2276 1207 2323 ut

655 2345 798 2406 vvidimus,
819 2344 910 2395 Peraia
930 2343 1104 2409 loquentibus
1122 2343 1206 2394 Grae·

667 2431 715 2466 cas
730 2414 882 2466 attribuens
895 2414 1055 2465 sententias.

794 2587 859 2637 Car.
880 2586 1078 2638 ccxxxvln.

703 2684 809 2756 διεξήλι
822 2687 870 2740 διὰ
882 2689 940 2740 τῶν
953 2686 1072 2755 νεκρῶν]
1093 2692 1111 2742 i.
1125 2706 1148 2741 e.
1160 2705 1207 2753 per

667 2769 776 2813 νιονλαοε
793 2763 894 2813 transiit
915 2778 937 2811 ε.
957 2770 1108 2813 mortuomm
1129 2761 1209 2810 cada·

667 2850 730 2882 υενα
743 2833 931 2895 praetereundo
948 2832 1088 2891 lustrabat,
1109 2835 1139 2880 ut
1150 2831 1206 2881 iere

668 2903 771 2965 1,199.
806 2902 884 2964 Quod
906 2903 1028 2967 sequitur
1047 2900 1094 2952 καὶ
1106 2898 1209 2950 Λεωνί-

669 2968 739 3034 δεω,
755 2972 783 3023 id
796 2987 850 3022 non
864 2971 899 3021 ad
913 2972 1144 3037 praepositionem,
1157 2962 1207 3018 dcci

668 3042 823 3106 retuderim,
842 3043 888 3092 aed
905 3042 941 3091 ad
954 3043 1038 3091 verba
1060 3059 1134 3108 seqq.
1152 3031 1207 3090 ἐκέ-

669 3112 748 3162 λευσε
777 3105 976 3174 ἀποταμόντας
1003 3105 1056 3176 τὴν
1079 3106 1207 3175 κεφαλὴν

668 3175 898 3247 ἀνασταυρῶσαι,
919 3183 1050 3233 Leonidae
1066 3186 1149 3246 capite
1163 3182 1207 3231 ab·

667 3255 747 3303 scisw
758 3267 850 3315 corpor
864 3255 934 3303 cruci
946 3254 1105 3318 osfiyiiurait.
1125 3254 1206 3302 Nam-

670 3338 721 3388 que
735 3323 770 3389 ad
785 3314 1001 3385 ἀνασταυρῶσαι
1016 3323 1153 3374 commode
1167 3323 1206 3372 iu-

669 3392 755 3457 tellig.
777 3384 879 3454 αὐτὸν,
901 3393 919 3443 i.
941 3408 965 3446 e.
986 3385 1204 3457 τόνΛειονίδην.

669 3463 785 3512 Domum
808 3468 900 3512 autem
918 3463 1057 3514 Leonidae
1080 3479 1142 3514 osen
1166 3479 1206 3511 re-

668 3532 726 3582 lata
746 3548 806 3584 ease
828 3549 845 3582 a
863 3534 1000 3583 Pausania
1026 3532 1207 3599 quadraginta

668 3607 731 3667 post
740 3604 819 3652 annia
833 3608 927 3653 auctor
939 3609 981 3652 est
993 3604 1143 3654 Pausaniae
1153 3602 1205 3665 111,

671 3673 711 3722 14.
739 3671 763 3735 ᾗ.
789 3674 812 3722 1.
852 3674 894 3723 De
921 3671 1007 3723 leonia
1034 3679 1205 3723 monumento

667 3746 764 3807 postea
778 3757 795 3792 a
808 3742 920 3792 Graecia
934 3748 1026 3793 erecto
1044 3746 1073 3793 in
1092 3742 1205 3805 tumulo,

668 3812 714 3862 ubi
734 3811 872 3862 ceciderat
883 3810 1035 3875 Leonidae,
1055 3812 1112 3864 vid.
1124 3828 1207 3877 supra

667 3881 791 3944 VII,2²b
806 3882 895 3947 ibique
904 3887 988 3942 nott.;
1005 3881 1038 3933 de
1050 3883 1206 3949 inscriptio·

669 3952 749 4001 nibus
770 3952 838 4012 VII,
863 3951 914 4002 228
938 3952 1030 4017 ibique
1055 3959 1123 4004 nott.
1165 3954 1205 4003 De

668 4024 750 4071 οτνείτ
767 4021 900 4085 supplicio
918 4021 989 4073 conf.
1009 4021 1094 4072 allata
1109 4021 1144 4073 ad
1157 4023 1205 4086 VI,

669 4090 716 4151 30,
739 4095 766 4140 et
781 4090 814 4139 de
831 4091 930 4156 capitis
941 4092 1055 4143 abscissi
1070 4093 1205 4158 supplicio

669 4164 737 4210 nott.
750 4159 785 4209 ad
799 4160 862 4224 VII,
876 4161 917 4212 35.
934 4187 967 4197 -
979 4163 1021 4212 Ad
1032 4179 1114 4213 voces
1129 4156 1158 4212 ἐν
1174 4155 1206 4212 dd

669 4223 705 4293 δὴ
721 4224 769 4278 καὶ
784 4225 855 4292 τῶδε
871 4231 943 4281 coni.
961 4238 1032 4285 nott.
1054 4231 1088 4283 ad
1104 4232 1204 4295 1‚185.

667 4300 711 4361 ΙΙ,
724 4299 766 4351 43.
782 4301 825 4351 79.
855 4300 945 4352 Verba
960 4295 1074 4351 πάντων
1085 4333 1119 4343 -
1128 4296 1207 4367 μα’λι-

668 4383 718 4419 στα
730 4362 844 4434 ἀνδρῶν
856 4366 997 4432 aurocen
1007 4371 1136 4439 Λεωνίδῃ
1147 4389 1206 4439 per-

667 4441 769 4504 tinent,
797 4456 874 4505 quem
898 4443 990 4493 virum
1019 4444 1090 4494 inter
1112 4459 1205 4493 omnes

666 4509 787 4562 homines
806 4512 923 4564 maximo
940 4514 1012 4565 odio
1033 4518 1204 4581 prosecutum
