2916 5130
227 400 494 464 EXOURSUS
521 399 652 461 VIAD
675 394 1096 472 Huuouo'r.v[‚1oa
1169 391 1229 491 821
1275 424 1278 432 ·

467 862 788 940 EXOURSUS
815 862 872 938 VI

310 994 793 1099 nn'uunonou.
838 1030 903 1113 vr,
951 1032 1021 1094 τοι.

489 1193 532 1251 De
546 1208 643 1265 campo
659 1191 846 1267 Marathonio.

186 1500 322 1554 Herodoti
336 1499 422 1552 uerba
438 1499 504 1551 haec
523 1502 605 1551 sunt:
628 1495 677 1552 noel
698 1486 735 1568 ἦν
746 1491 799 1566 γὰρ
821 1489 1005 1565 ὃΜοιοοιθὼν
1019 1488 1236 1564 ἐπιτηδεότατος

103 1587 203 1657 χωρίον
216 1587 266 1655 τῆς
278 1578 397 1654 Ἀττικῆς
411 1578 574 1639 ἐνιππεῦσαι
586 1582 635 1637 aul
651 1576 793 1653 ἀγχοτάτω
814 1582 863 1652 τῆς
875 1574 1024 1651 Ἐρετρίης·
1048 1575 1074 1643 ἐς
1088 1574 1171 1635 τοῦτο’
1185 1598 1235 1648 σφι

104 1669 249 1741 κατηγέετο
264 1665 372 1739 Ἱππίης
392 1663 408 1723 ὁ
425 1662 638 1736 Πεισιστράτοοε
660 1685 731 1739 quae
759 1667 1040 1735 Schweighaeuserua
1066 1666 1107 1718 sic
1136 1665 1235 1717 Latina

104 1757 235 1810 reddidit:
250 1775 378 1824 ‚,cnmqae
392 1757 539 1809 Marathon
551 1765 617 1809 earet
626 1757 706 1809 totius
718 1755 822 1808 Atticae
838 1755 951 1807 mamma
965 1761 1131 1824 opportunas
1146 1751 1237 1819 equiti·

104 1846 150 1897 dne
164 1845 236 1896 locus
250 1853 276 1895 et
296 1843 433 1911 proximus
452 1844 484 1893 ot
503 1843 625 1909 Eretria,
647 1843 675 1894 in
696 1843 766 1894 dunc
789 1858 910 1909 campum
923 1841 981 1892 illos
995 1839 1104 1892 deduxit
1117 1838 1237 1908 Hippiae,

105 1928 233 1981 Pisistrati
237 1929 342 1997 βίον(

189 2013 230 2064 De
244 2006 418 2064 litarathonio
433 2028 526 2080 campo
544 2028 568 2063 s.
584 2009 706 2080 planitie,
721 2027 793 2080 quae
809 2010 850 2061 his
865 2009 1001 2060 Herodoti
1026 2007 1119 2060 verbis
1133 2006 1237 2059 indice-

104 2107 164 2165 tur,
181 2097 335 2150 recentiore
350 2102 441 2149 aetate
457 2095 551 2165 plures
566 2095 774 2165 inquisiverunt
788 2095 841 2147 viri
855 2094 944 2164 docti,
967 2094 1015 2163 qui
1038 2093 1127 2163 ipsum
1151 2091 1238 2144 locum

103 2184 270 2249 inciserunt,
286 2181 358 2247 Geli,
374 2181 495 2247 Turner,
511 2180 611 2252 Sqnire
637 2180 706 2247 (vid.
722 2181 758 2231 G.
775 2181 809 2232 de
823 2179 1035 2231 Vaudoncourt:
1056 2177 1239 2245 Schilderung

105 2270 131 2321 d.
155 2269 230 2321 heut.
254 2265 483 2319 Griechenlands.
504 2266 621 2334 Leipzig
646 2267 724 2318 1821.
738 2282 802 2334 pag.
818 2269 870 2317 ‘224
884 2263 988 2333 seqq),
1005 2262 1130 2315 Dodwell
1144 2261 1238 2334 (Clas-

106 2354 195 2407 sische
212 2352 295 2405 Reise
309 2352 396 2404 durch
413 2351 616 2404 Griechenland
631 2350 674 2418 ΙΙ,
693 2354 717 2403 1.
733 2367 792 2420 cap.
809 2352 852 2403 20.
869 2366 932 2418 pag.
949 2351 1000 2401 258
1019 2367 1099 2418 seqq.
1117 2347 1160 2401 ed.
1177 2365 1239 2400 ver·

105 2440 198 2506 nac.)‚
220 2437 281 2490 alii:
309 2436 440 2506 equibus
456 2453 527 2506 quae
546 2436 574 2487 in
596 2436 682 2489 lucem
696 2435 804 2504 prolata
825 2441 900 2497 sunt,
918 2430 1045 2488 adhibuit
1065 2438 1093 2486 et
1113 2436 1240 2485 accurate

106 2542 208 2577 omnem
223 2523 361 2590 regionem
376 2521 525 2588 descripsit
539 2521 647 2573 Kruse:
663 2519 758 2572 Hellas
773 2520 815 2587 11,
833 2522 857 2571 1.
873 2536 936 2589 pag.
953 2521 1004 2572 264
1026 2536 1105 2588 seqq.
1122 2517 1239 2570 addidit-

105 2627 159 2679 que
180 2609 259 2661 etiam
283 2607 406 2675 regionis
428 2606 515 2658 totius
541 2605 749 2657 delineationem
774 2606 803 2658 in
825 2603 918 2656 tabula
940 2605 988 2656 IV.
1008 2602 1078 2673 (vid.
1100 2602 1178 2654 Atlas
1205 2618 1239 2653 zu

105 2694 223 2747 Kruse's
238 2692 360 2762 Hellas);
386 2690 492 2762 qualem
507 2708 618 2761 quoque
643 2691 781 2757 exhibuit,
806 2688 854 2760 qui
875 2696 903 2740 et
929 2690 988 2758 ipse
1011 2688 1080 2740 hanc
1102 2688 1241 2756 regionem

105 2779 217 2843 invisit,
234 2777 349 2833 Clurke:
364 2775 482 2828 Trarels
500 2777 536 2841 ll,
550 2778 576 2829 3.
593 2794 652 2845 cap.
676 2776 698 2827 Ι.
722 2793 786 2846 pag.
810 2778 842 2827 12
857 2792 935 2844 seqq.
962 2773 1076 2826 adiectis
1099 2779 1241 2841 praeterea

107 2863 214 2916 duabus
230 2863 324 2930 campi
350 2860 516 2913 Marathonii
544 2859 710 2929 imaginibus
740 2860 798 2912 ueri
822 2860 936 2926 incisis3
968 2858 1053 2927 lapidi
1079 2856 1242 2926 insculptam

104 2948 249 3021 imaginem
263 2947 339 2999 dedit
354 2947 438 2999 Liber
453 2947 527 2997 Baro
543 2945 577 2997 de
592 2946 772 3011 Staek'elberg
788 2945 816 2997 in
833 2945 940 3014 Opere:
962 2944 1003 2996 La
1020 2944 1120 2995 Grece.
1165 2942 1242 2995 Vues

106 3034 296 3104 pittoresques
314 3039 366 3084 etc.
382 3030 477 3103 (Paris
494 3034 558 3085 1831
573 3030 646 3100 aeq.)
661 3031 739 3088 Livr.
752 3030 854 3099 xxll.;
866 3029 944 3082 aliurn
958 3028 1102 3096 imaginem
1116 3027 1243 3080 invenias

105 3119 134 3170 in
153 3118 187 3170 C.
205 3116 360 3170 Frommelii
388 3134 480 3186 opere,
499 3116 543 3168 cni
562 3116 675 3168 titulus:
697 3115 825 3182 Dreissig
846 3114 996 3166 Ansiclrten
1020 3131 1074 3165 von
1091 3113 1242 3165 Griechen-

105 3203 170 3256 land
197 3203 229 3254 ff.
273 3201 491 3254 Delineationem
521 3201 645 3268 regionis
672 3200 863 3263 Marathonius
887 3200 964 3251 dedit
990 3216 1101 3269 qnoque
1122 3198 1185 3250 Gall
1214 3198 1242 3248 in

107 3306 206 3357 opere:
232 3286 309 3338 Atlas
331 3294 488 3339 contenant·
504 3286 545 3339 les
566 3293 657 3338 cartes
682 3285 787 3338 relatiss
809 3287 824 3336 a
846 3285 871 3336 la
892 3284 1060 3353 geographie
1081 3283 1243 3348 d'Herodot,

106 3371 272 3439 Thucydide
287 3377 338 3423 etc.
353 3369 440 3423 tabul.
468 3374 511 3426 23.
557 3371 672 3422 Exstitit
699 3378 796 3439 postea
822 3370 929 3436 Leuke,
957 3371 1006 3440 qui
1028 3369 1056 3421 in
1083 3374 1244 3420 commenta·

104 3459 182 3510 tione
204 3456 238 3508 de
255 3456 340 3509 demis
355 3455 453 3508 Atticis
468 3460 538 3525 (,‚on
560 3455 607 3507 the
625 3455 694 3508 demi
719 3456 751 3507 of
764 3455 904 3522 Atticm),
923 3456 994 3526 quu'e
1008 3453 1122 3524 primum
1143 3452 1245 3521 prodiit

104 3541 228 3594 Londini
248 3542 346 3611 (1829)
367 3540 396 3592 in
419 3559 515 3611 opere:
541 3541 743 3593 Transactions
769 3542 800 3592 ol
823 3541 868 3592 the
892 3538 969 3606 royal
986 3538 1092 3604 society
1107 3539 1139 3589 of
1150 3537 1244 3597 litera-

105 3634 170 3679 ture
191 3627 223 3678 oi
242 3626 288 3678 the
313 3626 410 3678 unidet
430 3626 569 3693 Kingdom
584 3625 645 3678 Vol.
662 3626 685 3679 Ι,
703 3624 735 3677 Ρ.
753 3624 792 3678 ll.
818 3643 882 3693 pag.
910 3627 960 3677 114
986 3641 1063 3692 seq,
1091 3622 1190 3674 deinde
1215 3621 1252 3679 in*

105 3720 233 3764 nostrum
259 3728 411 3763 sermonem
435 3727 571 3764 conversa
586 3710 738 3779 Brunsvig
756 3713 823 3763 1810
840 3709 927 3779 (,,Ι)ἰο
944 3708 1048 3760 Demen
1069 3724 1123 3758 von
1140 3707 1244 3758 Attila.

104 3795 167 3849 Von
190 3797 234 3848 W.
256 3796 296 3849 Μ.
321 3795 423 3849 Leake.
474 3795 532 3849 sius
555 3796 614 3848 dem
634 3795 803 3864 Englischen
829 3793 969 3846 iibersetzt
989 3809 1043 3845 ron
1066 3790 1098 3844 A.
1120 3792 1245 3844 Wester·

103 3881 244 3947 manu.“),
258 3880 464 3934 accuratissime
477 3880 512 3933 de
523 3882 573 3933 huc
584 3880 698 3949 regione
713 3882 820 3950 abipso
836 3878 1005 3950 perlustrata
1016 3876 1113 3930 retulit
1130 3876 1247 3946 eiusque

104 3966 319 4019 delineationem
337 3965 448 4036 abipso
465 3967 562 4019 iactam
578 3966 694 4032 adiecit3
723 3966 776 4018 vid.
792 3964 963 4033 potissimum
987 3980 1051 4032 pag.
1068 3965 1102 4016 85
1118 3980 1197 4031 seqq.
1212 3964 1246 4014 75

104 4069 187 4120 seqq.
204 4052 247 4104 ed.
270 4068 389 4122 vernae..
432 4050 473 4103 Ac
493 4052 583 4104 denuo
604 4052 632 4103 in
656 4051 721 4102 haec
741 4050 801 4103 loca
822 4049 1030 4120 inquisiverunt
1051 4048 1084 4100 1..
1104 4046 1179 4099 Rosa
1202 4047 1264 4098 int,

103 4135 194 4188 Blitt.
215 4137 237 4188 f.
261 4136 366 4189 literar.
381 4135 588 4204 Unterlraltung
610 4137 687 4189 1833.
707 4153 750 4188 nr.
774 4137 920 4189 lut-106.
942 4150 1006 4202 pag.
1029 4136 1078 4192 427
1095 4150 1175 4201 seqq.
1195 4134 1248 4186 435

104 4238 199 4289 seqq„
214 4220 356 4275 Prolesch
371 4238 398 4272 r.
415 4220 522 4273 Osten:
546 4220 829 4288 Denkwdrdigkeiten
846 4237 874 4272 n.
889 4219 1105 4284 Erinnerungen
1123 4217 1248 4270 eusdem

105 4305 212 4357 Orient
231 4305 325 4377 (Lips.
343 4306 436 4371 1836.)
457 4305 495 4359 ΙΙ.
516 4326 543 4376 p.
564 4309 615 4361 423
632 4323 721 4374 seqq„
738 4306 773 4361 G.
790 4304 890 4371 Finlay
904 4305 950 4355 in:
974 4302 1134 4355 Transactt.
1154 4303 1248 4365 oftiie

104 4389 188 4457 royal
210 4391 318 4457 society
340 4393 370 4443 of
388 4390 489 4444 litarat.
508 4391 612 4464 (Lond.
635 4390 724 4458 1838.)
744 4389 806 4443 Vol.
833 4390 884 4442 III.
901 4389 932 4440 P.
951 4388 987 4440 ΙΙ.
1010 4404 1074 4457 pag.
1090 4389 1142 4441 363
1158 4391 1248 4458 seqq..

104 4475 190 4528 cuius
218 4476 469 4547 commentationem
492 4478 521 4530 in
547 4483 670 4548 nostrum
696 4492 846 4529 sermonem
874 4472 1035 4526 translatam
1063 4471 1249 4525 exhibuerunt
