3052 5134
247 404 308 470 378
681 405 946 470 HERODO'PI

247 612 297 665 τις
310 579 436 671 γίνοιτ’
453 577 497 652 do
511 584 687 672 ἐπικουρίη
702 582 831 672 ψυχρή·
859 588 1008 673 φθαίητε
1023 581 1087 671 γὰρ
1101 578 1144 653 ἄν
1158 581 1317 663 πολλάκις
1331 585 1381 666 ἐξ·

247 689 578 777 ανδρατοδισθέντες
593 685 614 775 ἥ
627 715 703 757 τινα
717 690 890 783 τιυθέσθαι
903 682 1025 777 ἡμέων.
1054 687 1330 777 συμβουλεύομεν
1344 687 1383 757 δὲ

247 789 330 881 ὑμίν
345 797 464 861 δοῦναι
484 787 587 880 ὑμέας
607 788 728 871 αὐτοῦς
743 789 968 881 Ἀθηναίοισι,
992 790 1255 880 πλησιοχώροισί
1271 818 1307 860 τε
1321 788 1381 860 ἆν-

249 896 347 983 docies
368 898 424 964 nul
444 898 621 984 τιμωρέειν
643 898 733 964 ἐοῦσι
756 894 797 966 οὐ
816 910 957 965 κακοῖσι.
1001 900 1112 965 Ταῦτα
1131 894 1384 984 συνεβούλευον

247 998 571 1087 cinnamomino,
592 996 634 1067 οὐ
647 996 731 1069 κατὰ
750 998 887 1089 εὐνοίην
906 996 995 1070 οὕτω
1019 1004 1088 1069 τῶν
1100 1001 1316 1084 Πλαταιέων,
1339 995 1384 1080 ὥς

248 1104 447 1193 βουλόμενοι
459 1101 538 1182 τούς
553 1100 754 1192 Ἀθηναίους
768 1110 857 1192 ἔχειν
872 1103 1012 1187 πόνους,
1035 1108 1262 1183 συνεστεῶτας
1276 1112 1381 1172 Βοια-

248 1223 342 1278 τοίσι.
387 1207 648 1296 Λακεδαιμόνιοι
672 1209 735 1296 μίν
767 1235 833 1278 νυν
853 1212 1058 1277 Πλαταιεῦσι
1085 1212 1190 1276 ταῦτα
1219 1205 1382 1295 συνεβού-

248 1410 381 1462 dederunt
395 1410 516 1463 Erfurdt.
536 1408 571 1460 sd
591 1408 718 1474 Sophocl.
737 1415 791 1460 An·
840 1418 880 1461 tos
899 1425 952 1459 erun
968 1409 1087 1471 Boeotis,
1109 1414 1140 1459 ut
1160 1414 1234 1461 recte
1250 1408 1384 1475 explicuit

249 1484 336 1547 tigon.
349 1480 383 1531 88
401 1486 429 1531 et
441 1481 541 1531 Bonitz
561 1481 595 1530 ad
610 1481 723 1532 eundem
742 1480 791 1530 So·
840 1479 1059 1545 Schweighsens.
1074 1479 1103 1529 in
1115 1479 1207 1532 Lexic.
1225 1480 1328 1530 Herod.
1343 1479 1381 1532 11.

247 1550 352 1619 phoclis
372 1549 460 1601 locum
481 1550 522 1600 in:
543 1549 787 1616 Sitzuugsbericht.
840 1565 865 1614 p.
878 1548 943 1610 3053
963 1556 992 1600 tu
1004 1549 1059 1599 vid.
1073 1554 1141 1599 nott.
1157 1549 1193 1599 ad
1205 1549 1265 1611 Vll,
1282 1548 1383 1600 170.-

248 1624 274 1673 d.
297 1620 386 1672 Akad.
404 1620 451 1671 der
467 1621 635 1671 Wissensch.
656 1637 679 1669 τ,
699 1620 788 1683 Wien,
839 1612 958 1683 εὐνοίην
977 1619 1078 1671 retinui
1095 1634 1155 1670 cum
1170 1619 1304 1670 Bredovio
1317 1635 1382 1685 pag,

248 1691 315 1743 hist.
333 1690 399 1758 phil.
419 1689 514 1742 Classe
531 1690 636 1741 xxm.
656 1705 718 1755 pag.
736 1690 788 1740 322
842 1689 905 1746 1273
929 1676 1047 1737 εὔνοιαν
1069 1688 1194 1740 exhibuit
1212 1688 1381 1740 Dietschlus.

247 1777 323 1826 seqq.
350 1761 469 1826 itemque
492 1759 593 1810 Obbar.
620 1759 654 1810 ad
679 1760 790 1809 Horatii
874 1753 909 1808 orl
926 1751 999 1808 nard
1016 1748 1136 1823 εὐνοίην
1157 1747 1231 1808 οὕτω
1249 1774 1276 1811 ιι,
1299 1773 1322 1808 τ.
1342 1756 1380 1822 λ.]

247 1832 336 1896 Epist.
351 1831 408 1891 1,3.
420 1830 549 1895 pag.2ltl.
567 1829 788 1880 indicaturenim
839 1829 915 1880 Hace
940 1835 971 1878 ut
992 1830 1044 1880 rite
1065 1827 1253 1893 intelligantur
1275 1829 1382 1894 riteque

248 1900 379 1951 auxilium
394 1901 524 1965 frigidum,
545 1900 562 1948 i.
576 1916 600 1951 e.
618 1905 789 1964 tenerentque
839 1898 1036 1962 diiudicentur,
1058 1899 1202 1949 tenendum
1222 1904 1277 1957 est,
1294 1900 1381 1949 Hero

248 1970 310 2020 iude
322 1971 422 2027 mertile,
436 1985 532 2019 nonore.
839 1969 897 2019 doti
915 1970 1034 2019 animum
1052 1984 1119 2020 saue
1138 1969 1223 2033 magis
1240 1968 1277 2018 ad
1296 1967 1381 2020 Athe·

282 2037 409 2101 φθαίητε
424 2032 477 2102 γὰρ
498 2029 534 2087 ἂν
554 2053 579 2087 ιι.
601 2053 624 2088 τ.
644 2037 682 2105 1.]
707 2042 789 2102 „pins
839 2040 947 2089 niensee
970 2037 1139 2104 (quibuscum
1161 2039 1244 2089 etism
1260 2037 1381 2089 Thurios

247 2113 322 2159 semel
337 2112 399 2159 enirn
411 2111 472 2173 fieri
485 2117 586 2172 posset,
602 2110 666 2159 ntlrr
681 2110 789 2160 ταινίαι-
838 2108 978 2174 proiectus
999 2107 1052 2171 est)
1077 2113 1160 2172 atque
1183 2107 1219 2158 ad
1239 2108 1380 2173 imperinm

247 2188 292 2229 tem
310 2181 383 2241 prins
402 2179 621 2237 abstraheremini,
647 2194 720 2244 qnam
743 2194 787 2229 no·
839 2178 985 2244 populare,
1008 2177 1078 2244 quod
1100 2179 1138 2228 ibi
1158 2193 1238 2244 qnam
1264 2180 1381 2229 maxime

246 2251 323 2299 είνιλιο
338 2251 466 2314 qnisqnem
482 2250 565 2313 sande
581 2250 713 2302 audiret.“
743 2251 788 2299 Ita
839 2254 904 2299 tunc
921 2249 1052 2314 temporis
1072 2248 1164 2299 floruit
1184 2247 1232 2313 (ci.
1254 2253 1323 2299 nott.
1343 2247 1381 2299 ad

247 2318 364 2370 reddidit
389 2318 672 2384 Schweighaeuserus.
711 2317 787 2369 Stru-
837 2320 871 2378 V,
887 2317 941 2384 00),
958 2318 1104 2369 inclinasse
1116 2322 1143 2368 et
1155 2318 1380 2381 aSpartsnornm

245 2394 350 2440 cturam
366 2389 442 2439 verbi
456 2386 582 2454 φθαίητε
601 2390 788 2452 compartici-
837 2389 919 2439 rebus
944 2388 1127 2439 abhorruisse.
1163 2388 1224 2440 Vid.
1247 2387 1380 2440 Hoffmei-

246 2459 292 2524 pio
305 2474 388 2524 supra
398 2460 451 2509 iam
465 2460 609 2523 attigimus
621 2459 656 2510 ad
669 2460 722 2520 lv,
738 2459 786 2511 136
837 2464 894 2510 ster
909 2458 927 2507 1.
942 2458 961 2509 l.
982 2474 1009 2524 p.
1032 2458 1089 2509 100.
1119 2459 1191 2508 Hinc
1207 2473 1316 2523 quoque
1330 2459 1379 2520 Vl,

246 2535 274 2579 et
288 2531 343 2591 VI,
357 2530 406 2589 01;
424 2530 488 2583 add.
503 2529 558 2592 VI,
575 2529 638 2593 110,
652 2530 700 2580 nbi
714 2528 786 2592 quod
839 2529 888 2579 112
908 2528 1026 2593 aliisque
1045 2528 1113 2579 locis
1131 2528 1312 2579 Athenienses
1334 2544 1380 2580 ec·

245 2598 315 2650 idem
325 2600 435 2651 verbum
448 2601 551 2664 excipit
563 2596 632 2658 πρὶν
643 2588 788 2679 ἢεεφιιεο·
837 2600 948 2649 cesione
964 2597 1059 2649 oblata
1074 2597 1174 2650 debitis
1195 2597 1321 2649 laudibus
1333 2614 1380 2650 ex-

245 2676 273 2719 te
282 2668 418 2720 infinitivo
430 2664 513 2734 (πρίν
523 2661 542 2733 ἢ
549 2665 617 2727 τοὺς
626 2666 787 2735 βαρβαρους
838 2668 910 2720 tulit.
935 2669 1028 2734 Neque
1043 2684 1108 2719 vero
1120 2669 1183 2719 hinc
1195 2669 1336 2733 sequitur,
1347 2673 1379 2717 ut

244 2727 347 2804 ἥκειν),
362 2739 486 2790 hocloco
501 2754 610 2804 prorsus
624 2739 707 2789 simili
722 2739 787 2789 emi·
837 2738 948 2804 quidam
978 2737 1141 2800 voluerunt,
1168 2738 1379 2789 Atheniensssrus

246 2809 394 2860 sitNoeter
409 2805 479 2871 nolo
498 2814 582 2874 atque
600 2825 682 2860 unam
702 2810 787 2874 parti·
836 2813 941 2874 patrem
962 2807 1094 2860 historiae
1119 2808 1269 2858 blanditum
1294 2813 1378 2873 atque

244 2879 333 2929 culam
346 2868 366 2942 ἢ
379 2880 472 2943 posuit
488 2884 619 2943 sequente
638 2878 785 2941 infinitivo,
835 2877 975 2929 adulatum
1000 2895 1074 2940 essm
1107 2894 1160 2945 qua
1184 2879 1377 2930 criminatione

244 2965 306 2999 cum
319 2966 352 3000 ea
365 2950 423 3013 vis,
441 2964 512 3014 quae
525 2951 553 2999 in
566 2948 700 3014 particula
715 2945 784 3011 πρίν
835 2948 1004 2999 Herodotum
1025 2949 1151 3000 liberavit
1162 2946 1327 2999 Dahlmann.
1349 2963 1376 3012 p.

245 3020 330 3075 inest,
358 3019 411 3069 iam
429 3020 605 3071 contineatur
629 3020 688 3085 ipsa
707 3019 785 3069 verbi
836 3020 886 3069 118
899 3034 955 3084 seq.
970 3018 1099 3085 singulos,
1109 3019 1155 3084 qui
1167 3018 1212 3068 hic
1224 3019 1251 3067 in
1267 3032 1379 3069 censum

244 3085 371 3151 φθαίητε
393 3090 513 3143 notione.
544 3089 623 3141 Unde
640 3104 706 3139 saue
720 3104 786 3138 nou·
835 3089 963 3149 veniunt,
977 3088 1052 3139 locos
1065 3094 1193 3139 accurate
1213 3103 1378 3153 persequens

245 3157 311 3207 nihil
326 3157 455 3208 differunt
466 3160 487 3209 ii
497 3159 560 3221 loci,
573 3160 600 3208 iu
612 3160 711 3224 quibus
723 3174 783 3209 cnm
834 3174 884 3209 nec
899 3157 954 3208 ullo
968 3159 1137 3209 Herodotum
1151 3159 1320 3223 praeiudicio
1333 3174 1376 3208 ca-

245 3227 301 3278 tale
315 3228 425 3278 verbum
442 3229 514 3279 haud
529 3231 690 3292 praecedat,
707 3229 785 3278 abso·
835 3234 910 3293 ptum
928 3228 1015 3279 fuisse
1028 3234 1254 3279 commonstrans.
1283 3229 1326 3278 'l'u
1340 3229 1376 3280 cl.

244 3294 786 3365 luteponiturnolvr'fsequenteinhni·
835 3299 1005 3363 potissimum
1021 3300 1088 3361 Vll,
1112 3297 1161 3350 138
1173 3314 1249 3364 seqq.
1282 3298 1377 3362 Neque

245 3370 317 3427 tivo,
335 3371 366 3418 ut
378 3368 419 3432 11,
433 3371 458 3419 2.
480 3369 531 3433 IV,
546 3368 604 3419 107.
623 3369 662 3431 V,
675 3370 708 3419 05
722 3368 784 3419 οοΙΙ.
834 3369 929 3419 debita
939 3368 1021 3420 laude
1037 3368 1082 3420 ille
1097 3369 1248 3432 Spartanos
1262 3368 1377 3419 frustra-

247 3437 303 3489 118.
312 3437 589 3498 ΙΧ,13.-1ονοο1)1ε
597 3439 786 3503 subsequenti·
835 3444 879 3489 tus
892 3442 935 3489 est
947 3439 1009 3501 Vll,
1026 3438 1084 3501 102,
1098 3439 1144 3488 ubi
1159 3437 1231 3488 ceni.
1245 3443 1314 3490 nott.
1337 3438 1377 3487 Ut

243 3509 294 3558 bus
308 3503 357 3556 nal
369 3502 516 3571 τιμωρέειν
530 3500 607 3558 ἐοῦσι
623 3499 658 3558 ori
672 3510 785 3558 κακοῖσι
834 3509 868 3559 ad
886 3513 1009 3558 nostrum
1018 3508 1107 3559 locum
1119 3509 1236 3571 redeam,
1247 3509 1294 3558 via
1308 3507 1376 3557 haec

243 3579 290 3630 vix
303 3593 371 3643 opus
385 3593 506 3633 monere.
519 3579 684 3629 infinitivum
703 3593 786 3641 τιμω-
834 3579 862 3627 iu
877 3579 1028 3643 Spartanos
1043 3579 1142 3629 Noster
1155 3577 1325 3643 protulisset,
1338 3578 1376 3626 ui-

244 3648 318 3708 ρίειν
329 3648 446 3713 pendere
461 3648 496 3698 ah
507 3648 645 3700 adiectivo
658 3651 784 3707 κακοῑοις
836 3651 860 3697 si
875 3647 942 3699 haec
954 3650 1103 3700 communie
1120 3648 1218 3698 fnisset
1238 3648 1374 3698 sententis

243 3718 422 3769 Athenienses
434 3718 504 3768 enim
517 3718 645 3770 dicuntur
659 3720 785 3770 dunelmo·
834 3718 999 3769 Graecorum
1019 3718 1067 3768 ille
1085 3722 1177 3769 aetate
1194 3717 1276 3782 vulgo
1298 3733 1373 3768 rece·

243 3790 262 3837 n·
274 3788 304 3849 (i.
318 3804 340 3837 e.
356 3789 426 3837 satis
437 3787 533 3853 validi)
547 3805 603 3839 esec
614 3790 651 3839 od
664 3791 784 3839 nomiliam
833 3793 897 3854 pta,
913 3789 1010 3853 quihus
1023 3790 1153 3853 Spartani
1170 3787 1327 3852 plerumque
1339 3788 1373 3838 ab

243 3858 449 3920 subinferendum
458 3860 685 3923 oosqnetmnndoa.
705 3856 783 3922 Quod
834 3858 906 3908 omni
918 3858 1029 3909 cultiori
1042 3859 1100 3908 vita
1110 3858 1209 3920 alieni,
1224 3856 1298 3921 duri,
1317 3855 1374 3907 cal-

243 3942 309 3977 vero
332 3926 541 3978 Plataeensibus
568 3929 635 3981 haec
661 3929 783 3979 suasisse
833 3928 882 3978 lidi
896 3943 983 3993 neque
996 3929 1085 3992 aperti
1097 3927 1307 3993 simplicesque,
1327 3925 1375 3976 sed

243 3995 369 4047 dicuntur
383 3998 606 4062 Lacedaemonii,
626 3991 664 4054 uie
684 3989 784 4064 βουλό·
833 3999 862 4048 in
876 3998 946 4049 alies
963 3997 1052 4049 dolosi
1067 3998 1239 4049 videbantur.
1268 3996 1310 4047 cf.
1325 3997 1374 4057 lx,

243 4081 324 4131 μενοι
346 4058 414 4125 τούς
436 4060 605 4131 Ἀθηναίους
632 4062 706 4131 ἔχειν
735 4061 784 4116 τιό-
835 4070 867 4117 ne
882 4068 1042 4131 etEuripid.
1058 4066 1238 4118 Andromach.
1254 4068 1306 4119 446
1317 4082 1372 4132 seq.

243 4152 328 4196 nove,
340 4135 528 4194 συνεστεῶτας
541 4138 703 4195 Βοιωτοῖσι,
717 4138 784 4188 indi·
835 4137 1027 4188 Wachemuth:
1052 4138 1157 4189 Hellen.
1175 4135 1372 4188 Alterthumslr.

242 4214 290 4258 cat
300 4208 409 4271 Noster,
419 4209 652 4259 Lacedaemonios
664 4208 785 4260 voluisse
834 4208 856 4258 I.
871 4223 933 4273 pag.
949 4209 997 4259 175
1012 4222 1068 4271 seq.
1083 4207 1146 4262 coll.
1159 4208 1191 4257 C.
1205 4207 1238 4257 Ο.
1252 4206 1374 4257 Mueller.

240 4279 375 4328 molestiam
382 4278 690 4342 pororeAtlrenienrilrns,
703 4287 730 4328 nt
743 4280 786 4343 qni
834 4279 901 4327 Dori
919 4279 955 4327 11.
968 4293 1030 4341 pag.
1047 4278 1108 4339 408,
1120 4279 1167 4342 qui
1179 4276 1247 4327 haec
1258 4277 1373 4326 crimina

241 4356 290 4397 tum
303 4352 385 4399 eoacti
394 4358 478 4399 essent
488 4349 553 4400 bello
562 4366 614 4399 corn
624 4350 728 4399 Boeotia
738 4363 784 4411 με·
834 4347 952 4398 Doribus
963 4348 1107 4412 Spartanis
1117 4347 1198 4412 vulgo
1211 4346 1373 4411 exprobrata

242 4433 318 4473 rere:
341 4433 403 4467 uam
425 4416 613 4476 συνεστεῶτας
635 4417 783 4468 Βοιωτοῖσι
834 4417 971 4481 explicare
994 4418 1036 4468 vel
1056 4416 1150 4483 potius
1169 4431 1301 4467 excusare
1318 4421 1373 4465 stu·

241 4487 330 4537 valet:
349 4489 544 4540 contentionibus
558 4498 584 4539 ct
598 4489 670 4539 hellis
683 4489 784 4550 implici-
835 4486 880 4537 det
899 4502 932 4538 ex
949 4485 998 4537 illa
1012 4488 1115 4537 Dorum
1134 4487 1242 4538 ratione
1256 4484 1373 4545 vivendi,
