3008 5128
249 367 309 433 128
677 368 945 431 HERODOTI

247 550 353 613 ναίων
368 546 490 632 δῆμον,
504 541 668 632 πρότερον
681 539 896 632 ἀπωσμένον,
918 540 991 611 τότε
1006 541 1114 612 πάντα
1127 539 1209 631 πρὸς
1221 541 1279 631 τὴν
1291 544 1360 612 ἔον·

247 653 307 717 τοῦ
320 663 441 737 μοῖραν
454 646 701 735 προσεθήκατο,
722 645 779 727 τὰς
793 645 902 735 φυλὰς
914 646 1157 736 μετουνόμασε,
1176 647 1363 735 usitatoque

247 829 296 864 nes
308 812 435 879 concepti
446 813 565 880 vestigia
574 812 649 864 nulla
661 813 727 864 mihi
739 812 787 863 ad·
837 818 919 876 pulum
934 811 1056 878 intelligo
1069 818 1153 864 antea
1164 813 1285 876 deputem
1294 831 1309 863 a
1317 812 1365 863 cti-

248 899 308 935 esse
325 883 479 935 videantur.

282 948 422 1018 πρότερον
436 946 620 1016 ἀπωσμένον,
639 941 702 999 τότε
716 941 788 998 ποίν-
839 953 1024 1009 abalienatum
1041 967 1104 1003 nam
1126 951 1279 1003 Alcmaeoni
1327 968 1364 1002 um

247 1037 282 1071 τα
294 1016 366 1084 πρὸς
384 1013 436 1085 τήν
454 1013 562 1071 ἑαυτοῦ
576 1037 601 1074 a.
617 1034 641 1068 τ.
656 1018 692 1086 L]
711 1020 754 1069 ita
773 1037 788 1070 c
808 1078 811 1085 ⁴
838 1030 945 1088 gentem
963 1022 1071 1087 piaculo
1084 1038 1207 1087 pressam
1224 1027 1251 1073 et
1264 953 1366 1086 offini-

247 1091 475 1155 Saucroitilibro,
488 1090 678 1143 accedentibus
691 1094 788 1153 postea
839 1093 907 1142 tium
926 1093 1052 1156 partibus
1071 1108 1153 1157 quam
1172 1093 1285 1142 maxime
1302 1091 1365 1142 dedi-

247 1163 320 1212 binis
332 1161 467 1212 Parisinis
480 1162 573 1219 codd,
587 1159 700 1210 dederat
712 1161 789 1211 Wes-
840 1166 895 1212 tam
916 1162 1032 1212 invisam
1059 1161 1154 1212 habuit
1172 1161 1285 1227 populus
1301 1162 1366 1211 iude·

247 1230 378 1297 selingius
392 1247 441 1296 pro
460 1231 533 1311 enh.
551 1224 692 1292 πρότερον
710 1220 788 1278 ἄπα·
840 1247 892 1296 que
904 1232 987 1281 etiam
1001 1230 1092 1281 animo
1102 1246 1182 1296 quam
1193 1232 1366 1281 maximealie·

248 1295 366 1366 σμένον,
388 1299 451 1350 τότε
464 1315 581 1349 παντων
599 1292 739 1363 sephetia
760 1313 786 1346 κ.
838 1306 904 1350 neto
922 1300 976 1351 init
989 1302 1016 1350 in
1031 1301 1213 1364 Clisthenem,
1235 1301 1284 1352 hac
1297 1305 1366 1366 gente

247 1370 320 1431 τ,1.,
336 1369 787 1436 ipaeproponcnsemsndationem
839 1375 867 1420 et
891 1371 979 1435 ipsum
1002 1377 1173 1436 prognatum.
1216 1371 1291 1434 Quod
1311 1385 1366 1420 raro

247 1458 264 1491 a
278 1440 425 1491 Schaeiero
437 1447 466 1491 et
477 1436 632 1515 Borlreclriq
644 1440 672 1489 in
683 1443 787 1488 textum
838 1441 873 1490 ad
887 1439 959 1491 hunc
973 1441 1108 1491 Herodoti
1125 1441 1216 1491 locum
1228 1454 1366 1506 provocans

246 1516 396 1576 receptam:
407 1500 582 1574 ἀπωσμένον
592 1520 716 1569 παντων,
726 1501 788 1557 τότε
837 1509 968 1561 Niebuhr.
980 1510 1066 1577 (Hist.
1074 1511 1151 1562 Rom.
1162 1511 1182 1560 1.
1199 1526 1259 1577 pag.
1267 1510 1325 1575 507)
1332 1510 1366 1559 in·

247 1572 320 1644 πρὸς
332 1571 384 1645 τὴν
396 1595 422 1628 κ.
430 1594 454 1634 τ.
462 1579 498 1642 1.,
507 1581 623 1644 populum
633 1578 787 1643 intelligens
838 1581 910 1630 iuste
920 1582 1009 1644 egisse
1020 1581 1119 1631 statuit
1128 1580 1305 1643 Clisthenem,
1315 1594 1366 1629 cunr

247 1659 322 1701 antea
335 1652 431 1700 iuribus
447 1650 557 1701 οναεὶθαε
574 1648 669 1698 dieras
684 1650 790 1699 ciuitatis
838 1650 961 1700 civitatis
977 1649 1111 1701 classibus
1125 1652 1239 1701 mutatis
1254 1651 1322 1716 ipsos
1334 1650 1367 1699 ci-

247 1722 383 1785 deprdram,
406 1719 438 1769 In
454 1735 536 1785 quam
552 1719 715 1770 sententiam
728 1717 755 1767 h.
768 1717 786 1768 1.
838 1721 934 1771 vitatis
945 1719 1053 1771 ordines
1066 1721 1209 1771 sustulerit
1222 1734 1327 1786 eamque
1334 1720 1368 1768 in·

839 876 1137 933 sthenehicmaeonida
1150 898 1173 934 s.
1182 891 1293 933 renotem
1303 887 1364 948 eique
1421 906 1424 915 ¹

246 1788 789 1923 titttittl'tittttttdt·

247 1875 481 1981 ,ffimhffiffip
492 1929 515 1979 1.
529 1944 592 1994 pag.
605 1927 667 1993 ³38)
677 1964 684 1991 ,
696 1895 731 1979 de
740 1943 789 1992 po·

248 2000 312 2066 puio
325 1999 465 2063 cogitans,
484 1999 545 2063 qui,
565 2014 627 2048 cum
641 1999 787 2062 optimates

248 2070 315 2120 duce
326 2069 439 2133 Isagora
449 2066 677 2132 praevaluissent,
691 2069 788 2117 timen-

248 2139 311 2189 dum
323 2139 407 2189 luisse
418 2137 570 2200 existimat,
581 2152 615 2187 ne
626 2136 787 2187 omniliber·

247 2215 306 2259 tate
319 2223 366 2273 per
376 2207 501 2259 Solonem
515 2209 654 2272 acquisita
667 2208 788 2272 privare·

249 2286 308 2330 tur:
328 2279 361 2328 de
377 2293 429 2342 qna
442 2294 471 2328 re
484 2277 552 2326 nihil
564 2276 711 2342 quidquam
725 2275 751 2326 h.
768 2277 787 2327 1.

247 2348 374 2400 traditur.
390 2347 563 2412 Wesselingii
573 2349 737 2397 sententiam
746 2362 788 2398 ae·

246 2420 305 2472 cuti
319 2417 452 2469 Herodoti
469 2432 575 2483 quoque
591 2418 675 2468 verba
687 2419 728 2468 sic
744 2433 788 2467 ex·

247 2492 404 2555 presserunt
413 2489 514 2540 etMiot
524 2488 690 2553 etLangius.
717 2486 747 2536 C.
757 2488 787 2536 F.

248 2562 434 2622 Hermannus,
447 2548 462 2606 ὁ
475 2556 647 2622 μακαρίτης,
661 2557 688 2607 in
700 2557 788 2608 literis

247 2630 312 2681 olim
329 2628 364 2678 ad
387 2644 429 2678 mo
449 2628 522 2679 datis
542 2643 592 2693 pro
611 2622 674 2676 τότε
695 2621 789 2675 πάντα

246 2699 300 2765 legi
312 2698 401 2749 voluit
413 2690 477 2746 τότε
488 2687 622 2760 ἐπανιών,
635 2700 653 2747 i.
660 2714 684 2748 e.
692 2697 724 2746 ab
734 2699 789 2748 erei-

247 2771 280 2819 lio
289 2784 422 2818 reuersas:
437 2783 517 2833 qnam
528 2767 640 2819 eandem
651 2767 789 2819 coniectu·

839 1788 992 1840 troduxerit
1006 1791 1246 1856 aequabilitatem,
1259 1804 1324 1856 quac
1337 1787 1367 1838 ad

840 1859 950 1910 nimiam
970 1861 1063 1924 populi
1083 1866 1266 1926 potestatem,
1290 1860 1369 1909 demo·

840 1930 956 1980 oratiam
979 1930 1062 1995 vulgo
1087 1932 1196 1991 dicunt,
1223 1945 1311 1983 omncs
1331 1943 1368 1978 res

839 1998 1012 2064 perduxerit,
1027 2000 1060 2050 de
1069 2000 1121 2051 hoo
1133 2002 1197 2066 quid
1208 1999 1369 2052 statuendum

838 2070 892 2130 sit,
913 2069 968 2119 iam
984 2085 1067 2135 supra
1085 2071 1114 2120 in
1130 2076 1200 2123 nott.
1217 2073 1254 2122 ad
1273 2085 1329 2133 cap.
1340 2067 1369 2118 tt

838 2138 1038 2202 indicavimus,
1065 2141 1114 2190 ubi
1136 2139 1252 2191 aliorum
1275 2152 1369 2206 quoque

838 2214 950 2261 nostrae
968 2211 1070 2261 aetatis
1087 2213 1206 2261 virorum
1229 2210 1327 2261 iudicia
1341 2207 1370 2257 do

840 2278 978 2330 Clisthene
989 2279 1141 2331 attulimus.
1151 2309 1186 2318 —
1198 2281 1304 2345 μοῖραν
1316 2276 1369 2328 dedi

838 2365 887 2414 pro
903 2349 966 2399 olim
980 2350 1051 2417 vulg.
1061 2348 1181 2414 μοίρρν;
1195 2350 1252 2401 vid.
1264 2348 1367 2401 Bredor.

839 2434 904 2484 pag.
919 2419 976 2469 1³2.

875 2485 1089 2553 προσεθήκατο]
1111 2489 1129 2540 i.
1141 2503 1165 2540 e.
1178 2490 1284 2539 adsum
1293 2494 1371 2551 parter

840 2561 939 2619 traxit,
961 2564 993 2609 ut
1010 2558 1091 2624 paulo
1112 2563 1187 2625 post:
1219 2553 1271 2609 τὸν
1289 2555 1371 2621 δῆμον

838 2627 1048 2692 προσθέμενος,
1070 2645 1123 2679 eum
1138 2628 1237 2692 plebem
1253 2645 1319 2679 αισα
1337 2628 1371 2688 [ε-

838 2699 921 2760 ciseet,
930 2700 979 2749 aidi
986 2701 1161 2758 adiunctam
1174 2699 1221 2749 uhi
1236 2699 1303 2765 quod
1313 2697 1372 2747 Snu-

839 2767 921 2818 crolti
941 2768 1010 2819 liber
1025 2769 1118 2829 affert,
1143 2766 1181 2835 τῷ
1201 2764 1282 2836 δήμῳ
1296 2778 1372 2829 προσ·

247 2855 305 2889 ram
314 2854 383 2889 nunc
393 2838 528 2903 prolatam
537 2837 616 2887 video
625 2853 642 2887 a
650 2837 679 2887 O.
688 2836 788 2887 Abiclrt
838 2833 973 2902 θέμενος,
987 2837 1168 2904 significaret:
1187 2853 1243 2889 eron
1252 2839 1335 2902 populi
1344 2849 1369 2886 se

247 2911 276 2958 in
294 2907 427 2972 Philolog.
452 2907 486 2960 X.
509 2922 570 2972 pag.
591 2908 651 2957 710.
669 2906 787 2970 Belrker,
836 2907 953 2970 partibus
970 2909 1126 2967 addidisset,
1146 2909 1174 2958 id
1188 2909 1262 2973 quod
1281 2905 1372 2957 abhoc

248 2980 295 3043 qui
307 2978 421 3027 retinnit
432 2972 539 3039 πάντα,
553 2977 668 3041 quaerit,
680 2992 742 3027 num
752 2976 788 3026 le·
838 2976 898 3028 loco
912 2977 1030 3028 alienum
1045 2993 1105 3029 esse
1119 2992 1197 3029 nemo
1211 2993 1266 3028 non
1282 2973 1372 3027 intelli-

247 3047 364 3114 gendum
377 3047 414 3097 sit
426 3041 547 3103 πάντως.
577 3045 711 3111 liquidem
726 3062 787 3096 cum
839 3048 888 3111 git.
919 3048 1007 3098 Simili
1018 3048 1075 3098 iere
1087 3062 1169 3098 sensu
1178 3048 1279 3099 Noster
1288 3044 1371 3108 v,66:

248 3122 361 3168 recentt.
382 3116 443 3167 edd.
467 3115 592 3167 omnibus
614 3117 705 3180 recepi
722 3116 789 3178 San·
838 3112 889 3165 τὸν
899 3114 992 3181 δῆμον
1002 3114 1258 3181 προσεταιρίζεται,
1269 3116 1313 3167 nbi
1322 3113 1371 3163 rid.

247 3187 330 3239 crotti
341 3185 404 3235 libri
413 3185 565 3247 lectionem,
579 3185 711 3249 probante
721 3202 788 3251 qno·
839 3192 920 3251 nott,
936 3191 1018 3253 atque
1030 3189 1051 3249 1,
1066 3187 1100 3239 53
1112 3184 1216 3251 φίλους
1229 3182 1372 3250 προστίθε-

248 3274 301 3323 que
318 3256 442 3307 Wcriero
462 3256 490 3305 io
513 3258 585 3306 Actt.
606 3254 711 3320 philoll.
730 3258 788 3306 Mo·
839 3256 910 3306 σθαι
923 3256 1006 3323 (quod
1017 3257 1039 3321 Ι,
1051 3249 1372 3320 ὃθᾶίοἰῑοτπροσατήσα-

248 3342 326 3378 nacc.
341 3327 363 3376 Ι.
377 3340 439 3391 pag.
451 3325 502 3375 228
516 3341 583 3391 seq,
597 3327 644 3375 cui
654 3327 682 3375 in
692 3325 788 3376 Vallae
839 3325 909 3376 σθαι
923 3325 1054 3391 φίλους),
1073 3330 1165 3378 amicos
1177 3328 1228 3378 eibi
1236 3327 1372 3379 concidere.

248 3396 472 3463 interpretatione
488 3395 712 3460 acquiescendum
727 3411 788 3446 ease
839 3398 992 3461 adinspere,
1016 3397 1089 3461 apud
1101 3396 1256 3460 Thucydid.
1271 3396 1322 3457 vl,
1336 3392 1371 3444 18.

246 3467 371 3518 videtur:
401 3472 554 3531 ‚postquarie
585 3469 648 3516 enim
670 3469 789 3530 populum
839 3467 940 3517 Herod.
955 3466 1008 3527 ΙΙΙ,
1022 3468 1064 3518 74.
1095 3468 1171 3529 Quae
1187 3466 1304 3517 afferens
1316 3461 1373 3513 Val-

247 3537 422 3587 Atheniensem
440 3545 516 3586 anua
540 3537 674 3586 alienatum
699 3537 727 3599 (a
746 3535 787 3600 se)
839 3536 985 3588 chenarius
1013 3537 1054 3586 ita
1077 3536 1255 3602 subscripsit:
1285 3535 1372 3598 „Dum

246 3616 305 3657 tunc
316 3622 408 3657 ornnem
422 3607 458 3654 ad
469 3621 539 3656 suam
555 3609 730 3657 necctorr‘tatem
746 3621 789 3655 re·
839 3606 953 3656 favebat
964 3605 1146 3672 optimatibus
1156 3606 1279 3671 inprimis
1289 3606 1373 3667 Isago-

247 3678 344 3742 depii.“
374 3675 551 3741 Participium
571 3669 738 3740 ἀπωσμένον
763 3677 788 3724 si
838 3691 900 3741 ras,
921 3676 1096 3727 adversarius
1114 3676 1143 3726 in
1165 3672 1374 3726 administranda

247 3763 264 3797 a
278 3746 361 3797 verbo
374 3735 573 3805 ἀπωθεῖσθαι,
589 3746 606 3797 i.
617 3763 639 3796 e.
651 3748 790 3807 aspernari
837 3745 979 3812 republica
992 3746 1141 3796 Olistlrenis
1154 3747 1278 3796 restitnit
1293 3742 1374 3810 plebis

248 3816 332 3883 (quod
349 3815 442 3866 addito
455 3816 556 3867 obiecti
572 3818 733 3867 accusativo
746 3815 787 3864 sic
838 3816 1045 3880 anctoritatem,
1066 3831 1145 3882 quarn
1161 3816 1190 3865 in
1204 3815 1316 3880 imperio
1331 3826 1374 3877 po·

247 3888 380 3952 reperitur
394 3885 418 3947 1,
432 3885 476 3938 θῖ).
494 3885 558 3948 152,
570 3884 649 3951 alibi)
668 3890 787 3950 repetas,
839 3886 928 3952 pulari
937 3888 1114 3937 constitutam
1125 3884 1374 3936 aSolonePisistra

246 3955 450 4020 intelligendum
482 3971 543 4006 cum
570 3956 694 4006 Werfero
721 3944 787 4004 ἕων-
839 3961 883 4006 tus
897 3956 999 4021 filiique
1015 3954 1283 4006 labefactaverant.“
1309 3949 1373 4003 Add.
1457 4006 1458 4009 Ἴ

245 4019 307 4088 τὸν,
320 4030 351 4076 ut
360 4027 383 4085 1,
399 4026 463 4087 199,
482 4027 525 4076 sin
540 4025 574 4076 ab
586 4019 729 4088 ἀπωθεῖν,
742 4024 787 4075 αθ·
838 4023 1062 4087 προσποιεῖσθαι
1074 4027 1107 4089 V,
1117 4026 1149 4076 71
1162 4025 1228 4090 ibiq.
1242 4029 1312 4075 nott.
1330 4023 1375 4071 ht-

247 4098 363 4147 alienare
377 4093 420 4159 (ut
439 4096 511 4160 apud
530 4098 646 4147 Isocrat.
674 4097 716 4146 De
730 4111 790 4161 per·
839 4111 892 4160 que
901 4095 935 4146 ad
946 4095 996 4147 hoc
1006 4094 1154 4146 Clisthenis
1166 4096 1282 4145 studium
1295 4105 1374 4158 popu·
1457 4148 1458 4161 ¹

246 4171 344 4218 mutat.
353 4164 410 4231 20),
423 4165 538 4226 derives,
552 4163 732 4231 supplendum
746 4181 790 4217 eo·
839 4165 896 4216 lare
910 4172 1037 4230 spectare
1050 4165 1159 4217 videtur
1171 4161 1374 4216 Wachsmnthio
1457 4164 1458 4187 ³

246 4239 305 4288 dem
325 4234 449 4285 Weriero
468 4240 580 4287 auctore
598 4230 714 4286 ἕωντοῦ.
751 4236 789 4285 Et
838 4235 906 4295 1‚1.
920 4251 947 4300 p.
959 4236 1019 4288 542.
1032 4240 1089 4285 not.
1104 4236 1130 4286 b.
1145 4235 1187 4287 ed.
1200 4251 1255 4285 sec.
1268 4232 1373 4283 verbum

246 4307 297 4358 hoc
316 4321 381 4357 sane
401 4306 567 4370 praestabit,
589 4306 701 4369 opinor,
726 4321 787 4356 cum
838 4295 1025 4368 ἐλευθεροῦν,
1039 4321 1092 4370 quo
1106 4320 1190 4370 supra
1201 4305 1302 4354 Noster
1313 4312 1374 4353 usus

247 4379 329 4427 etiam
347 4390 431 4440 supra
447 4375 473 4439 l,
492 4373 540 4424 173
555 4368 585 4423 ol'
603 4367 787 4433 α’πωσθένσες
837 4378 880 4425 est
893 4376 930 4438 V,
942 4374 986 4428 65.
998 4374 1048 4438 oo,
1071 4374 1118 4425 ubi
1133 4374 1189 4426 rid.
1205 4378 1277 4425 nott.
1309 4369 1373 4421 Add.

246 4446 373 4499 dicantur
385 4446 500 4511 caputii,
516 4446 596 4498 eiecti.
632 4446 730 4514 Itaque
740 4460 786 4511 po-
836 4445 980 4498 Buettner:
999 4445 1052 4497 Die
1065 4445 1212 4498 Hetiirieen
1224 4456 1289 4511 pag.
1304 4440 1343 4494 lti.
