3046 5134
485 434 491 445 ·
529 416 801 504 socruum.
826 441 895 502 vu.
916 449 960 504 ss.

1248 438 1309 501 505

179 616 365 717 σταθέντες
387 615 425 686 dl
439 612 588 705 ἀγκύρας
606 622 755 705 κατῆκαν
770 612 988 705 περιμήκεας,
1009 611 1066 695 τός
1079 611 1142 703 μὲν
1156 610 1238 703 πρὸς
1251 617 1312 682 τοῦ

178 818 403 885 terpretaticnem
412 816 452 883 (in
463 834 515 884 qna
525 817 553 868 id
563 818 669 884 quidem
681 834 723 869 re·

179 898 222 941 cte
234 891 297 954 peni
309 894 382 953 puto,
392 888 464 953 quod
475 904 567 939 omnes
581 891 721 955 utriusque

179 960 271 1025 pontis
283 973 367 1009 neves
379 973 475 1023 prores
485 959 612 1009 fluctibus
626 960 720 1010 obver-

180 1045 226 1080 sas
239 1028 399 1087 habuerint,
416 1029 544 1094 quonism
557 1029 585 1079 id
599 1030 660 1095 ipss
678 1043 721 1079 res

179 1098 319 1164 postulare
343 1097 464 1163 videtur)
487 1100 637 1165 assumpsit
657 1113 723 1165 qno-

181 1184 233 1234 que
247 1168 330 1219 Grote
343 1167 360 1219 l.
378 1183 461 1233 snpra
473 1169 506 1232 l.‚
529 1170 575 1235 qni
587 1169 649 1219 inde
664 1184 722 1218 ver-

181 1240 230 1288 bs:
263 1234 316 1286 τοό
338 1230 389 1301 μὲν
408 1232 523 1286 Πόντου
546 1230 721 1300 ἐπικαρσίας,

180 1305 233 1357 τοῦ
248 1302 280 1356 δὲ
291 1298 500 1370 Ἑλλησπόντου
511 1302 582 1357 κατὰ
591 1300 662 1372 όόον
674 1324 722 1374 pes

182 1375 358 1443 parenthesin
369 1378 458 1442 positu
467 1381 591 1443 aceepit:
609 1380 653 1429 eui
663 1379 722 1427 rire

182 1448 263 1497 docto
273 1445 395 1511 equidem
408 1450 536 1498 assentiri
547 1463 662 1513 nequeo,
675 1449 723 1512 qui

152 1515 158 1525 '
182 1517 254 1567 hane
268 1517 519 1581 interpretationem
536 1518 570 1568 sb
589 1519 656 1584 ipsis
670 1519 724 1566 He-

182 1586 273 1638 rodoti
282 1586 387 1648 verbis,
403 1586 494 1652 qualis
504 1603 575 1637 nune
587 1588 723 1652 leguntur,

182 1657 299 1707 alienam
311 1670 371 1706 esse
383 1656 510 1706 arbitror.
538 1658 631 1723 Neque
643 1656 724 1707 aliter

184 1726 319 1792 placuisse
348 1726 429 1775 video
460 1727 519 1776 viro
546 1725 725 1792 praenobilis-

184 1799 301 1846 rimoso
319 1795 491 1853 doctissimo.
512 1797 612 1847 Libero
625 1798 726 1848 Beroni

183 1867 217 1916 de
225 1866 408 1928 Reiaenstein,
416 1868 463 1930 qui
471 1866 504 1915 de
515 1867 677 1932 quibusdem
688 1867 726 1917 lo-

184 1938 225 1986 cis
235 1936 399 1986 sententiam
413 1951 489 1986 suam
503 1937 642 1987 nobiseum
653 1952 725 1987 com·

182 2007 320 2056 muniesre
332 2004 428 2055 voluit.
455 2006 498 2055 lta
512 2008 582 2056 enim
598 2006 666 2056 haec
679 2021 725 2055 ex-

184 2075 283 2141 plicari
300 2090 382 2139 posse
400 2079 495 2140 pntst,
515 2082 546 2125 ut
564 2077 638 2141 prior
657 2091 725 2140 pens

185 2145 321 2210 obliquam
337 2144 463 2195 babuerit
475 2146 669 2209 directionem,
685 2145 725 2194 in·

184 2215 270 2280 deque
285 2216 367 2266 etiam
387 2229 472 2264 naves
490 2214 578 2278 plures
599 2230 659 2265 esse
679 2216 726 2265 de·

184 2284 309 2344 buerint,
327 2299 387 2334 cnm
407 2283 521 2334 alterius
535 2286 626 2349 pontis
640 2299 726 2335 naves

186 2357 261 2405 recti
274 2353 424 2403 collocatae
440 2360 532 2405 essent
549 2356 665 2405 adverse
679 2356 726 2404 lin·

185 2426 265 2474 mine.
283 2423 436 2474 Gronovius
448 2425 580 2474 Herodoti
591 2424 673 2475 rerba
685 2425 725 2474 eie

185 2494 285 2544 Latine
295 2493 463 2543 reddiderat:
479 2497 677 2560 ‚quinquaqinta
686 2510 727 2544 re·

185 2579 277 2613 merem
300 2578 378 2612 narres
401 2567 565 2629 triremesque
589 2568 727 2616 trecentus

183 2633 728 2698 senapiutcheiruouuersusPoutmuconr·

182 2710 308 2766 resume
326 2703 380 2753 item
393 2703 425 2751 ab
437 2705 520 2755 allero
534 2708 615 2755 latere
628 2713 728 2755 trecen-

184 2782 226 2823 tcs
235 2774 438 2838 quattuordecim,
445 2775 528 2825 Ponto
538 2775 633 2839 quictem
644 2782 729 2825 usus·

186 2858 289 2901 verses,
312 2842 476 2906 Hellesponto
495 2852 576 2894 eutem
597 2844 729 2895 seeundum

182 2915 296 2978 fluxum,
309 2920 336 2961 ut
347 2913 411 2963 lese
422 2922 488 2963 esset
496 2915 605 2978 fluitatio
614 2916 730 2964 intentio·

185 2985 225 3032 uis
237 2983 472 3033 ermenreulorsm.“
502 2984 543 3032 Ad
560 2986 639 3035 cuius
655 3000 728 3033 men·

185 3059 238 3104 tem
251 3051 401 3103 Lareberus
413 3053 454 3103 ita
465 3053 660 3118 interpretetus
672 3060 730 3105 est:

189 3121 263 3186 „Les
283 3124 407 3184 premiere
431 3121 603 3187 (raissennrr)
622 3128 728 3186 presen-

184 3195 264 3243 talenl
281 3195 304 3241 le
320 3195 390 3256 sirene
407 3209 440 3240 αα
456 3190 634 3251 Pestilente:
652 3196 729 3245 elles

184 3270 273 3313 autres
285 3262 318 3311 du
330 3259 384 3311 erile
396 3262 427 3312 de
438 3264 622 3326 l‘Hellerpont‚
637 3267 727 3326 repon·

186 3333 272 3384 dolent
286 3347 319 3380 αα
330 3340 436 3381 coierent
448 3335 480 3382 rie
490 3334 570 3393 iesu,
586 3335 636 3394 ofin
648 3336 681 3383 de
692 3341 728 3382 te-

186 3404 228 3450 ru'r·
242 3405 281 3451 les
293 3403 419 3466 οονόαροο
433 3418 523 3452 encore
533 3405 591 3465 plus
606 3402 727 3454 teudus.“

189 3473 281 3522 Minus
300 3473 367 3522 bene
386 3473 471 3532 Misi,
489 3471 559 3521 ulter
575 3472 670 3535 Gallus
688 3473 730 3521 iu·

185 3548 298 3606 impres,
309 3542 444 3592 Herodoti
453 3542 535 3592 verbu
546 3544 586 3593 sic
595 3542 729 3592 reddidit:

188 3615 243 3675 „les
255 3611 375 3662 bellimens
387 3613 481 3662 eicient
493 3615 587 3677 roupes
600 3615 667 3661 deus
683 3628 730 3662 rme

187 3686 254 3747 tipus
275 3682 373 3745 oblique
393 3682 409 3730 ό
428 3684 453 3732 la
474 3698 540 3740 ruer,
570 3684 603 3731 du
621 3681 674 3732 οόίέ
696 3682 729 3730 (lu

189 3752 367 3814 roselensis,
377 3754 439 3801 mais
451 3752 516 3801 dous
525 3753 551 3800 lc
563 3753 684 3802 directior
696 3752 730 3799 du

186 3823 729 3884 cessantdeserendern'uesponrtenm-

188 3907 239 3957 que
253 3892 334 3940 etiam
350 3892 377 3939 iu
393 3906 499 3941 sensnm
512 3891 579 3941 haee
591 3892 674 3941 verbe
685 3905 728 3939 ex·

187 3961 278 4025 pouit,
298 3966 328 4010 ut
341 3976 432 4010 ensues
448 3977 531 4011 neres
545 3960 664 4011 seeundo
681 3962 729 4010 flu·

188 4034 260 4081 mine
271 4031 548 4091 fuerintcollocatae3
563 4031 634 4081 unde
647 4044 730 4096 eppa-

189 4118 248 4152 rere
262 4100 333 4161 vult,
355 4116 429 4165 „que
446 4101 504 4151 leur
519 4101 640 4165 position
655 4100 729 4165 (susm

188 4171 280 4220 malim
299 4171 360 4235 ipse
383 4170 442 4221 eius
462 4171 558 4220 afferre
582 4171 677 4231 verbu)
702 4174 730 4219 et

189 4257 237 4306 par
249 4239 419 4305 consequent
433 4240 460 4289 la
470 4239 557 4303 ligne,
580 4257 631 4305 que
644 4241 730 4291 decri·

188 4312 248 4360 vuit
262 4311 287 4361 le
300 4316 382 4375 pont,
401 4309 505 4360 etoient
521 4310 643 4374 obliquee
653 4310 729 4366 Hune

189 4385 217 4431 et
227 4380 328 4430 l'sutre
348 4382 364 4430 is
382 4381 409 4429 ln
423 4380 556 4430 direction
569 4381 607 4429 du
619 4379 728 4430 csnsl.“

188 4450 243 4500 Ubi
256 4464 326 4516 ques
339 4451 372 4500 de
387 4450 497 4500 diversa
510 4451 650 4515 utriusque
663 4465 729 4515 peu·

187 4521 224 4570 tls
251 4519 400 4573 directione
424 4519 580 4571 Herodotus
609 4524 729 4583 enarret,

771 817 840 868 bene
859 817 1053 881 discernenda,
1074 833 1106 868 ea
1126 816 1172 868 ille
1187 815 1313 868 confudit

771 893 798 937 et
810 888 844 936 ad
858 893 1001 951 utrumque
1013 891 1138 953 pontem,
1151 886 1225 937 nulle
1235 886 1312 937 adlri-

771 958 829 1007 bito
844 957 1016 1020 discrimine,
1029 958 1131 1009 retulit.
1157 957 1236 1018 Quod
1247 972 1311 1017 vero

772 1028 980 1092 quaesiverunt,
998 1027 1046 1091 qui
1057 1028 1160 1077 fuctum
1176 1028 1224 1089 sit,
1242 1027 1311 1076 utin

771 1097 855 1162 priori
869 1102 952 1163 ponte
966 1097 1057 1161 plures
1071 1101 1313 1147 commemorentur

773 1182 870 1229 neves,
892 1168 920 1217 in
934 1182 988 1233 que
1000 1167 1034 1216 ob
1050 1168 1138 1232 ipsum
1153 1168 1262 1216 nerium
1277 1167 1314 1215 si·

773 1243 829 1286 tum
844 1246 1030 1288 transversum
1048 1235 1205 1302 (utseilicst
1217 1236 1313 1301 opine·

772 1305 884 1371 buntur)
906 1307 1050 1371 pauciores
1069 1307 1156 1358 inisse
1173 1304 1314 1371 probabile

774 1377 826 1439 sit,
840 1392 921 1440 qnam
934 1378 962 1425 in
977 1379 1140 1440 posteriori:
1163 1376 1217 1426 iarn
1231 1390 1314 1441 supra

773 1445 1314 1512 monuimusobdirectionempeutisnon
1369 1456 1372 1463 ·

774 1517 849 1566 recti
864 1516 937 1566 linei
955 1515 1002 1567 sed
1017 1517 1127 1582 obliqne
1143 1516 1219 1566 ducti
1231 1516 1315 1581 pluri·

774 1585 825 1635 bus
844 1602 913 1651 opus
934 1585 1019 1636 luisse
1045 1587 1163 1637 novibus
1186 1601 1264 1651 quam
1286 1587 1314 1634 iu

775 1658 924 1720 posteriore
937 1662 1034 1719 ponte,
1050 1658 1095 1721 qui
1106 1654 1181 1707 rectit
1194 1655 1266 1705 linet
1278 1655 1314 1703 ab

774 1741 830 1775 uua
841 1741 888 1775 ora
898 1725 932 1774 ad
943 1725 1057 1775 alteram
1069 1732 1171 1777 stratus
1182 1731 1256 1786 erat3
1270 1740 1315 1774 ne·

776 1794 913 1860 que·hsec
932 1796 972 1844 ita
991 1794 1123 1858 explicari
1140 1809 1220 1859 posse
1235 1800 1314 1861 puta-

775 1880 834 1914 mns
852 1864 900 1927 (cf.
919 1866 1007 1915 Kruse
1026 1864 1044 1914 l.
1064 1865 1082 1916 l.
1100 1880 1161 1930 psg.
1183 1864 1217 1916 93
1238 1880 1314 1930 seqq.

775 1937 871 1985 Krsts.
885 1935 902 1983 l.
913 1932 953 1997 1.),
970 1939 1001 1984 nt
1015 1937 1191 2000 posteriorem
1206 1942 1315 2000 pontem

774 2004 994 2069 pentecontoris,
1015 2005 1087 2071 qnod
1104 2007 1214 2055 nerium
1231 2020 1317 2070 genus

774 2075 828 2124 snit
845 2074 954 2139 longius
974 2080 1057 2140 atque
1075 2075 1173 2136 latine,
1199 2077 1315 2141 priorem
1341 2092 1348 2105 =

774 2145 863 2194 Ponto
880 2145 1023 2194 obversum
1041 2144 1208 2209 triremibus,
1228 2147 1316 2194 minus

774 2214 864 2279 longis
878 2212 996 2278 latisque
1011 2215 1142 2278 navibus,
1160 2215 1317 2265 constitisse

776 2300 917 2349 ponemus.
950 2284 980 2334 Id
995 2286 1066 2336 enim
1082 2302 1111 2336 re
1127 2300 1193 2336 vera
1206 2287 1229 2335 si
1246 2285 1317 2335 obti-

776 2355 894 2415 nuisset,
913 2353 1025 2404 verbulo
1039 2360 1112 2405 certe
1122 2356 1221 2405 Noster
1232 2355 1259 2405 id
1276 2356 1317 2403 in·

777 2424 897 2475 dicesset
914 2439 974 2473 mes
989 2424 1096 2489 quidem
1116 2441 1147 2475 es
1164 2425 1316 2474 sententis:

777 2509 875 2559 quare,
889 2498 919 2543 ut
935 2508 1018 2558 aupru
1031 2495 1084 2543 iam
1102 2493 1237 2551 indicavi,
1251 2495 1318 2544 mix·

778 2565 864 2613 tasin
882 2568 997 2627 utroque
1018 2569 1101 2628 ponte
1123 2564 1316 2623 trimenstres,

778 2633 859 2697 idque
873 2634 941 2697 ipsis
954 2634 1087 2684 Herodoti
1106 2632 1198 2685 verbis
1219 2633 1318 2698 signifi-

776 2704 835 2754 cari
850 2701 938 2753 eredo.

818 2769 868 2822 ive
888 2764 1056 2835 ἀνακωχεύῃ
1080 2765 1132 2821 τόν
1155 2761 1242 2820 τόνον
1261 2767 1318 2820 τόν

779 2831 887 2906 ὅπλων]
902 2841 988 2891 scilic.
999 2834 1013 2890 ό
1026 2834 1102 2906 ῥόος.
1126 2840 1278 2906 Schweigh.
1291 2843 1318 2889 iu

778 2915 843 2963 Lex.
861 2913 927 2962 ller.
949 2912 970 2961 1.
991 2928 1016 2977 p.
1030 2911 1064 2963 40
1079 2914 1203 2977 exponit:
1226 2914 1319 2973 „stim

778 2984 909 3034 tentionem
918 2983 1039 3033 retineret
1049 2997 1071 3034 s.
1081 2984 1218 3032 sternuere!
1227 2984 1320 3031 rudes·

778 3058 849 3111 tium,
870 3053 898 3102 id
912 3051 968 3112 est,
987 3052 1144 3117 impediret,
1161 3067 1213 3118 qno
1230 3053 1319 3101 minus

777 3124 917 3173 laxaretur
925 3121 1078 3172 rudentium
1089 3121 1236 3172 intentie.“
1250 3122 1319 3171 Nos:

779 3194 856 3243 demit
882 3193 929 3241 cler
946 3191 1029 3242 Suom
1055 3193 1096 3243 dte
1112 3191 1249 3256 Spnnuunp
1273 3193 1320 3240 der

779 3263 845 3313 Seile
858 3263 1007 3324 beser-clere,
1021 3261 1087 3323 sive,
1103 3266 1133 3312 ut
1146 3261 1234 3311 reddit
1247 3262 1320 3310 Krss

779 3332 797 3381 l.
815 3331 832 3381 l.
847 3347 909 3395 pag.
921 3334 954 3381 4:
979 3332 1057 3382 risset
1074 3333 1114 3382 die
1131 3332 1265 3395 Strdsump
1280 3333 1321 3381 die

783 3404 851 3453 Ταατ
873 3404 896 3450 in
911 3404 958 3451 cler
972 3400 1109 3466 Speuuunp
1126 3402 1237 3453 erlielte.
1265 3400 1321 3451 rili-

780 3478 821 3521 ter
833 3472 916 3521 Miot:
943 3473 1017 3532 „alin
1035 3487 1088 3536 que
1102 3471 1141 3521 les
1157 3471 1248 3522 csbles
1265 3471 1321 3520 fus-

780 3547 842 3591 sent
861 3540 986 3604 tonjours
1010 3542 1162 3591 maiutenns
1184 3541 1251 3591 dnus
1268 3556 1321 3590 nne

781 3611 857 3676 egale
875 3611 1012 3663 tension.“
1051 3613 1110 3673 Quo
1124 3612 1226 3661 rectius
1240 3611 1322 3660 inter·

780 3686 904 3745 pretstus
915 3687 975 3731 erat
986 3681 1197 3743 Wessclisgms:
1211 3690 1259 3743 „st
1267 3689 1322 3730 sto-

780 3753 865 3802 bilirei
882 3753 1058 3801 contentionem
1075 3765 1106 3800 αο
1122 3753 1263 3814 firmitatem
1277 3766 1321 3800 ru·

780 3823 879 3872 dentem
892 3821 909 3846 “
929 3820 1041 3871 Fluctus
1055 3821 1135 3884 enim,
1151 3822 1200 3882 sit,
1215 3821 1322 3886 propel-

780 3892 855 3942 lebat
878 3905 961 3941 naves
986 3892 1071 3953 istus,
1096 3906 1166 3956 quse
1189 3889 1322 3956 impulsae

780 3962 887 4010 funium
899 3961 1099 4011 contentionem
1114 3962 1262 4021 augebant.
1287 3953 1322 4009 roi

781 4019 857 4080 ὅπλα
872 4046 932 4080 cum
947 4030 1089 4081 Dietschio
1105 4029 1134 4095 (l.
1150 4031 1167 4081 Ι.
1183 4046 1244 4095 peg.
1258 4030 1322 4093 teu)

782 4101 899 4166 sliisque
910 4100 1032 4165 intelligo
1043 4100 1076 4150 de
1085 4100 1256 4163 rudentibus,
1264 4101 1322 4165 qni·

780 4172 832 4221 bns
845 4186 962 4222 ancorae
977 4172 1087 4220 nerium
1098 4175 1239 4233 tenentur,
1258 4185 1322 4220 nos:

781 4240 941 4294 Antestare:
960 4255 1047 4305 neque
1062 4241 1133 4290 enim
1146 4239 1321 4303 cogitandum

781 4311 815 4360 de
831 4310 991 4361 rudentibus
1010 4324 1093 4374 super
1108 4316 1204 4373 pontes
1220 4314 1322 4359 eterra

781 4381 915 4442 extensis,
937 4394 1053 4444 quorum¹
1073 4379 1187 4429 iuferius
1204 4380 1234 4429 lit
1249 4396 1321 4429 men-

780 4454 829 4512 tio,
841 4450 1063 4515 quemadmodum
1074 4453 1137 4513 post
1146 4450 1214 4499 alios
1225 4451 1323 4499 statuit

781 4521 865 4571 Grete
882 4519 900 4571 1.
914 4519 931 4574 l.
947 4534 1009 4586 pag.
1025 4520 1074 4582 26,
1093 4519 1139 4587 qui
1155 4519 1192 4571 sd
1211 4519 1322 4572 verbum
