2986 5130
446 402 724 465 POLYMNIA.
748 404 820 465 VII.
847 414 905 468 161.
929 413 987 468 162.
1220 403 1277 465 691

147 582 264 664 χίστην
278 571 385 646 ὀπίσω
399 572 688 665 ἀπαλλασσόμενοι
703 579 757 646 καὶ
771 573 988 663 ἀγγέλλοντες
1003 581 1043 664 τῇ
1058 570 1209 661 Ἑλλάδι,
1230 572 1280 645 ὅτι

148 682 186 749 ἐκ
207 684 267 748 τοῦ
289 682 448 748 ἐνιαυτοῦ
466 677 503 750 τὸ
524 684 583 767 ἔαρ
604 677 691 769 αὐτῇ
712 683 934 769 ἐξαραίρηται.
983 670 1090 759 Οὗτος
1110 679 1147 748 dl
1166 674 1184 749 ὁ
1205 678 1281 758 νόος

148 786 250 851 τοῦδε
269 787 329 851 τοῦ
349 782 508 872 ῥήματος,
533 780 570 852 τὸ
598 785 710 853 ἐθέλει
732 787 860 869 λέγειν·
888 788 974 870 δῆλα
1000 779 1083 870 γὰρ,
1108 778 1152 861 ὡς
1177 786 1214 851 ἐν
1234 786 1281 874 τῷ

148 981 228 1033 huius
243 981 321 1042 verbi
337 986 477 1047 potestate
499 981 625 1048 exposuit
642 999 690 1032 no·
741 983 815 1048 „dici
827 986 951 1048 poterat,
961 982 1282 1049 quandoquidemeodeas

149 1057 226 1102 tante
244 1050 427 1103 Valckenario
450 1052 552 1103 Kuster
577 1051 613 1101 ad
629 1053 691 1102 Ari·
742 1054 842 1117 „ruodo
857 1059 913 1103 tres
931 1052 964 1103 de
979 1053 1136 1118 principatu
1149 1052 1282 1103 Graeciae

150 1120 240 1186 rtopb.
264 1122 334 1171 Rau.
359 1121 423 1172 1251
452 1122 514 1171 eoll.
540 1120 640 1172 Scholl.
662 1123 690 1171 iu
741 1122 964 1186 „contendebant
978 1127 1088 1187 gentes,
1109 1122 1209 1183 Siculi,
1229 1123 1283 1172 La·

149 1190 263 1242 Aristid.
283 1206 346 1256 pag.
366 1189 416 1241 196
437 1190 478 1241 ad.
496 1191 640 1243 Frommel.
656 1219 690 1229 -

148 1260 240 1311 Verba
252 1263 373 1325 proxime
393 1275 466 1326 seqq.
487 1254 539 1310 oria
557 1250 593 1309 ἂν
613 1254 691 1324 φθά-

149 1342 226 1378 νοιτε
244 1354 279 1367 -
293 1322 537 1393 ἀπαλλασσόμενοι
558 1330 692 1395 Schweig-

148 1400 298 1451 haeuserus
314 1402 341 1448 in
354 1400 449 1454 Lerie.
460 1399 562 1450 Herod.
573 1400 611 1450 ll.
624 1415 689 1466 pag.

149 1469 201 1521 356
216 1474 244 1520 et
255 1468 383 1520 Kuehner
394 1469 441 1520 Gr.
455 1468 502 1519 Gr.
517 1472 540 1531 ς.
557 1469 617 1521 664.
632 1474 690 1519 not.

150 1542 165 1590 2
182 1538 240 1604 (ubi
260 1538 293 1590 de
311 1542 450 1589 structura
466 1539 544 1590 verbi
564 1535 691 1600 φθάνειν

150 1610 270 1670 monuit,
297 1625 330 1660 ex
355 1623 409 1673 qua
427 1609 520 1659 addito
544 1608 690 1672 participio

149 1677 238 1728 valete
256 1679 327 1727 trimis
340 1680 389 1727 cito
402 1679 499 1744 aliquid
506 1679 606 1741 faeere,
620 1679 691 1728 nimis

149 1746 303 1814 properare)
314 1746 355 1796 sio
367 1747 559 1798 reddiderunt:
577 1748 599 1798 si
612 1762 691 1813 quam

151 1819 267 1884 primum
289 1816 427 1879 abieritis,
450 1833 505 1868 non
532 1818 614 1869 nimis
635 1818 690 1867 oito

131 1930 137 1943 ,
151 1887 291 1948 abieritis,
305 1901 359 1936 non
372 1887 453 1937 nimis
468 1887 691 1952 properaveritis,

152 1959 169 2006 i.
187 1973 210 2009 e.
224 1956 294 2005 uulid
306 1957 453 2018 interpositd
466 1957 549 2019 mord,
564 1957 692 2021 euestipio

149 2027 206 2077 diuo
221 2026 293 2075 abire
306 2033 438 2076 maturate.
469 2026 569 2090 Attigit
585 2039 694 2090 quoqne

121 2156 123 2159 Ι
151 2099 273 2146 nostrum
285 2093 373 2145 locum
387 2096 455 2147 God.
469 2096 640 2146 Hermannus
659 2095 693 2144 de

151 2164 203 2214 hac
212 2165 319 2216 dicendi
329 2163 596 2229 formuledisputans
605 2164 633 2213 iu
640 2163 693 2213 Ad-

118 2227 123 2236 ’
151 2239 252 2285 notatt.
270 2234 305 2283 ad
319 2234 411 2298 Viger.
431 2248 458 2298 p.
480 2234 531 2285 765
547 2232 599 2299 (nr.
619 2232 692 2297 204).

151 2305 191 2355 Ao
203 2305 341 2369 pertinent
357 2303 409 2354 buo
421 2319 543 2369 quoque,
564 2318 633 2368 qnae
648 2319 695 2352 ex-

153 2379 230 2424 stant
242 2372 314 2438 apud
327 2372 469 2423 Platonem
486 2376 513 2423 in
528 2373 652 2437 Sympos.
665 2387 691 2436 p.

156 2443 235 2494 ldbE
246 2436 312 2505 (urin
325 2432 361 2491 riv
379 2435 508 2505 φθάνοις
520 2442 621 2504 λέγων,
636 2441 655 2491 i.
668 2456 692 2491 e.

153 2514 299 2580 quantocius
315 2512 408 2577 narro)
427 2518 454 2562 et
468 2513 497 2561 in
509 2510 648 2561 Phaedon.
665 2525 692 2573 p.

155 2582 232 2633 1000
255 2571 376 2645 (odwin
391 2573 520 2644 φθάνοις
539 2578 693 2641 περαίνων,

152 2653 171 2702 i.
191 2667 215 2705 e.
236 2655 383 2717 quantocius
403 2660 507 2701 coetera
527 2648 696 2700 exindere!-

151 2720 222 2787 lipe),
235 2721 283 2770 ubi
294 2720 356 2772 vide
366 2720 523 2770 Stallbanni.
537 2721 696 2783 etWytten·

152 2789 280 2841 bachium
294 2789 368 2855 (pag.
383 2788 445 2854 265)
460 2789 538 2855 plura
551 2789 695 2838 afferentes

153 2862 272 2925 itemque
285 2858 428 2910 Heindorf.
447 2858 483 2908 ad
493 2858 600 2911 Platon.
611 2857 693 2921 Gorg.

153 2946 179 2996 p.
196 2930 244 2980 185
264 2934 292 2981 et
309 2927 431 2979 Elmsloi.
450 2929 483 2978 sd
502 2927 625 2993 Euripid.
639 2928 696 2976 He-

152 2999 248 3051 raolid.
263 2999 323 3048 721.
354 2998 396 3048 Ad
417 2988 508 3048 ὀπίσω
521 2990 696 3047 ἀπαλλασσό-

152 3083 234 3187 μεέξῖ
247 3068 353 3187 {vildedi}
356 3068 500 3187 ἰλινιιοίιιιενίτιῖν
509 3070 544 3186 311
549 3104 607 3198 ’ἔαρ
621 3128 696 3201 αὐτῇ

152 3198 345 3272 ἕξαραίρηται]
363 3207 503 3256 Firmstur
514 3207 566 3257 boo
580 3204 694 3256 Periclis

154 3279 243 3335 dieto,
263 3278 309 3342 qui
323 3281 393 3327 teste
407 3275 545 3327 Aristotel.
560 3275 652 3326 Rbett.
671 3275 693 3336 1,

155 3346 369 3409 7.34.111‚10.
389 3349 414 3408 §-
429 3349 444 3397 7
462 3346 490 3394 in
510 3345 615 3395 funebri
635 3359 696 3395 ore·

154 3418 230 3467 tione
249 3417 289 3465 sio
308 3431 421 3466 exorsus
439 3431 498 3465 esse
519 3415 619 3464 fertur:
642 3407 696 3476 τὴν

155 3483 275 3548 νεότητα
289 3474 319 3533 ἔα
336 3482 387 3549 τῆς
406 3476 512 3541 πόλεως
529 3477 696 3549 ἀνῃρῆσθαι

155 3543 250 3617 ὥσπερ
266 3549 298 3602 sd
319 3548 368 3617 ἔαρ
392 3544 423 3602 ἐκ
441 3554 500 3602 τοῦ.
514 3544 648 3603 ἐνιαυτοῦ
671 3543 699 3600 εἰ

155 3616 331 3688 6ξιιιρεθείη;
357 3638 427 3689 quae
446 3624 507 3688 ipsa
518 3622 648 3674 Periclem
663 3637 696 3672 ex

155 3694 297 3745 Herodoto
315 3693 466 3758 sublegisse
479 3691 647 3743 vultWasse
662 3692 696 3741 ad

155 3763 278 3828 Thucyd.
300 3763 343 3825 11,
362 3762 404 3813 35.
442 3761 642 3813 Valckenarius
661 3760 697 3810 ad

155 3834 181 3885 h.
194 3833 213 3883 l.
228 3832 285 3883 elie
298 3832 431 3897 quaedam
447 3832 541 3893 affert,
556 3832 584 3881 in
600 3831 697 3895 quibas

154 3919 200 3955 ver
226 3902 360 3953 translate
387 3901 522 3967 signifieat
545 3904 697 3963 iuventutern,

155 3974 368 4031 adolescentiam,-
389 3971 463 4022 noni.
488 3972 574 4024 cicer.
596 3972 639 4022 De
656 3985 697 4020 se·

156 4047 258 4093 nsotnt.
273 4042 313 4093 19.
327 4045 352 4106 5.
363 4042 405 4093 70.
433 4041 534 4107 attigit
548 4056 631 4105 nuper
645 4039 697 4089 Ge·

155 4111 226 4162 lonis
252 4111 354 4162 dietum
378 4110 535 4161 Bakhuizen
561 4126 614 4160 vau
646 4108 698 4158 den

155 4181 243 4233 Brinlr
259 4180 371 4245 (Variae
382 4181 472 4231 Leett.
490 4196 523 4231 ex
536 4178 632 4231 histor.
651 4194 700 4227 sn-

157 4252 209 4316 tiq.
218 4249 503 4316 philosophhupdnn.
512 4251 609 4300 Batev.
623 4249 698 4299 1842.

157 4335 220 4386 pag.
233 4318 278 4385 32)
292 4320 373 4386 idque
388 4336 402 4370 e
416 4320 535 4370 ternario
551 4323 699 4385 tempesta-

159 4395 215 4439 tum
228 4405 339 4440 numero
352 4388 484 4455 explicari
496 4404 577 4455 posse
597 4404 656 4440 euru
671 4389 699 4437 in

158 4459 266 4510 ruodurn
288 4464 380 4526 putat:
406 4474 483 4526 „qno
496 4459 561 4525 quid
575 4459 700 4524 argutius

741 1192 939 1258 ‚,oedaernonii‚
952 1191 1141 1255 Athenienses,
1154 1207 1207 1258 quo
1218 1193 1283 1242 anni

741 1278 873 1328 „reguum
889 1266 944 1311 tres
957 1266 1062 1311 aetates
1078 1263 1156 1326 quasi
1171 1265 1283 1313 interne

743 1333 886 1398 „dividere
895 1330 951 1380 diei
961 1329 1129 1395 ροῑοταιιιλιι
1141 1332 1210 1381 Mihi
1220 1331 1284 1382 sim·

742 1402 849 1469 pliciter
859 1400 910 1450 hae
925 1401 1043 1465 imagine
1052 1400 1119 1451 Gelo
1128 1401 1282 1467 significare

741 1473 860 1523 voluisse
876 1469 995 1532 videtur,
1017 1470 1147 1534 optImum
1163 1469 1283 1535 quidque

742 1560 756 1593 e
773 1540 892 1593 Graecia
907 1542 1061 1604 exemptum
1079 1555 1154 1601 esse,
1175 1556 1198 1591 s.
1214 1540 1282 1602 opti-

741 1614 793 1663 mis
813 1616 841 1660 et
857 1610 1017 1659 firmissimis
1037 1609 1135 1673 opibus
1152 1625 1174 1658 s.
1196 1610 1282 1679 oopiir

743 1681 823 1748 (ques
837 1679 903 1729 Gelo
916 1678 1045 1743 praebere
1058 1677 1189 1743 potuerit)
1201 1678 1284 1728 Gree-

743 1752 812 1802 eism
826 1749 885 1798 iore
916 1748 1043 1798 rivatam.

777 1806 870 1874 Οὗτος
906 1807 1083 1873 ὲὸνόοςιθ.
1103 1831 1126 1864 τ.
1148 1813 1184 1882 1.]
1205 1817 1283 1867 Haeo

740 1889 826 1940 verba
855 1887 883 1936 in
915 1885 1040 1936 omnibus
1065 1889 1195 1950 quantum
1226 1887 1283 1937 seio

742 1958 820 2008 eodd.
842 1971 912 2022 quae
929 1960 1053 2017 exstant,
1078 1956 1174 2004 merito
1189 1971 1285 2021 suspe-

742 2034 788 2078 eta
804 2026 906 2077 hebent
920 2025 1116 2089 Wesselingius
1130 2032 1158 2075 et
1168 2026 1300 2077 Valere·

742 2112 813 2161 nar„
828 2096 926 2161 quippe
937 2093 1133 2159 interpretandi
1144 2109 1228 2147 eausa
1238 2095 1286 2145 ad·

743 2168 816 2217 ieota
830 2167 858 2215 in
870 2165 1000 2215 lectorum
1016 2164 1144 2229 gratiam.
1171 2164 1286 2216 Assensi

743 2241 808 2287 suut
818 2234 987 2295 Laroherus,
1002 2233 1164 2285 Sebaeierus
1179 2240 1206 2283 et
1214 2236 1286 2285 Mat-

742 2306 834 2365 thias,
848 2305 926 2354 uncis
940 2304 1008 2354 haee
1023 2302 1208 2363 includentes,
1226 2305 1285 2369 qui-

743 2378 793 2427 bus
812 2374 899 2424 denno
919 2372 1070 2423 liberarunt
1089 2371 1238 2439 Schweigh.
1257 2377 1285 2423 et

743 2443 847 2501 (laist,
865 2458 926 2492 oum
948 2441 1017 2492 alies
1038 2457 1145 2508 quoque
1161 2443 1230 2493 talia
1250 2442 1285 2492 ad

745 2515 878 2564 dictorum
897 2513 1065 2576 quorundam
1078 2515 1133 2564 vini
1145 2512 1286 2577 explican-

726 2583 805 2641 ⁴dam
826 2588 854 2632 et
876 2581 1067 2632 illustrandam
1091 2583 1125 2632 ab
1145 2581 1285 2632 Herodoto

745 2652 922 2713 adlicientur,
940 2655 970 2701 nt
983 2650 1031 2712 lv,
1047 2649 1102 2701 llil.
1117 2651 1155 2700 Vl
1163 2687 1170 2711 ,
1186 2651 1229 2701 37.
1240 2651 1284 2701 84.

747 2722 806 2773 168.
840 2721 903 2770 Una
920 2720 1020 2770 vocula
1040 2712 1097 2767 lori
1113 2720 1182 2771 male
1202 2719 1287 2769 habet

745 2788 1044 2855 Schweighaeuserunr3
1076 2791 1177 2855 quippe
1203 2804 1285 2855 quarn

745 2860 788 2912 vel
810 2860 871 2910 siiei
894 2859 937 2910 vel
957 2859 985 2908 in
1007 2850 1081 2907 εἶναι
1100 2859 1200 2908 mutari
1216 2857 1285 2910 vult.

744 2930 919 2981 Recentiores
946 2928 1064 2980 editores
1088 2929 1197 2993 integra
1222 2930 1288 2980 reti-

745 3005 863 3050 nuerunt
882 2997 950 3049 haee
966 2999 1065 3058 verba,
1092 3013 1161 3063 qnae
1177 3003 1205 3048 et
1227 2999 1287 3062 ipsa
1377 3036 1385 3047 .

745 3069 887 3119 retinenda
896 3068 961 3117 duxi
969 3083 1093 3132 quaeque
1103 3068 1213 3119 retineri
1223 3083 1289 3132 quo·

746 3155 797 3204 que
811 3138 899 3189 voluit
910 3137 972 3187 lilla
987 3137 1109 3199 (Jahrbb.
1121 3137 1141 3187 f.
1152 3136 1286 3202 Philolog.

744 3224 772 3258 u.
782 3208 902 3271 Paedag.
912 3206 1005 3272 Suppl.
1014 3207 1075 3258 Vol.
1083 3207 1130 3257 lx.
1143 3222 1197 3272 pag
1214 3206 1289 3269 332),

745 3278 826 3328 unice
841 3282 870 3328 et
884 3277 957 3327 haud
972 3276 1028 3327 seio
1044 3291 1080 3326 an
1096 3278 1153 3328 iure
1167 3276 1286 3327 offensus

746 3347 851 3398 verbis:
871 3333 955 3402 οὖτος
973 3337 1035 3395 did
1056 3336 1124 3402 νόος
1140 3343 1224 3396 τοῦδε
1236 3341 1288 3396 τοῦ

747 3409 881 3480 ῥήματος,
893 3408 924 3465 τὰ
935 3407 1027 3465 ἐθέλει
1036 3407 1135 3479 λέγειν,
1148 3416 1175 3464 1ο
1189 3415 1287 3480 quibus

745 3486 831 3536 verba
847 3478 878 3534 τὸ
895 3475 984 3535 ἐθέλει
1002 3480 1092 3548 λέγειν
1109 3484 1222 3535 librario
1241 3485 1288 3535 de-

747 3555 805 3605 beri
821 3559 913 3619 putat,
935 3555 982 3619 qui
993 3554 1079 3605 verba
1093 3539 1177 3609 οὖτος
1192 3547 1207 3602 ὁ
1220 3548 1288 3609 νόος

746 3621 830 3674 τοῦδε
847 3619 899 3672 τοῦ
918 3624 1092 3689 interpretari
1109 3622 1228 3675 voluerit
1245 3622 1287 3670 his

747 3693 839 3744 verbis
852 3692 977 3756 adiectis,
991 3708 1060 3757 quae
1074 3692 1135 3742 inde
1152 3693 1214 3743 eiioi
1229 3691 1288 3741 vult

747 3764 790 3813 vir
799 3764 905 3813 doctus.
920 3765 960 3813 he
969 3763 1035 3811 mihi
1046 3776 1152 3827 quoque
1162 3763 1209 3812 vir
1220 3776 1289 3812 sana

747 3833 856 3882 videtur
865 3832 997 3883 Herodoti
1008 3833 1111 3881 oratio:
1126 3846 1289 3896 quamquam

748 3918 818 3967 quae
837 3902 976 3953 offendunt
994 3902 1093 3959 verba,
1115 3917 1147 3950 ex
1166 3917 1213 3961 ea,
1235 3916 1290 3965 qua

748 3973 849 4023 Noster
858 3974 959 4031 utitur,
975 3972 1108 4021 orationis
1122 3971 1291 4020 abnndantia

751 4040 860 4092 adiecta
870 4042 958 4092 videri
967 4045 1107 4105 poterunt3
1122 4056 1206 4105 qnare
1215 4039 1292 4105 nolui

750 4111 804 4161 ista
816 4113 946 4161 continno
959 4111 1071 4170 eiicere,
1093 4109 1176 4173 probe
1190 4110 1289 4169 aciens,

735 4179 823 4230 'haud
842 4196 929 4244 pauca
949 4179 977 4228 in
995 4179 1128 4228 Herodoti
1146 4177 1224 4229 libris
1246 4193 1291 4228 ex-

750 4255 824 4300 stare
840 4249 962 4309 vulnera,
979 4263 1049 4313 quae
1061 4246 1146 4298 libros
1163 4249 1291 4311 scriptos,

751 4318 845 4384 quales
858 4334 928 4369 nune
942 4318 1126 4382 possidemus,
1148 4315 1229 4382 longe
1244 4332 1292 4365 au·

750 4389 886 4440 teeedant.
909 4386 1057 4437 Offendunt
1065 4402 1181 4453 quoque,
1199 4401 1292 4452 quam-

753 4475 832 4525 quam
843 4458 913 4509 alius
923 4462 986 4507 sunt
996 4457 1213 4523 generiaverba,
1221 4470 1291 4521 quae

1029 4545 1094 4606 44*
1131 4608 1138 4619 ,
