3048 5130
224 416 286 477 232
655 412 925 476 IIERODOTI

143 650 147 655 .
224 589 315 685 αὐτῷ
334 588 534 670 ἀποστάσιος
548 591 635 673 πέρι.
669 586 687 659 ὸ
702 589 739 659 δὲ
749 585 933 677 Ἕρμιππος
947 584 1029 671 πρὸς
1045 584 1123 667 τοὸς
1136 586 1198 674 μέν
1211 583 1361 674 ἀπεπέμ-

224 707 316 785 φθη,
337 691 378 764 οὸ
392 699 498 776 διδοῖ,
523 695 638 781 φέρων
653 694 690 764 δέ
710 698 889 780 ἐνεχείρισε
903 690 944 760 τὸ
957 699 1073 780 βιβλία
1089 688 1315 777 Ἀρταφέρνελ
1345 685 1364 759 ό

225 800 262 869 δὲ
282 796 405 887 μαθων
425 794 514 866 ἅπαν
536 796 572 866 τὸ
592 798 770 887 γινόμενον
791 800 924 868 ἐκέλευε
946 794 1006 865 τὸν
1020 793 1210 882 Ἕρμιππον
1236 792 1277 863 τά
1300 793 1364 882 μέν

225 900 315 990 παρὸ
342 906 402 971 τοῦ
423 899 579 971 Ἱστιαίου
600 908 719 972 δοῦναι
741 903 888 987 φέροντα
915 909 1004 970 τοῖσί
1023 927 1086 988 περ
1111 905 1229 986 έφερε,
1261 895 1301 967 τὸι
1326 897 1364 967 δέ

225 1004 384 1095 ἀμοιβαῖα
399 1003 439 1073 τὸ
453 1004 542 1089 παρὰ
552 1012 621 1074 τῶν
636 1009 797 1092 Περσέων
810 1002 1082 1093 ἀντιπεμπόμενα
1092 998 1233 1095 Ἱστιαίῳ
1248 1003 1364 1094 ἑωυτῷ

226 1115 355 1180 δοῦναι.
392 1109 522 1178 τούτων
548 1109 585 1177 δέ
607 1111 802 1197 γενομένων
828 1113 988 1196 φανερῶν
1011 1104 1185 1177 ἀπέκτεινε
1212 1109 1364 1175 ἐνθαῦτα

227 1212 372 1292 πολλοὸς
386 1216 546 1299 Περσέων
559 1208 577 1281 ὸ
594 1211 829 1301 Ἀρταφέρνης.
864 1214 940 1297 περὶ
954 1211 1083 1297 Σάρδις
1096 1211 1158 1298 μέν
1179 1207 1222 1298 δὴ
1237 1212 1365 1296 ἐγίνετο

200 1317 361 1406 5ταραχή.
397 1313 550 1385 Ἱστιαίου
576 1317 612 1386 δέ
640 1316 762 1403 ταύτης
790 1314 1027 1403 ἀποσφαλέντα
1052 1322 1111 1403 τῆς
1134 1317 1269 1393 ἐλπίδος
1288 1322 1365 1382 Χῖοι

227 1426 374 1508 κατῆγον
394 1423 427 1500 ἐς
442 1428 613 1507 Μίλητον,
635 1418 740 1490 αὐτοῦ
758 1416 913 1488 Ἱστιαίου
929 1422 1118 1507 δεηθέντος.
1154 1422 1188 1486 οί
1200 1416 1237 1486 δὲ
1249 1415 1364 1503 Μιλή-

226 1546 311 1609 σιοι,
332 1522 470 1611 ἄσμενοι
485 1521 756 1611 ἀπαλλαχθέντες
769 1525 824 1591 καὶ
838 1518 1096 1609 Ἀρισταγόρεω,
1111 1517 1268 1608 οὐδαμῶς
1282 1520 1364 1606 πρό·

226 1638 332 1716 θυμοι
357 1620 445 1715 ἦσαν
465 1624 568 1697 ἄλλον
588 1625 757 1715 τύραννον
780 1630 940 1696 δέκεσθαι
967 1630 999 1707 ἐς
1017 1625 1080 1714 τὴν
1099 1623 1228 1712 χώρην,
1254 1619 1309 1693 οἶά
1331 1649 1367 1691 τε

227 1735 425 1818 ἐλευθερίης
445 1729 655 1818 γευσάμενοι.
684 1734 739 1801 καί
762 1729 819 1819 δὴ,
839 1727 960 1809 νυκτὸς
980 1727 1045 1818 γάρ
1060 1728 1178 1816 ἐούσης
1191 1733 1248 1815 βίη
1274 1731 1366 1797 ἐπει-

228 1841 308 1921 ρᾶτο
322 1832 447 1903 κατιωυ
463 1829 638 1914 ὸἹστιαῐος
651 1837 684 1914 ές
698 1834 760 1923 τὴν
771 1841 941 1921 Μίλητον,
956 1832 1172 1920 τιτρώσκεται
1185 1829 1244 1898 τὸν
1257 1828 1368 1919 μηρὸν

225 1933 293 2007 ὑπὸ
312 1964 372 2006 τευ
395 1942 465 2006 τῶν
483 1943 673 2024 Μιλησίων.
714 1935 749 2006 Ὁ
769 1939 832 2026 μὲν
856 1934 898 2024 δὴ
919 1932 962 2016 τὸς
988 1933 1140 2015 ἀπωστὸς
1158 1940 1216 2021 τῆς
1236 1936 1367 2004 ἑωυτοῦ

227 2048 374 2128 γίνεται,
395 2036 586 2108 ἀπικνέεται
607 2037 713 2109 ὀπίσω
729 2043 761 2120 ἐς
782 2040 844 2129 τὴν
858 2047 957 2109 Χίον·
991 2045 1155 2110 ἐνθεῦτεν
1170 2038 1224 2119 δέ,
1244 2035 1286 2107 οὐ
1301 2036 1367 2124 γὰρ

228 2150 345 2213 έπειθε
359 2140 436 2221 τοὸς
450 2149 554 2222 Χίους
574 2141 658 2213 ὥστε
674 2146 787 2234 ἑωυτῷ
801 2149 920 2213 δοῦναι
935 2146 1030 2225 νέας,
1050 2144 1146 2230 διέβη
1161 2146 1194 2220 ἐς
1207 2142 1365 2229 Μυτιλή·

227 2275 292 2335 νην
313 2247 369 2315 καὶ
389 2252 500 2314 ἔπεισε
513 2253 679 2333 Λεσβίους
703 2252 828 2316 δοῦναί
845 2252 878 2318 οί
895 2248 983 2325 νέας.
1021 2252 1056 2316 σί
1072 2247 1109 2316 δέ
1130 2243 1367 2333 πληρώσαντες

227 2347 314 2419 ὸιιτιὸ
336 2347 490 2437 τριήρεας
505 2356 626 2419 ἔπλεον
639 2345 707 2438 ἀμα
722 2346 864 2444 Ἱστιαίῳ
885 2353 918 2430 ἐς
931 2349 1131 2434 Βυζάντιον·
1156 2352 1308 2445 ἐνθαῦτα
1323 2349 1416 2417 δέλλΙ
1509 2336 1510 2383 ¹

228 2453 372 2541 ίζόμενοι
390 2450 447 2533 τὸς
462 2457 498 2523 ἐκ
518 2460 579 2522 τοῦ
593 2454 727 2523 Πόντου
747 2453 961 2534 ἐκπλωοόσας
974 2459 1044 2524 τῶν
1059 2459 1149 2523 νειὸν
1167 2451 1368 2539 ἐλάμβανον,

229 2551 351 2645 πλὴνῆ
368 2553 440 2626 ὅσοι
454 2554 566 2626 αὐτῶν
576 2551 717 2650 Ἱστιαίῳ
732 2564 862 2644 ἔφασαν
881 2559 1004 2645 έτοίμοι
1025 2556 1112 2627 εἶναι
1127 2562 1315 2625 πείσεσθαι.

202 2654 221 2716 6
301 2656 451 2740 Ἱστιαῖος
471 2662 533 2747 μέν
549 2688 615 2730 νυν
636 2662 692 2729 καὶ
707 2668 934 2749 Μυτιληναῖοι
950 2664 1087 2731 ἐποίευν
1106 2666 1221 2729 ταῦτα.
1260 2660 1315 2727 ἐπὶ
1331 2659 1370 2728 δέ

145 2818 150 2831 ,
231 2770 386 2852 Μίλητον
400 2760 506 2851 αὐτὴν
526 2761 683 2844 ναυτικὸς
696 2763 819 2845 πολλὸς
839 2766 894 2833 καί
909 2763 1002 2848 πεζὸς
1017 2757 1059 2854 ἦν
1073 2761 1210 2850 στρατὸς
1223 2761 1369 2848 προσδό-

230 2894 335 2955 κιμος.
374 2869 623 2957 συστραφέντες
643 2865 708 2957 γάρ
730 2873 765 2937 οί
782 2870 960 2957 στρατηγοί
980 2874 1048 2938 των
1069 2870 1229 2955 Περσέων
1251 2867 1307 2935 καί
1332 2870 1371 2937 ἓν

230 3096 276 3131 ττι
287 3080 321 3131 εδ
337 3097 400 3142 εστ,
421 3081 456 3131 εδ
469 3097 537 3148 quon
553 3082 674 3145 scriptae
687 3087 774 3143 erant,
861 3072 900 3138 σὸς
914 3073 1046 3138 ἀπωστὸς
1063 3080 1114 3145 τῆς
1131 3073 1239 3132 ἑαυτοῦ
1249 3080 1370 3147 γίνεται]

231 3152 329 3202 deferri
346 3152 463 3215 indeque
477 3151 512 3200 ab
524 3151 620 3201 iisdem
634 3167 701 3216 quae
715 3152 775 3202 red·
826 3152 843 3201 i.
866 3167 891 3204 e.
910 3155 1019 3202 reiectus
1041 3168 1057 3201 a
1080 3168 1127 3202 τυιι
1142 3156 1244 3215 μανία,
1270 3155 1369 3215 pulsnt.

232 3221 374 3282 durentur,
390 3220 425 3270 ad
439 3220 580 3270 sederem
595 3222 692 3283 iussit,
705 3222 774 3271 adeo
826 3221 868 3271 Ad
881 3221 1047 3271 locutionem
1059 3222 1223 3287 wesseling.
1239 3223 1309 3271 citat
1322 3222 1372 3271 So·

230 3297 262 3341 ut
272 3305 376 3340 omnem
389 3296 517 3354 argueret
527 3289 650 3341 fraudem
665 3307 775 3357 remque
826 3291 917 3355 pbool.
931 3292 1008 3342 Αἰιιο.
1027 3292 1102 3342 1014.
1117 3290 1215 3356 Oedip.
1230 3292 1296 3356 Tyr.
1308 3292 1371 3341 649.

232 3375 337 3411 omnem
351 3360 528 3425 patefaceret.
567 3361 609 3411 De
623 3365 774 3426 temporum
827 3361 964 3411 Sanerofti
989 3360 1059 3413 liber
1084 3361 1314 3426 praepositionem
1341 3351 1372 3409 ἐτι

232 3430 380 3480 rationein
392 3430 484 3481 verbis
497 3420 530 3479 οὸ
545 3426 625 3479 διδοῖ
634 3456 668 3466 -
679 3425 775 3491 φέρων
827 3436 891 3482 ante
903 3427 953 3495 τῆς
966 3430 1060 3493 insum·
1072 3430 1144 3496 quod
1155 3430 1276 3495 praefert
1286 3431 1374 3481 Bern-

231 3492 263 3548 δέ
282 3491 481 3562 ἐνεχείρισε
496 3498 612 3550 vidimus
627 3500 661 3549 εδ
677 3502 716 3563 V,
731 3502 774 3551 55.
826 3500 927 3564 hnrdy:
946 3500 1053 3550 Grieeh.
1069 3489 1148 3565 synt.
1169 3516 1196 3564 p.
1213 3501 1272 3550 225.
1287 3527 1322 3539 —
1339 3501 1373 3550 ln

230 3570 296 3619 Mox
317 3568 380 3619 dedi
403 3561 511 3618 τούτων
531 3585 580 3634 pro
604 3565 727 3618 τουτέων
748 3575 776 3620 εί
826 3585 902 3635 seqq.
925 3573 1025 3621 Noster
1045 3571 1156 3635 scripsit
1179 3564 1280 3618 ἔπειθε
1303 3561 1373 3627 τοὸς

231 3629 354 3701 ἐγένετο,
380 3640 451 3702 quod
464 3637 587 3704 plerique
604 3640 665 3689 libri
678 3641 776 3705 scripti
826 3639 917 3695 Χίους
940 3629 1027 3689 ιόστε
1049 3629 1139 3705 έαυτῷ
1164 3636 1268 3689 δοῦναι
1293 3636 1372 3697 νέας,

231 3707 356 3759 afferunt.
381 3707 450 3758 Olim
462 3709 601 3773 vulgatam
613 3699 720 3773 ἐγένετο
733 3725 772 3761 re·
827 3710 874 3773 qni
889 3709 959 3760 idem
972 3725 1043 3769 mox,
1057 3700 1370 3760 οιοίεολτοουΙδαῗστεε

231 3782 315 3829 centt.
331 3777 391 3828 edd.
406 3784 578 3829 revocarunt.
826 3773 918 3829 ἔπεισε
944 3776 1082 3845 Λεσβίους
1107 3776 1213 3828 δοῦναί
1236 3772 1265 3828 ολ
1287 3772 1371 3839 νέας;

824 3848 878 3897 vid.
893 3848 1020 3900 Kuehner
1035 3849 1081 3903 Gr.
1094 3849 1142 3900 Gr.
1153 3854 1178 3913 §-
1192 3849 1254 3901 637.
1269 3852 1329 3899 not.
1343 3852 1370 3899 4.

528 3950 561 4000 v·
824 3918 888 4038 λιι
909 3906 1098 4039 ναίεις
1114 3919 1372 4055 ηκουσα

265 4046 401 4116 κατῆγον]
420 4053 464 4102 Ita
479 4069 540 4103 cum
556 4054 642 4106 Gaius.
659 4059 687 4104 et
703 4069 772 4105 rece.
827 4073 876 4122 pro
893 4050 1010 4109 αὐτέων.

234 4120 295 4171 edd.
304 4120 386 4171 edidi.
402 4122 575 4181 Sohaemus,
587 4139 665 4188 quem
676 4124 776 4173 Matth.

233 4191 370 4270 sequ'itun
393 4191 532 4242 eduobus
552 4192 631 4243 codd.
655 4193 777 4243 ediderat
1030 4231 1051 4281 Ο
1118 4233 1157 4282 VI

232 4275 401 4325 κατηγαγον.
425 4261 501 4312 Idem
515 4266 543 4311 et
555 4263 606 4312 hoc
620 4279 680 4328 cap.
692 4270 719 4312 et
736 4280 777 4313 se·
1053 4249 1096 4282 η
1159 4269 1166 4282 ”

232 4332 326 4392 quenti
344 4330 453 4381 exhibui
469 4320 542 4396 ἦσαν
562 4348 611 4398 pro
629 4326 706 4385 ἕσαν,
735 4334 776 4384 διδ
863 4321 1160 4400 οἷν-προσδόκιμος]
1174 4334 1254 4401 Opus.
1265 4334 1299 4397 V,
1312 4334 1373 4385 108.

231 4392 363 4462 ἐπειρᾶτο
374 4393 479 4450 κατιιὸν
492 4402 564 4454 conf.
579 4404 634 4467 vl,
653 4405 678 4456 9.
695 4405 723 4467 1,
743 4405 776 4454 77
828 4403 869 4453 Ad
892 4405 1003 4455 verbum
1029 4400 1234 4466 συστραφέντες
1259 4404 1373 4469 (τρωγλο-

231 4469 323 4535 ibique
337 4474 406 4521 nott.
828 4473 892 4537 δοίί,
917 4474 1052 4539 coniuncto
1076 4475 1147 4526 conf.
1170 4475 1224 4535 IX,
1247 4474 1292 4535 18,
1323 4475 1372 4525 ubi
