2998 5138
449 413 816 491 uuuusrououu.
839 416 878 476 v.
900 424 944 479 τε.
967 423 1010 478 τι.
1254 412 1294 474 43

158 583 195 658 τό
211 591 318 677 δέρμα
345 587 485 677 ἱμάντας
507 591 539 671 ἐξ
560 583 664 657 αὐτοῦ
678 595 776 678 ἔταμε
793 591 848 657 καὶ
868 591 1011 659 ἐνέτεινε
1025 586 1085 660 τόν
1097 585 1242 678 θρόνον,
1264 591 1297 669 ἐς

158 690 219 762 τόν
232 697 315 777 ἵζων
329 696 474 776 ἐδίκαζε·
498 691 681 772 ἐντανύσας
696 691 733 762 δὲ
746 687 764 760 δ
778 692 962 782 Καμβύσης
983 690 1121 777 ἀπέδεξε
1138 690 1297 780 δικαστὴν

160 795 248 866 εἶναι
263 792 341 865 ἀντὶ
354 800 414 864 τού
427 795 622 884 Σισάμνεω,
642 792 702 865 τὸν
715 791 913 878 ἀποκτείνας
930 794 1103 887 ἀπέδειρε,
1119 795 1179 867 τὸν
1192 801 1297 866 παῖδα

159 904 220 968 τού
227 898 422 988 Σισάμνεω,
432 898 661 987 ἐντειλάμενός
670 907 705 970 oi
714 905 915 989 μεμνῆσθαι,
924 905 962 971 ἐν
970 907 1017 995 τῳ
1029 911 1170 987 κατίζων
1178 900 1295 993 θρόνῳ

161 1003 296 1088 δικάζει.
313 994 422 1083 Οὗτος
435 993 485 1071 aiv
497 998 515 1089 ό
527 1000 661 1092 Ὀτάνης
674 1000 691 1072 ὁ
707 1004 954 1095 ἐγκατιζόμενος
968 1008 1001 1086 ἐς
1014 1011 1133 1075 τοῦτον
1146 1004 1294 1092 τδνθρό-
1304 1003 1345 1065 26

159 1134 241 1193 νον,
264 1105 339 1176 τότε
355 1106 509 1194 διάδοχος
521 1105 700 1196 γενόμενος
712 1109 904 1201 Μεγαβύζῳ
918 1115 975 1199 τῆς
994 1118 1208 1199 στρατηγίης,
1228 1117 1296 1179 Βυ-

160 1217 316 1296 ζαντίους
331 1238 365 1279 τε
389 1205 456 1279 εἷλε
471 1213 526 1279 καί
540 1217 810 1300 Καλχηδονίους,
832 1210 899 1283 εἷλε
915 1215 951 1283 δέ
963 1211 1172 1304 ’Ἄντανδρον
1185 1212 1247 1303 τὴν
1261 1217 1298 1284 ἐν

159 1407 315 1473 θρωπείην
334 1410 398 1462 coll.
411 1411 511 1475 Odyss.
526 1413 558 1461 X.
572 1426 635 1477 pag.
648 1411 709 1475 379,

160 1478 205 1530 40.
240 1480 517 1544 add.Pollux.11,5
535 1481 594 1542 (ubi
607 1481 709 1531 iuveni-

161 1565 221 1600 mns
242 1540 427 1615 ἀνθρωπῆν).
452 1550 584 1615 Herodot.
599 1551 660 1601 VlI.
674 1551 706 1601 21

161 1625 190 1670 ot
201 1618 327 1670 Fischer.
340 1620 375 1670 ad
385 1619 494 1669 Weller.
507 1620 592 1677 lll,a.
608 1637 633 1681 p.
645 1620 705 1671 256.

160 1688 290 1740 Diodori.
306 1688 374 1752 (vid.
388 1689 539 1740 Commeat.
556 1691 589 1742 de
603 1689 706 1740 Herod.

161 1757 229 1808 dial.
249 1775 312 1825 pag.
328 1758 409 1824 xlll)
426 1759 502 1809 dedit
520 1754 706 1823 ἀνθρωπέην.

74 1836 86 1855 “
161 1829 197 1879 ln
218 1828 290 1880 idem
313 1829 412 1879 inuidit
433 1828 520 1880 Cobet
538 1831 567 1879 in
587 1831 707 1880 Mnemo-

162 1913 225 1963 syu.
246 1899 309 1949 Vll.
335 1914 397 1964 pag.
419 1900 445 1948 4.
493 1899 624 1964 Equidem
646 1913 707 1950 oum

161 1968 283 2019 caeteris
305 1968 458 2019 editoribus
479 1969 579 2019 retinui
595 1959 709 2030 ἀνθρω-

162 2034 272 2101 πηίην,
296 2038 320 2087 si
340 2039 448 2103 quidem
465 2040 565 2089 Noster
583 2044 710 2089 constan-

162 2113 207 2158 ter
236 2108 289 2157 hac
313 2107 403 2158 forma
426 2122 492 2158 usus
516 2124 575 2159 osas
601 2109 710 2159 videtur

164 2176 235 2242 (vid.
252 2177 369 2243 Bredpr.
390 2193 416 2243 p.
435 2177 496 2243 178)
515 2184 598 2244 atque
611 2179 711 2229 Eusta-

161 2247 240 2297 thius
259 2246 278 2297 l.
290 2246 309 2296 l.
328 2248 380 2298 hoo
399 2253 473 2297 corto
485 2248 545 2298 loco
560 2246 646 2297 tradit
660 2244 709 2297 u'v-

103 2324 110 2332 '
163 2313 318 2379 θρωπείην
329 2316 400 2435 leqi,
413 2317 464 2395 liis
475 2318 566 2369 verbis
580 2318 710 2380 praemis·

163 2388 218 2438 sis:
241 2379 336 2435 ἰστέον
377 2381 389 2436 ἐ
411 2401 455 2436 οτι
475 2379 543 2449 παρ’
563 2380 708 2452 Ἡροδότῳ

162 2457 257 2506 κεῖται
269 2452 318 2506 καὶ
327 2447 496 2520 ἀνθρωπείη
507 2451 587 2519 virori
596 2452 709 2517 ἄνθρω-

163 2540 224 2576 πον
238 2517 321 2590 δορά.
348 2527 391 2576 De
401 2527 463 2590 ipsa
471 2542 499 2577 rs
512 2527 551 2577 ita
567 2529 593 2576 V
596 2527 709 2580 alcie-

162 2599 297 2647 narius:
318 2594 455 2658 „Crudele
470 2596 643 2663 supplicium,
656 2613 709 2662 quo

161 2667 238 2716 viris
253 2666 409 2717 hominibus
421 2668 493 2718 eutis
507 2668 709 2731 detrahebatur,

161 2737 260 2788 Persis
279 2736 308 2784 in
324 2751 375 2785 usu
393 2735 478 2786 iuisso
490 2738 647 2788 Brissouios
663 2739 711 2789 do-

163 2812 210 2856 cet
220 2807 264 2856 De
277 2820 353 2870 regn.
368 2806 445 2857 Pars.
458 2806 494 2856 11.
511 2804 547 2872 [ς.
562 2805 623 2873 217]
645 2824 709 2873 pag.

162 2874 227 2928 330.
234 2874 309 2926 coni.
318 2875 481 2939 Wesseling.
492 2877 521 2926 in
530 2877 642 2928 Diodor.
650 2880 710 2935 XV,

165 2946 210 2997 10.
239 2946 282 2994 Ex
290 2944 432 2996 Herodoto
442 2945 567 2997 Valerius
577 2946 652 2999 Max.
661 2950 709 2999 Vl.

162 3032 189 3067 e.
208 3014 233 3064 3.
249 3021 320 3065 entr.
333 3014 359 3068 3.
389 3014 595 3081 „Cambysos,”
611 3019 711 3082 inquit,

164 3084 253 3148 „mali
274 3084 416 3135 cuiusdam
436 3084 534 3136 iudicis
551 3101 583 3136 ex
598 3102 712 3151 corpore

163 3154 265 3219 pellem
279 3153 432 3205 detractam
448 3155 532 3206 sellas
545 3158 665 3221 intendi,
684 3157 712 3206 in

163 3240 257 3345 :aa
271 3223 713 3347 lurraffraurmrz

164 3364 204 3414 ad
212 3365 350 3414 ammian.
366 3363 486 3416 Marcell.
500 3366 610 3429 XXIII,
627 3365 652 3416 6.
668 3365 711 3416 81.

166 3448 230 3500 pag.
241 3434 275 3484 5⁸2
290 3433 333 3484 ed.
344 3435 443 3499 Wagn.
470 3433 603 3499 Equidem
612 3435 655 3484 his
665 3436 711 3485 ad-

164 3506 268 3567 iungo,
290 3518 359 3568 quaa
380 3504 475 3554 scribit
492 3504 620 3556 schottus
645 3504 712 3567 (vid.

165 3572 308 3626 Gaisiord.
321 3573 504 3637 Paroemiogr.
517 3575 562 3626 Gr.
574 3591 637 3640 pag.
650 3573 711 3639 25):

164 3643 345 3708 „Nostraque
357 3644 499 3704 memoria,
518 3650 600 3708 eopia
615 3645 650 3695 ab
665 3646 713 3694 im-

165 3713 242 3765 mani
253 3714 347 3763 Turoa
355 3712 503 3777 Mustapha
515 3714 712 3780 Famangusta,

164 3784 234 3834 urbe
259 3781 359 3847 Cypri,
387 3785 467 3833 vivus
491 3786 646 3835 excoriatus
672 3790 714 3836 est

164 3852 351 3918 Bragadsnus
359 3868 407 3918 per
418 3867 547 3904 summam
558 3854 713 3918 perfidiam:

164 3922 278 3974 Natalis
293 3922 334 3972 De
348 3922 459 3973 Comitt.
476 3921 522 3972 lib.
543 3925 632 3975 XXll.
649 3924 713 3974 hist.

166 3993 211 4044 sni
227 3993 389 4056 temporis-‘⁸

214 4057 357 4121 σπαδίξας
386 4057 418 4112 δέ
440 4051 529 4111 αύτού
553 4054 586 4111 td
613 4055 713 4128 δέρμα]

167 4131 447 4184 GlossaHerodotear
458 4128 650 4193 σπαδίξας·
664 4125 714 4181 ἐκ·

167 4199 307 4261 δείσας·
329 4196 434 4262 σπάδιξ
447 4193 500 4265 γὰρ
514 4194 616 4265 φλοιός
635 4195 713 4267 όίζης

169 4267 321 4334 τριαίνης
346 4264 377 4320 ol
395 4264 427 4321 δέ
444 4268 576 4334 φοίνικος
593 4265 710 4339 ῥάβδον.

167 4342 279 4391 Etenim
307 4339 377 4405 pello
411 4343 471 4392 eius
502 4342 628 4393 detracta
653 4341 713 4393 lora

169 4411 234 4461 inda
257 4411 346 4460 scissa
365 4410 484 4463 intendit
505 4413 534 4461 in
552 4410 661 4473 sellam,
682 4414 713 4462 iu

169 4495 225 4545 qua
238 4479 336 4530 sedens
351 4481 393 4531 ius
407 4480 526 4533 dicebat.
554 4482 587 4531 Iu
605 4497 658 4547 quo
669 4497 714 4533 aa·

760 1414 952 1478 quiescendum
971 1420 1052 1478 puto,
1074 1430 1236 1481 quemquam
1250 1415 1299 1466 ali-

760 1489 801 1534 ter
820 1484 929 1534 videtur
948 1484 1146 1551 Wosseliugio,
1189 1489 1218 1536 ui
1235 1486 1299 1537 huie

759 1554 842 1604 verbo
856 1555 890 1604 ob
902 1556 990 1620 ipsum
1001 1570 1098 1606 nomen
1111 1502 1231 1616 σπάδιξ,
1245 1570 1299 1620 quo

758 1628 861 1674 avulsus
887 1627 1005 1687 epalmn
1030 1633 1121 1676 terraer
1144 1641 1197 1674 oum
1214 1625 1302 1687 fructu

758 1697 830 1744 teste
841 1693 929 1744 Gellio
939 1696 971 1746 N.
982 1696 1015 1746 A.
1025 1694 1063 1754 11,
1074 1694 1108 1744 16
1119 1694 1300 1759 significatur,

758 1763 844 1813 tribui
854 1763 914 1813 vult
927 1767 1091 1828 potestatem
1103 1765 1240 1822 scindendi,
1252 1764 1303 1814 dia-

757 1835 876 1896 sscnndi,
890 1834 1044 1886 lancinandi.
1081 1836 1158 1897 Quas
1171 1835 1195 1886 si
1208 1834 1302 1884 valeat

759 1902 933 1969 significatio,
948 1903 1020 1954 haud
1030 1904 1154 1969 equidem
1167 1903 1300 1968 intelligo,

760 1988 809 2023 our
822 1974 922 2024 Noster·
934 1973 1064 2023 continuo
1082 1975 1194 2025 dixerit:
1220 1967 1302 2038 ipoiv-

760 2057 810 2098 τας
822 2036 851 2103 ἐξ
866 2035 958 2092 αὐτοῦ
971 2037 1062 2107 ἔταμε.
1095 2045 1138 2093 Da
1154 2045 1242 2095 forma
1256 2060 1302 2095 ao-

760 2113 822 2162 risti
847 2113 875 2162 iu
904 2113 986 2164 verbo
1015 2110 1160 2173 σπαδίζειν
1186 2113 1301 2180 aliisque

761 2183 881 2233 eiusdem
902 2184 1101 2234 terminationis
1125 2183 1199 2249 apud
1216 2184 1303 2235 Hero-

762 2252 854 2303 dotum
868 2251 923 2303 vid.
940 2253 1057 2304 Bredov.
1073 2270 1136 2319 pag.
1153 2253 1212 2305 338.

796 2313 823 2378 ἐς
838 2313 889 2370 τὸν
905 2318 971 2382 ίζων
988 2314 1108 2388 ἐδίκαζε]
1131 2323 1173 2373 Ad
1190 2324 1303 2375 locutio-

762 2407 822 2442 nem
839 2391 912 2442 coni.
925 2392 958 2452 V,
973 2394 1003 2441 12
1019 2396 1046 2441 st
1060 2408 1130 2457 quae
1140 2392 1218 2455 plura
1230 2399 1303 2444 attu-

760 2461 840 2513 limus
853 2461 887 2510 ad
900 2461 927 2523 I,
950 2463 991 2515 14.
1010 2462 1063 2522 llI,
1081 2462 1119 2512 14.
1134 2460 1178 2514 64.
1215 2462 1303 2514 Paulo

760 2537 835 2599 post:
855 2519 937 2595 ἐντῷ
949 2527 1067 2589 κατίζων
1079 2523 1179 2595 θρόνῳ
1196 2525 1303 2592 δικάζει

762 2608 790 2655 et
801 2617 863 2664 eap.
879 2592 1031 2665 sequentib
1051 2590 1261 2664 ἐγκατιζόμενος
1276 2591 1304 2658 ἐς

761 2669 864 2722 τοῦτον
876 2665 927 2718 τόν
940 2663 1062 2734 θρόνον.
1088 2671 1141 2720 Pro
1154 2665 1220 2730 ἵζων
1231 2671 1304 2736 apud

761 2742 895 2795 Priscian.
915 2740 975 2790 Vol.
991 2740 1028 2790 11.
1043 2754 1104 2805 pag.
1120 2739 1179 2790 190.
1195 2739 1244 2790 197
1260 2741 1302 2792 ed.

761 2811 855 2865 Krehl.
865 2815 958 2861 exstat
970 2805 1169 2871 προσκαθίζων,
1183 2809 1255 2875 quod
1268 2810 1305 2860 le·

760 2884 833 2950 gitur
844 2894 927 2941 supra
939 2883 962 2945 1,
976 2881 1018 2931 14.
1049 2878 1125 2929 Infra
1137 2881 1171 2942 V,
1186 2879 1215 2930 71
1232 2876 1303 2939 ἵζετο

762 2945 835 3015 πρὸς
846 2943 992 3015 τῶγαλμα,
1008 2949 1062 3001 nisi
1073 2949 1125 3002 hoo
1135 2954 1191 3001 est:
1205 2951 1306 3001 adsedit

759 3038 841 3088 prope
855 3023 1020 3076 sirnrclacrurm

940 3193 1004 3245 Car.
1025 3192 1124 3243 xxvl.

797 3291 967 3357 Βυζαντίους
984 3309 1012 3344 τε
1030 3289 1084 3345 εἷλε
1098 3289 1146 3343 καὶ
1159 3290 1301 3359 Καλχηδο-

763 3363 855 3433 νίους]
872 3366 952 3417 Coni.
967 3371 1038 3416 nott.
1050 3366 1086 3415 ad
1099 3365 1147 3425 IV,
1165 3365 1221 3413 Ι44.
1250 3363 1306 3412 An-

763 3437 871 3486 tandrur
891 3435 955 3486 urbs
974 3436 1010 3486 ad
1026 3434 1236 3498 Alexandream,
1258 3434 1306 3497 qui

763 3521 840 3555 mons
858 3506 925 3557 Idae
944 3505 979 3555 ad
998 3520 1073 3554 mare
1089 3517 1176 3568 nsque
1196 3517 1307 3566 procur·

764 3578 850 3626 rantis
867 3581 987 3626 extrema
1002 3575 1088 3625 luisse
1105 3572 1214 3625 videtur
1231 3587 1305 3636 pars,

764 3646 819 3697 sita
842 3661 928 3711 prope
957 3646 1047 3694 sinum
1069 3642 1303 3707 Adramyttenum.

764 3716 827 3767 Vid.
841 3715 931 3766 Strab.
945 3715 1024 3766 Xlll.
1044 3729 1106 3779 pag.
1120 3712 1172 3765 000
1187 3729 1210 3763 s.
1222 3711 1305 3763 0031)

766 3801 822 3850 seq.
853 3785 983 3850 Stephon.
1002 3786 1070 3850 Byn.
1088 3800 1111 3833 s.
1123 3800 1149 3833 v.
1168 3797 1194 3846 p.
1213 3781 1260 3833 135
1279 3785 1307 3831 at

765 3871 838 3921 quas
850 3854 905 3905 alia
916 3854 1065 3905 attulerunt
1075 3852 1207 3903 Collarius
1215 3852 1243 3901 iu
1252 3851 1311 3917 No3

767 3927 809 3974 tit.
822 3925 886 3979 Orb.
902 3928 988 3990 antiq.
1001 3924 1053 3989 111,
1064 3924 1088 3975 3.
1105 3925 1182 3973 Tom.
1195 3921 1233 3973 11.
1243 3936 1304 3985 pag.

766 3996 800 4047 43
814 4010 885 4059 seq,
906 3995 1042 4044 Mannert.
1057 3994 1110 4049 Vl,
1123 3992 1147 4043 3.
1161 4006 1225 4057 pag.
1244 3992 1306 4053 413,

765 4064 927 4115 Tasahuaks
936 4063 970 4112 ad
980 4063 1074 4127 Meli,
1087 4063 1127 4113 ls.
1138 4065 1162 4124 ἕ.
1172 4063 1198 4114 2.
1209 4077 1235 4124 p.
1245 4062 1305 4111 527.

764 4133 827 4186 Vol.
839 4133 889 4183 111.
902 4136 932 4183 P.
952 4134 974 4184 1.
993 4138 1062 4184 nott.
1079 4147 1192 4196 exegg.,
1212 4128 1307 4180 Forbi-

764 4218 825 4269 gor:
849 4202 957 4254 Handb.
970 4204 996 4255 d.
1012 4202 1086 4253 alten
1098 4198 1251 4264 Geograph.
1267 4199 1305 4254 ΙΙ.

763 4290 791 4338 p.
804 4274 862 4325 144.
897 4272 976 4323 Unde
992 4272 1066 4322 haud
1083 4272 1162 4335 longo
1174 4273 1306 4321 remotum

764 4345 927 4404 Lamponium
951 4342 1094 4408 oppidum,
1119 4341 1155 4390 ab
1176 4337 1307 4391 Aeolibns

764 4412 903 4463 eonditum
930 4412 1002 4463 inter
1025 4409 1194 4461 Antandrum
1223 4400 1307 4473 atqire
1354 4432 1359 4442 ·

764 4484 897 4548 Gargara.
921 4482 1050 4533 Straboni
1068 4480 1147 4533 11111.
1166 4495 1193 4544 p.
1212 4479 1264 4530 610
1283 4494 1306 4530 s.
