2998 5138
414 365 783 428 TERPSICHORE.
804 368 843 430 V.
867 377 911 432 28.
931 378 975 434 29.
1223 369 1263 431 47

124 541 161 607 ἐκ
174 536 314 608 πάντων
323 534 494 628 Ἑλλήνων
503 546 630 609 εἵλοντο
644 545 680 610 oi
683 539 852 630 Μιλήσιοι.
874 541 1095 630 Κατήίἰαξαν
1108 543 1148 610 δι’
1158 564 1263 628 σφεας
1273 556 1312 620 29

122 632 189 712 τάδε
196 648 232 712 οἰ
235 642 362 733 Πάριοι
373 639 432 723 ’ως
440 640 599 713 ἀπίκοντο
607 641 720 713 αὐτῶν
733 642 854 734 άνδρες
862 651 897 714 οἰ
906 641 1143 733 άριστοιίςτην
1151 653 1262 734 Μίλη-

119 774 181 815 τον
187 744 314 835 (ὥριον
327 745 391 837 γάρ
406 746 448 835 δή
462 768 567 835 σφεας
581 753 700 828 δεινῶς
713 752 1050 838 οἰκοφθορημένους),
1060 756 1190 835 ἔφασαν
1203 746 1264 818 αό-

119 855 189 918 των
205 849 392 938 βούλεσθαι
408 855 595 934 διεξελθεῖν
608 850 669 940 τὴν
687 851 809 942 χώρην.
840 856 1012 932 ποιεῦντες
1034 852 1070 920 δὲ
1090 856 1194 921 ταῦτα
1209 854 1265 922 καί

119 952 304 1036 διεξιόντες
325 959 438 1023 πάσαν
459 954 521 1043 τὴν
534 962 724 1044 Μιλησίην,
747 954 835 1035 όκως
854 953 928 1025 τινά
943 961 1049 1025 ίδοτευ
1069 959 1107 1025 ἐν
1124 952 1262 1045 άνεστη-

117 1066 202 1147 κοίη
216 1062 260 1147 τῇ
272 1056 363 1146 χάρη
378 1054 484 1147 άγρδν
498 1049 538 1128 εὖ
551 1062 810 1148 ἐξεργασμένον,
833 1055 1068 1151 ἀπεγράφοντο
1083 1057 1119 1128 τό
1135 1057 1263 1150 οὔνομα

117 1228 184 1274 ante
193 1216 508 1288 Ettdvovabieeicum
518 1222 670 1289 Schtveigh.
722 1226 954 1292 opusfacieutes,
974 1228 994 1276 i
1009 1243 1033 1278 e.
1049 1226 1176 1289 plebqp'os,
1195 1241 1262 1291 quos

116 1302 144 1345 et
155 1294 253 1346 Garsi
271 1294 306 1344 ob
318 1293 448 1344 librorum
466 1295 669 1345 anctoritatem.
721 1296 796 1361 ipsos
819 1264 954 1361 δημότας
968 1314 991 1347 s.
1013 1294 1157 1360 Γέργιθας
1181 1302 1263 1347 vocet

116 1392 148 1400 -
174 1366 222 1413 De
236 1364 324 1413 Pariis
336 1363 416 1428 plura
433 1369 580 1414 narrantur
597 1364 671 1413 infra

115 1435 163 1496 Vl,
183 1432 237 1484 133
252 1449 328 1498 seqq.
367 1433 422 1496 Qui
437 1433 510 1498 quod
523 1433 549 1485 b.
564 1433 582 1484 1.
594 1434 671 1483 Mile-

115 1504 165 1555 siis
181 1502 320 1553 intestina
331 1503 466 1554 seditione
480 1503 582 1553 diutius
596 1503 670 1553 labo·

114 1573 248 1623 rentibus
259 1573 454 1636 rempublicam
466 1573 620 1623 restituisse
633 1573 672 1623 di-

115 1649 238 1705 cuntur,
259 1641 332 1692 baud
352 1643 432 1692 aliter
453 1647 566 1707 egenum
585 1648 668 1708 atque

114 1712 277 1777 Calymnii,
295 1714 342 1778 qui
354 1712 464 1777 publico
477 1711 585 1763 decreto
600 1712 666 1778 (vid.

114 1782 261 1833 Chandler
275 1783 417 1847 Inscripti.
429 1783 540 1847 Autiqq.
556 1783 579 1833 1.
593 1798 619 1846 p.
634 1780 668 1831 20

115 1868 189 1917 seq.,
198 1851 323 1903 Boeckh.
332 1852 412 1916 Corp.
421 1851 507 1901 Inscr.
515 1854 547 1902 Ἰ’.
556 1852 593 1905 11.
604 1868 666 1917 pag.

114 1922 182 1986 466)
206 1922 363 1972 Iasensium
385 1919 426 1987 (in
445 1920 538 1986 Caria)
558 1922 667 1972 civitati

114 1993 149 2042 de
162 1992 237 2056 ipsis
250 1992 320 2042 bene
334 1994 446 2041 meritae
459 1992 575 2057 quinque
594 1993 668 2042 viros

115 2063 245 2119 mittunt,
257 2062 304 2126 qui
313 2061 463 2112 Iasensium
473 2061 588 2112 dissidia
598 2061 671 2111 omui

114 2131 214 2182 studio
239 2131 372 2180 dirimant
395 2137 479 2196 atque
495 2137 668 2196 componant.

114 2199 671 2266 MonuitCobetinMnemosyn.Vl.psg.

115 2273 180 2322 447.
200 2271 266 2323 450.
304 2273 346 2320 De
362 2270 457 2321 Mileto
477 2271 611 2321 seditione
629 2270 673 2319 ai-

115 2343 198 2393 flicta
210 2330 262 2389 ἐπὶ
273 2332 328 2389 δύο
346 2332 444 2403 γενεάς
459 2341 506 2389 vix
522 2340 670 2406 quidquam

115 2411 232 2461 aliunde
242 2415 367 2473 constat,
381 2409 435 2461 uisi
444 2409 498 2460 huc
510 2411 611 2461 referre
623 2426 670 2460 ve·

115 2482 169 2543 lis,
193 2495 267 2546 quse
290 2479 402 2544 scripsit
419 2479 580 2531 Heraclides
601 2481 670 2530 Pon·

115 2552 192 2602 ticus
210 2550 303 2600 sltero
319 2547 389 2599 libro
405 2549 439 2599 de
456 2550 577 2612 iustitia,
600 2554 670 2600 teste

117 2621 266 2671 Athenaeo
283 2619 347 2670 XII.
367 2635 393 2683 p.
412 2620 504 2671 5244.
546 2621 574 2670 Is
588 2620 669 2679 enim,

118 2692 167 2741 nbi
185 2690 296 2741 monuit
311 2687 434 2738 Miletum
452 2691 478 2738 iu
496 2689 669 2740 calamitates

120 2760 258 2811 incidisse
270 2764 381 2824 proptor
393 2759 469 2807 vitas
483 2758 616 2809 luxuriam
630 2774 670 2808 re·

120 2844 239 2895 rumque
250 2828 420 2906 publicarum
430 2829 553 2892 dissidia,
562 2831 601 2879 ita
611 2844 670 2913 per

120 2903 173 2964 git:
196 2891 453 2957 στασιαζόντων
422 2913 474 2976 γαρ
486 2895 543 2947 cciv
557 2891 607 2955 τάς
620 2893 669 2946 od-

121 2968 184 3024 κίας
197 2959 326 3048 ἐχόντων
339 2962 436 3016 καὶ
397 2983 454 3015 ταν
464 2965 607 3032 δημοτων,
606 2982 670 3047 ὀυς

120 3028 228 3087 ἐκεῖνον
245 3030 389 3117 Γέργιθας
403 3029 522 3087 ἐκάλουν
530 3035 669 3118 ,πρώτην

120 3103 172 3172 μὲν
202 3101 348 3224 κρατήσας
374 3096 389 3155 δ
414 3104 504 3171 δημσς
525 3076 573 3156 uel
602 3098 670 3163 toric

122 3174 282 3234 πλουσίους
301 3166 445 3255 ἐκβαλὼν,
439 3172 487 3226 καὶ
501 3191 669 3260 σνναγαγων

120 3239 155 3295 τὰ
176 3244 266 3296 τέκνα
288 3244 345 3295 τῶν
370 3237 521 3325 φυγόντων
540 3241 586 3315 εἰς
598 3240 670 3296 διίστ-

123 3313 202 3377 νίας,
218 3313 291 3382 βοῦς
303 3309 507 3393 συναγαγόντες
518 3302 669 3399 συγηλοίη-

123 3399 176 3434 σαν
186 3382 236 3435 καί
247 3378 483 3466 παρανομωτάτῳ
485 3380 602 3471 θανάτῳ
613 3381 669 3436 διέ-

123 3453 263 3518 φθειραν.
283 3449 429 3535 τοιγάρτοι
443 3449 530 3505 παΙιν
541 3470 569 3505 οι
561 3439 669 3506 πίστ’-

124 3538 180 3574 σιοι
196 3516 392 3588 κρατήσαντες
404 3514 548 3585 ἅπαντας,
562 3512 603 3607 αἷγ
618 3518 668 3575 τιό-

124 3609 180 3655 ρισι
203 3591 393 3677 κατέστησαν,
407 3588 476 3657 μετά
488 3595 545 3644 cciv
561 3589 668 3645 τέκνων

123 3662 348 3743 κατεπίττωσαν,
358 3651 399 3714 ὧν
409 3662 567 3746 καιομένων
579 3662 667 3728 φασίν

121 3723 192 3783 dite
205 3747 237 3783 τε
253 3729 341 3783 πολλὰ
355 3729 531 3814 γενέσθατ’
502 3749 602 3795 τεραια
621 3731 669 3784 καί

121 3794 252 3853 italae?
251 3794 320 3866 εράν
344 3793 508 3867 αὐτομάτην
531 3797 669 3869 άναφθη-

123 3889 169 3922 ναι
189 3890 217 3923 κ.
237 3888 264 3925 τ
280 3872 304 3923 i.
344 3874 444 3924 Nsrrat
462 3874 544 3924 etiam
562 3875 671 3926 Plutar-

122 3942 324 4009 chus(Qusest.
336 3944 449 3998 Graece.
456 3944 498 3996 32.
507 3959 569 4009 pag.
578 3944 668 4009 2986)

123 4014 195 4079 apud
203 4013 331 4064 Milesios
342 4013 455 4064 deiectis
466 4016 590 4079 tyrannis
600 4016 669 4065 duas

123 4084 262 4134 sactiones
270 4073 431 4149 (ἑταιρείας)
440 4085 588 4146 exstitisse
600 4099 670 4149 quae

124 4154 216 4205 urbem
237 4153 421 4215 obtinuerint,
445 4169 560 4231 quarum
582 4155 669 4207 altera

124 4217 263 4284 ΙΙΙοττΙς,
294 4221 385 4273 altera
403 4216 566 4287 Χειρομάχα
588 4240 671 4275 voca·

122 4291 219 4344 batur:
247 4292 364 4343 ditiores
385 4293 422 4356 (sl
440 4289 580 4350 Πλουτὶς
604 4296 670 4345 scri-

122 4364 208 4427 psoris
225 4377 276 4428 pro
298 4356 462 4423 ΙΙΙοντΙς)τ
449 4366 614 4426 soptnnntec
631 4365 670 4414 di-

124 4434 194 4486 xeris
211 4436 299 4498 atque
319 4431 444 4483 manibus
465 4438 619 4500 pugnantes
644 4449 667 4489 s

721 1366 891 1418 Heraclides.
929 1366 1065 1431 Gerpitbuo
1088 1366 1122 1415 ab
1143 1367 1263 1432 antiquis

722 1436 834 1487 Teucris
851 1437 962 1487 relictos
981 1451 1063 1501 prope
1081 1436 1262 1500 Lampsacum

721 1508 799 1556 novit
810 1522 917 1572 qnoque
927 1506 1083 1556 Herodotus
1096 1507 1129 1568 V,
1146 1507 1202 1569 122,
1216 1506 1262 1556 ubi

720 1575 777 1625 vid.
794 1583 864 1626 nott.
901 1575 990 1625 Attuli
1007 1574 1091 1636 haec,
1112 1590 1263 1640 quaecum

720 1646 756 1696 ad
768 1662 800 1695 ea
814 1651 936 1710 tempora
949 1646 1113 1711 pertineant,
1129 1660 1199 1709 quae
1209 1645 1263 1694 He·

720 1714 832 1767 rodotus
849 1715 875 1765 h.
895 1715 912 1764 l.
932 1716 1066 1780 respexit,
1092 1722 1166 1765 certo
1188 1714 1263 1764 afflu-

720 1800 795 1835 msre
814 1786 860 1837 vix
881 1784 989 1846 licebit,
1009 1799 1173 1850 quamquam
1193 1785 1262 1835 satis

720 1855 861 1920 probabile
883 1855 911 1904 id
932 1855 1020 1905 videri
1043 1859 1145 1919 potest.
1182 1854 1262 1904 Conf.

720 1926 804 1974 etiam
817 1923 901 1976 dehis
911 1924 1081 1976 Milesiorum
1094 1924 1262 1976 factionibus

721 1994 894 2059 disputantes
917 1994 1070 2044 Thirlwall:
1099 1994 1214 2059 History
1234 1995 1265 2044 ol

721 2064 822 2115 Greece
832 2065 868 2115 11.
879 2079 942 2129 pag.
954 2066 1003 2116 104
1014 2080 1070 2130 seq.
1082 2069 1109 2114 et
1122 2065 1258 2116 Dunclrer:

721 2133 819 2186 Gesch.
839 2135 864 2186 d.
881 2134 998 2185 Alterth.
1017 2135 1065 2186 IV.
1079 2150 1143 2200 pag.
1158 2135 1192 2187 95
1205 2140 1261 2185 not.

900 2305 965 2357 Cae
986 2307 1087 2358 XXIX.

756 2401 852 2457 αὐτόν
866 2395 1012 2473 άνδρεςσί
1023 2400 1145 2474 άριστοτ]
1168 2400 1263 2458 αὐταῖν

721 2482 749 2528 ct
769 2477 859 2529 hicet
877 2479 905 2529 in
921 2496 998 2545 seqq.
1013 2482 1131 2564 reposui
1145 2495 1193 2544 pro
1213 2473 1263 2527 cd-

720 2540 799 2596 τέων.
836 2549 973 2599 Dicuntur
993 2563 1021 2597 σι
1043 2561 1169 2612 αριστοτ,
1197 2552 1262 2598 noto

720 2617 827 2667 dicendi
839 2633 891 2669 usu
896 2623 1057 2683 ,optbnctee
1067 2620 1195 2682 principes
1206 2621 1263 2668 cici·

720 2690 788 2749 Ιαιίτ,
801 2687 937 2767 iidemque
948 2688 1165 2740 τκιιωτπιετιοίιιίετ
1185 2689 1263 2749 Quae

720 2762 881 2835 sequuntur:
897 2748 987 2823 τάρεσν
997 2751 1049 2823 γὰρ
1059 2751 1097 2824 δη
1109 2770 1197 2821 σφεας
1208 2755 1263 2805 δει-

720 2825 776 2883 νῶς
793 2820 1076 2911 οἰκοφθορημένους,
1099 2830 1139 2878 ita
1151 2828 1260 2892 accipe.

718 2897 835 2947 videbant
850 2900 912 2947 enim
923 2901 1020 2949 illorum
1031 2915 1075 2949 res
1084 2899 1192 2962 pessimo
1207 2913 1263 2947 esec

718 2973 799 3025 atate,
816 2982 837 3017 s.
849 2971 927 3030 plene
940 2970 1063 3035 perditas,
1077 2968 1261 3033 pesewadotas.

720 3037 763 3086 Tu
781 3003 844 3088 vide
867 3038 901 3088 de
921 3038 1003 3088 verbo
1022 3026 1219 3101 οἰκοφθορεῖν
1239 3037 1262 3098 Ι,

721 3105 780 3156 196.
797 3106 949 3169 V111,144.
966 3109 1012 3158 142
1029 3106 1264 3174 etquaeadPlu

719 3174 807 3226 tarch.
818 3175 951 3227 Alcrbiad
946 3193 988 3242 p
1005 3178 1052 3229 183
1062 3177 1262 3229 annotavimus

754 3235 820 3293 ἐν’
802 3245 974 3313 ανεσκηκιιίη
996 3245 1031 3313 τῇ
1050 3240 1139 3311 χάρη]
1163 3246 1262 3296 Forma

718 3302 890 3382 άνεστηκυιή
903 3316 977 3365 haud
991 3317 1180 3377 sollicitanda,
1199 3315 1263 3365 licet

719 3383 838 3435 breviori
856 3385 945 3436 forms
959 3384 1039 3437 huius
1055 3386 1194 3452 participii
1209 3387 1264 3436 No-

719 3459 776 3505 ster
787 3454 945 3522 plerumque
957 3462 1065 3511 utatui
1083 3456 1138 3506 vid.
1149 3457 1187 3517 ΙΙ,
1202 3454 1261 3505 426.

719 3524 786 3588 vlt,
803 3526 865 3587 442,
881 3541 951 3592 quae
962 3526 1056 3577 attulit
1068 3525 1184 3576 Bredev
1199 3539 1263 3589 pag.

719 3594 780 3647 339.
803 3595 900 3646 Adieci
911 3612 973 3647 cum
985 3601 1099 3646 receuti.
1112 3595 1172 3646 edd.
1186 3610 1264 3658 prae·

718 3664 883 3729 positionem
901 3657 945 3727 ἒν,
968 3682 1036 3732 quae
1049 3666 1119 3716 male
1138 3680 1155 3714 a
1168 3664 1263 3729 priori·

721 3738 770 3783 bus
787 3734 952 3785 editionibus
964 3738 1068 3786 aberat.
1103 3736 1168 3799 ipsa
1179 3735 1263 3784 Hero·

720 3803 779 3853 doti
793 3805 878 3856 verba
895 3805 1049 3856 Gronovius
1066 3806 1263 3869 interpretatus

721 3879 780 3924 erat
802 3876 918 3925 acclinem
941 3877 1079 3941 νιμίοττιτκ.
1104 3890 1157 3940 quo
1180 3889 1263 3924 sensu

720 3943 793 4021 apud
810 3945 943 3998 Themist
964 3946 1040 3999 Orat.
1059 3945 1147 3997 xxii.
1169 3960 1195 4008 p.
1211 3943 1263 3995 280

721 4006 808 4071 τόπος
832 4005 945 4077 ὑψηλός
970 4029 999 4064 τε
1020 4006 1107 4063 ταδ’
1090 4004 1261 4077 ανεστηκοός.

719 4086 744 4135 Ν
747 4100 776 4135 ec
789 4085 871 4135 aliter
882 4084 915 4133 de
930 4085 1040 4150 regione
1053 4086 1191 4147 ereperiori,
1211 4083 1263 4132 edi-

720 4156 792 4213 tiori,
813 4155 905 4205 unde'
898 4170 927 4204 rn
940 4155 1034 4205 urbem
1051 4154 1114 4204 dein
1126 4153 1263 4203 descende·

720 4232 779 4274 νταιί
797 4218 980 4290 (κατέβησαν,
1006 4225 1060 4274 nisi
1082 4223 1132 4273 hoc
1154 4223 1262 4272 omnino

721 4295 785 4343 crit:
808 4296 952 4354 redierunt,
972 4297 1086 4360 repressi
1099 4299 1157 4342 τιιτιί
1174 4295 1200 4342 in
1220 4308 1262 4341 ττι·-

720 4363 788 4425 bem,
815 4368 881 4426 out,
911 4366 984 4428 qnod
1013 4363 1127 4414 Heldius
1154 4363 1263 4423 ststnit,

720 4435 828 4485 omnino
841 4434 876 4484 ad
895 4435 988 4485 turbem
1006 4435 1075 4483 mari
1092 4431 1264 4485 adiacentem
