2970 5128
268 342 328 404 311

703 341 970 404 HERODOTI

268 544 345 603 του,
361 513 427 597 φύς
440 511 544 585 αὐτόν
558 511 620 584 ούκ
639 517 843 603 ἱκνευμένως
857 516 1050 606 βασιλεύειν
1064 517 1309 605 Σπαρτιητέων,
1325 512 1374 584 ούκ
1457 524 1458 529 ’

269 623 366 691 ἐόντα
381 625 485 688 παῖδα
495 616 703 706 Ἀρίστωνος.
724 619 806 707 μετὰ
818 622 854 689 δὲ
869 619 931 709 τὴν
945 629 1157 708 κατωμοσίην
1166 624 1295 704 ἐδίωκε,
1307 615 1372 687 ιἰνα-

269 724 384 806 σεόζων
399 726 506 793 ἐκεῖνο
520 721 557 791 τό
572 728 666 806 ἐπος,
688 720 724 791 τό
745 723 818 792 εἶπε
829 722 990 812 Ἀρίστων
1003 724 1093 810 τότε,
1116 721 1171 793 ὅτε
1186 728 1218 792 οί
1231 723 1374 810 ἐξήγγειλε
1457 756 1458 801 ι

267 824 425 914 όοίκέτης
435 832 540 896 παῖδα
549 830 734 912 γεγονέναι,
746 823 764 896 ὁ
774 828 810 897 δὲ
821 829 1094 917 συμβαλλόμενος
1104 824 1181 907 τούς
1192 831 1291 915 μῆνας
1299 822 1374 894 ἀπύ-

267 953 366 1019 μοσε,
382 928 448 1017 φὰς
461 926 523 998 οὐκ
539 932 666 999 ἑωυτοῦ
681 929 778 999 εἶναι.
806 932 927 1001 τούτου
941 930 982 1020 δὴ
997 930 1207 1019 ἐπιβατεύων
1219 933 1276 1023 τρύ
1288 929 1374 1017 otoo·
1457 940 1458 1013 1

267 1062 322 1115 τος
341 1030 359 1103 ό
379 1039 586 1122 Λευτυχίδης
605 1031 772 1120 ἀπέφαινε
793 1033 852 1104 τὸν
866 1036 1069 1124 Δημάρητον
1090 1032 1168 1106 οὔτε
1190 1035 1223 1114 ἐξ
1241 1030 1374 1120 Ἀρίστα·
1457 1016 1458 1035 ¹

268 1165 326 1217 νος
348 1136 525 1223 γεγονότα,
554 1134 631 1205 ούτε
659 1140 863 1226 ἱκνευμένως
882 1138 1103 1225 βασιλεύοντα
1122 1135 1293 1224 Σπάρτης,
1315 1161 1377 1212 τους
1457 1210 1458 1235 ρ

269 1240 412 1327 ἐφόρους
430 1239 600 1328 μάρτυρας
618 1241 842 1330 παρεχόμενος
862 1245 1027 1327 ἐκείνους,
1049 1249 1082 1310 οἳ
1093 1242 1168 1310 τότε
1184 1246 1297 1327 ἔτυχον
1308 1237 1376 1322 πύρ-
1457 1238 1458 1259 ³

1354 1131 1360 1155 1

221 1356 261 1417 66
271 1349 365 1429 εδροί
376 1370 412 1413 τε
427 1344 536 1424 ἐόντες
556 1346 612 1412 καί
630 1340 833 1427 ἀκούσαντες
852 1351 956 1415 ταῦτα
975 1343 1182 1435 Ἀρίστωνος.
1232 1345 1323 1421 Τέλος
1339 1338 1377 1427 di,

268 1447 394 1518 ἐόντων
414 1450 491 1534 περὶ
515 1444 628 1516 αὐτῶν
648 1450 806 1536 νεικέων,
836 1453 929 1533 ἔδοξε
950 1447 1181 1538 Σπαρτιήτῃσι
1208 1448 1378 1534 ἐπείρεσδαι

266 1621 302 1671 im
314 1611 488 1685 κατόμνυται
505 1613 687 1685 Δημαρήτου,
704 1623 723 1674 i.
736 1637 760 1671 e.
772 1624 810 1672 ιά·

266 1699 309 1741 rat
328 1699 416 1741 contro
428 1693 602 1750 Demaratum,
623 1690 711 1741 refero
731 1706 805 1755 seqq.

266 1754 335 1823 μετὰ
350 1752 380 1807 δὲ
401 1752 455 1823 τήν
473 1758 653 1823 κατωμοσίην
674 1760 746 1823 (poet
762 1761 808 1811 Ιιοτ

266 1828 452 1893 iuramentum),
469 1830 509 1879 ito
527 1828 612 1878 uthis
626 1830 716 1880 verbio
730 1834 808 1879 ente·

268 1899 394 1949 cedentia
405 1899 564 1963 simpliciter
573 1903 740 1963 repetentur.
753 1902 778 1950 N
781 1916 808 1950 e-

267 1984 319 2033 que
331 1969 402 2018 enim
417 1969 445 2017 in
460 1969 630 2019 Herodotum
647 1969 745 2018 cedere
761 1984 809 2032 pu·

226 2062 232 2073 ·
268 2043 335 2099 tem,
351 2052 421 2100 quae
439 2052 472 2086 ex
488 2038 575 2087 Attici
595 2038 648 2087 sori
665 2044 807 2088 eonsuetu-

266 2108 329 2157 dine
350 2105 402 2156 hue
423 2106 559 2156 transioto
583 2106 679 2157 volunt
700 2113 806 2157 veteres

265 2176 453 2237 (dramatici,
464 2182 534 2226 teste
543 2176 672 2226 Eurtotli.
686 2177 807 2226 Herodo-

265 2252 310 2296 τεο
323 2248 427 2296 citante
438 2245 474 2295 ad
490 2246 589 2310 Odyos.
603 2262 664 2311 pag.
683 2246 758 2310 1000,
772 2247 804 2297 51

265 2334 286 2367 ε.
303 2316 363 2377 400,
375 2318 417 2377 24,
434 2316 480 2365 ubi
493 2316 552 2365 soil.
571 2320 598 2365 et
610 2323 686 2365 octor
700 2320 728 2366 et
744 2331 805 2366 reue

265 2386 383 2449 iurabat,
396 2384 441 2435 ille
452 2401 519 2435 vero
532 2385 748 2449 somniaturum,
760 2384 804 2435 hio

265 2472 330 2506 reta
351 2473 380 2506 oe
399 2455 585 2513 defensurum
614 2456 686 2520 quod
704 2460 806 2505 utrum·

264 2541 315 2590 que
341 2527 519 2575 iuramentum
543 2525 623 2590 vulgo
642 2516 806 2587 ύντωμοσία

264 2596 305 2645 vei
324 2592 464 2659 διωμοσία
482 2594 622 2645 dicebatur
640 2594 686 2657 (ci.
708 2594 803 2644 Creuz.

264 2665 425 2715 commenti.
440 2664 561 2715 Herodd.
575 2680 637 2729 pag.
650 2664 714 2723 229,
728 2663 758 2713 C.
771 2665 802 2716 F.

264 2735 412 2787 Hermann.
428 2734 525 2785 Lehrb.
541 2733 567 2787 d.
582 2733 684 2797 grieeh.
698 2733 805 2783 Strate-

264 2803 374 2855 olterth.
388 2807 412 2865 3.
430 2804 488 2856 141.
505 2809 562 2854 not.
577 2803 616 2866 3).
644 2804 712 2852 Item
730 2803 804 2851 inire

263 2874 302 2935 V,
320 2874 353 2924 00
375 2865 442 2937 (ἐγώ
466 2868 499 2923 δέ
517 2865 722 2936 κατωμνύμην)
747 2871 804 2921 tale

282 2945 328 2993 uid
338 2943 428 2994 valere
438 2958 492 2994 non
502 2942 664 2997 existimem.
684 2940 802 2993 Verbum

262 2958 361 3061 ἐδίωκε
375 3012 461 3063 vaiet:
479 3013 570 3061 iudicio
580 3028 633 3061 emo
645 3015 768 3075 persequi
778 3027 800 3064 ο.

261 3085 327 3132 litem
338 3083 468 3132 intendere
481 3083 596 3136 instituit,-
612 3081 742 3131 iudicium
754 3095 803 3130 ru-

261 3158 316 3201 tem
331 3152 433 3201 sistunt
442 3153 593 3212 senatores,
606 3150 709 3214 ephori,
721 3152 744 3199 si
756 3165 801 3199 ve·

261 3237 293 3271 re
308 3220 394 3270 tradit
407 3222 525 3269 Paueon.
540 3219 597 3283 111,
613 3220 638 3269 5.
653 3224 677 3282 ἕ.
692 3220 707 3270 3
723 3216 802 3284 βασι·

261 3290 303 3339 λεί
316 3285 347 3339 δὲ
364 3288 403 3353 τῷ
417 3286 653 3351 Λακεδαιμονίων
669 3280 802 3350 δικαστη-

262 3374 327 3421 ριον
347 3351 481 3417 ἐκάθιζον
502 3355 535 3407 οῖ’
552 3372 581 3406 τε
599 3351 802 3422 ὀνομαζόμενοι

262 3424 392 3493 γέροντες
415 3418 488 3476 όκτύ
516 3423 564 3476 καὶ
589 3425 696 3477 είκοσιν
721 3419 802 3482 ὄντες

260 3490 387 3560 ἀριθμόν
408 3494 456 3546 καί
476 3489 493 3561 ἡ
512 3495 569 3545 τοῖν
586 3490 700 3559 ἐφόρων
718 3489 800 3561 ἀρχὴ,

262 3565 314 3617 σύν
327 3564 358 3618 oi
373 3560 472 3624 αὐτοῖς
486 3564 534 3615 καὶ
551 3558 628 3630 ὁτῆς
644 3562 737 3623 οἰκίας
752 3563 802 3631 βα·

261 3631 353 3696 σιλεύς
364 3629 475 3700 ἑτέρας,
488 3652 566 3702 quem
583 3653 647 3687 vero
660 3637 687 3687 h.
703 3636 739 3697 1.,
753 3636 800 3685 ubi

261 3709 331 3758 niter
353 3708 434 3758 elteri
451 3722 543 3771 regum
561 3708 697 3757 actionem
712 3707 800 3756 inten-

261 3778 310 3840 dit,
326 3778 462 3827 exehmum
477 3776 562 3826 fuisse
578 3777 705 3828 arbitror.

296 3837 349 3895 ούκ
361 3841 544 3909 ίιινευμένως]
560 3847 578 3897 i.
592 3863 614 3895 e.
626 3862 675 3898 οοιι
686 3846 798 3909 legitime.

260 3916 359 3967 Glorse
376 3915 532 3966 Herodotee
552 3917 669 3980 itemque
686 3916 798 3978 Gregor,

261 3985 383 4037 Corinth.
410 3987 452 4035 De
464 3985 527 4034 diei.
544 3987 603 4036 Ion.
620 3990 644 4047 ξ.
661 3986 720 4035 150.
736 3999 798 4049 pag.

260 4057 311 4108 548
321 4057 362 4107 ed.
373 4054 484 4105 Sehaef.
498 4060 635 4135 exqonunt
648 4050 682 4104 οὗ
693 4068 798 4117 προση-

258 4118 373 4187 κόντως,
381 4116 415 4174 ού
426 4123 700 4187 καθηκοντως,οιιω,
708 4130 738 4173 ut
749 4139 798 4173 no-

258 4201 301 4246 tat
313 4194 458 4255 Valcken„
480 4209 527 4243 rex
542 4195 579 4245 eit
596 4195 747 4258 legitimus,
770 4183 798 4249 ἐς

258 4258 309 4314 τόν
322 4258 444 4313 ἱκνέεται
462 4256 535 4326 ἐχειν
554 4258 616 4327 (τὴν
634 4259 797 4328 βασιληίην)

258 4337 306 4397 VI,
318 4336 360 4385 57.
384 4334 466 4383 Plura
479 4334 512 4383 de
525 4333 578 4383 hee
588 4349 656 4385 voce
667 4333 738 4384 idem
751 4332 796 4381 ad-

257 4405 299 4457 dit
309 4404 440 4459 Valoken,
455 4403 682 4472 etWyttenbach.
692 4403 727 4454 ad
736 4401 798 4453 Plu·

858 1624 943 1674 tarch.
960 1624 1029 1675 Mor.
1049 1623 1071 1673 I.
1093 1638 1156 1689 pag.
1173 1619 1223 1672 104
1236 1633 1290 1695 seq.
1307 1616 1375 1666 eCr.
1457 1656 1458 1663 ,

859 1694 972 1745 citatus.
1003 1694 1048 1744 Sie
1063 1693 1136 1743 infra
1148 1691 1199 1753 VI,
1211 1690 1256 1740 84:
1274 1681 1378 1751 ομιλέον-

857 1778 892 1810 τα
905 1756 936 1811 δὲ
951 1760 1057 1825 μᾶλλον
1072 1759 1124 1811 τοῦ
1139 1752 1343 1818 ἱκνεομένου
1357 1760 1378 1803 et

858 1833 913 1895 VI,
929 1833 972 1884 80,
991 1834 1015 1895 §-
1034 1832 1046 1881 l
1071 1821 1101 1879 ἐν
1119 1824 1214 1896 χρόνῳ
1236 1818 1380 1887 ίκκευμί·

858 1916 914 1966 νῳ.
930 1902 1010 1951 Held.
1025 1899 1205 1951 odPlutaroh.
1215 1891 1379 1947 AetoiiPmi.

858 1974 901 2022 22.
914 1987 976 2037 pag.
991 1970 1051 2022 233.

892 2031 1057 2104 ἀνασώζων]
1083 2036 1230 2101 „Pertinet
1242 2032 1276 2083 ad
1292 2048 1333 2084 eor
1347 2032 1379 2081 1ο

858 2125 918 2172 eos,
939 2110 987 2159 ubi
1007 2109 1100 2160 itidem
1120 2097 1218 2166 σύζειν
1234 2103 1266 2154 de
1281 2106 1380 2154 menevia

856 2186 1017 2244 usurpatur:
1036 2178 1068 2228 de
1081 2176 1178 2243 quibus
1190 2178 1300 2239 egerunt
1310 2173 1380 2223 Hein-

856 2251 925 2300 dort.
940 2250 975 2299 od
987 2248 1095 2299 Platon.
1109 2245 1252 2296 Theaetet.
1265 2260 1290 2309 p.
1303 2242 1347 2294 318
1358 2246 1379 2289 et

856 2320 916 2371 Ast.
928 2320 963 2368 ed
972 2320 1045 2369 Plet.
1058 2318 1100 2367 De
1113 2314 1227 2379 rep.V1‚
1238 2316 1263 2361 2.
1274 2330 1298 2378 p.
1311 2310 1378 2362 33511

856 2390 877 2437 C
884 2406 957 2439 reuz
966 2406 1008 2438 er.
1024 2389 1052 2436 in
1063 2386 1227 2436 Commentt.
1238 2382 1348 2432 Herodd.
1357 2396 1378 2444 ρ.

855 2458 914 2509 230.
953 2457 1023 2510 Add.
1045 2456 1092 2520 qui
1108 2454 1187 2519 pluro
1206 2452 1276 2502 hane
1293 2453 1317 2500 in
1333 2464 1379 2500 rem

854 2527 959 2591 profert
972 2525 1191 2576 Winckelmrmn.
1209 2521 1244 2572 ad
1257 2517 1380 2597 Plutaqeh.

854 2599 956 2648 Erotio.
977 2613 1040 2662 pag.
1056 2596 1113 2646 103.
1148 2593 1191 2643 Ad
1209 2588 1380 2657 συμβαλλόμε-

855 2682 905 2721 νος
919 2669 991 2717 conf.
1007 2681 1091 2730 supra
1108 2663 1155 2725 VI,
1167 2660 1211 2713 03.

888 2731 1033 2800 ύποίμοσε]
1060 2733 1179 2784 Βοιλίῐιιί
1202 2731 1254 2780 hoe
1274 2743 1331 2779 eum
1346 2741 1380 2775 re·

854 2812 938 2857 eentt.
952 2805 1012 2856 edd.
1031 2803 1162 2870 probante
1172 2800 1289 2851 Bredov.
1301 2795 1380 2876 μβθβ

854 2881 882 2925 et
896 2876 957 2927 307.
990 2876 1068 2925 Unus
1083 2871 1222 2923 Sanerofti
1241 2869 1307 2919 liber
1319 2878 1380 2914 ατο·

853 2959 936 3008 μοσε,
951 2944 1022 3010 quod
1036 2942 1231 3006 amplertsunt
1245 2937 1345 2989 Schnei.
1358 2937 1380 2983 et

852 3014 940 3068 Bekir.
966 3015 1005 3064 Ae
1023 3014 1070 3063 vix
1082 3025 1244 3076 quemquam
1260 3008 1325 3072 sugit
1337 3006 1380 3054 hoe

854 3087 882 3134 in
900 3084 983 3136 verbo
1003 3085 1113 3147 ναροκιίι·
1123 3081 1175 3143 rie,
1186 3094 1267 3144 quam
1285 3077 1379 3126 adiecto

852 3154 1021 3218 praepositio
1033 3144 1091 3200 ἀπὸ
1107 3150 1171 3199 huie
1184 3149 1268 3198 verbo
1280 3146 1379 3196 tribuit:

852 3223 923 3289 quod
937 3224 1016 3281 idem,
1028 3220 1213 3280 notanteCr.‚
1227 3219 1256 3267 in
1271 3213 1380 3266 Homeri·

850 3294 892 3343 eis
901 3292 970 3342 loeis
979 3292 1079 3355 odyss.
1090 3291 1128 3351 X,
1139 3288 1190 3339 313
1199 3304 1273 3353 seqq.
1288 3285 1326 3349 ΙΙ,
1337 3283 1379 3335 3ῑ7

851 3368 958 3412 veteres
969 3358 1147 3410 Grammatici
1159 3357 1344 3407 observarunt.
1352 3379 1379 3387 —

853 3433 886 3483 ln
900 3432 1022 3496 proxime
1034 3446 1109 3494 seqq.
1122 3443 1182 3479 eum
1199 3423 1344 3490 Schweigh.
1356 3426 1379 3471 et

852 3500 940 3551 Gaios.
956 3517 970 3550 e
983 3499 1122 3550 meliorum
1136 3497 1216 3547 codd.
1228 3494 1378 3547 auctoritrte

852 3571 940 3621 delevi
964 3584 1014 3630 μιν
1036 3573 1100 3633 post
1124 3560 1234 3617 ἒωυτσῦ
1252 3567 1378 3621 insertum,

851 3641 922 3703 quod
934 3638 1097 3689 Sciraeferur
1107 3642 1134 3686 et
1146 3641 1261 3687 reeentt.
1276 3633 1332 3685 edd.
1345 3633 1378 3678 in-

852 3710 885 3759 de
901 3726 917 3758 ιι
931 3708 1056 3759 Bekkero
1072 3712 1280 3759 revocaverunt.
1298 3732 1328 3741 -
1344 3701 1379 3749 De

850 3780 933 3830 verbo
945 3770 1121 3844 ἐπιβατεύειν
1134 3776 1208 3826 σοιτί.
1222 3776 1280 3837 111,
1293 3770 1377 3824 0311ιί-

850 3865 901 3914 que
912 3853 980 3898 nott.

1025 4019 1092 4073 Cor.
1111 4019 1209 4070 LXVI.

882 4115 987 4174 ἐόντων
1000 4150 1034 4159 -
1047 4119 1172 4186 νεικέων]
1196 4122 1290 4175 νεῖκος
1302 4114 1377 4169 ethio

849 4198 876 4244 et
887 4194 978 4257 111,οὃ
989 4194 1022 4243 de
1034 4193 1082 4242 lite
1095 4189 1304 4256 intelligendum,
1317 4197 1377 4251 quoe

848 4264 880 4313 de
893 4264 1013 4328 legitime
1023 4264 1095 4327 regie
1105 4263 1189 4326 stirpe
1201 4261 1299 4325 agitur.
1315 4256 1376 4305 Nom

847 4332 896 4383 lite
913 4338 1028 4399 peracte
1046 4337 1073 4381 et
1091 4333 1175 4382 coust
1192 4328 1318 4394 peroratd
1338 4339 1375 4373 rer

848 4403 953 4456 demum
972 4403 1151 4454 discernenda
1165 4401 1199 4452 ed
1212 4398 1306 4465 populi
1320 4409 1375 4445 eor·
