2916 5130
375 357 647 422 POLYMNIA.
670 336 740 419 νο.
761 368 822 425 νει
843 366 903 422 νει.
1155 350 1215 415 τεο

88 532 313 623 ἐνδεκόμενον
327 532 461 621 λόγους,
484 529 519 614 ὃς
534 535 674 622 φθονέει
693 560 743 602 τοι
756 524 798 600 εὖ
810 530 1009 622 πρήσσοντι,
1030 525 1119 618 aiunl
1134 552 1217 615 προ-

89 646 185 711 διδοῖ
202 638 378 727 πρήγματα
398 635 438 706 τέι
457 637 508 706 σοί.
544 638 600 707 καὶ
626 636 690 725 γὰρ
720 634 761 726 δὴ
783 639 838 705 καί
864 634 1014 723 τρόποισι
1039 632 1217 705 τοιούτοισι

87 742 274 833 χρεώμενοι
296 746 330 810 οί
343 739 501 830 Ἕλληνες
521 750 689 831 χαίρουσι·
718 745 778 811 τού
797 767 832 808 τε
847 738 1017 827 εὐτυχέειν
1032 740 1219 826 φθονέουσι

87 843 198 917 καὶτὸ
215 849 357 934 κρέσσον
371 849 558 931 στυγέουσι.
598 851 643 915 El
656 841 688 914 δ’
705 847 758 914 ἐπὶ
779 844 852 932 τῇσι
868 843 1071 932 παρεούσῃσι
1089 841 1217 930 τύχῃσι,

86 956 160 1021 τῶν
173 952 246 1029 νέες
259 947 506 1038 νεναυηγήκασι
521 949 739 1039 τετρακόσιαι,
756 946 857 1028 ἄλλας
872 952 908 1017 ἐκ
921 953 981 1017 τού
994 949 1219 1035 στρατοπέδου

85 1062 283 1145 τριηκοσίας
306 1050 513 1143 ἀποπέμψεις
534 1051 738 1142 περιπλώειν
752 1052 1030 1140 Πελοπόννησον,
1051 1048 1223 1138 ιἰξιόμαχοί

85 1186 145 1229 τοι
170 1164 321 1246 γίνονται
340 1162 374 1227 οί
388 1154 574 1227 ἀντίπαλοι.
610 1154 691 1245 ἁλὴς
717 1156 754 1225 δέ
779 1154 847 1226 ἐύν
868 1151 885 1225 ὁ
906 1152 1063 1235 ναυτικὸς
1083 1151 1221 1241 στρατὸς

87 1261 404 1350 δυσμεταχείριστός
424 1289 459 1330 τε
473 1259 602 1331 αὐτοῖσι
614 1268 761 1348 γίνεται,
780 1262 835 1328 καὶ
855 1257 961 1348 ἀρχὴν
977 1256 1039 1328 οὐκ
1053 1256 1224 1346 ἀξιόμαχοί

6 1432 7 1435 ,
86 1395 146 1436 τοι
161 1372 310 1434 ἔσονται·
346 1366 401 1432 καὶ
422 1370 484 1445 πᾶς
501 1362 686 1445 ύναυτικός
705 1368 751 1458 τῷ
764 1369 850 1457 πεζῷ
871 1360 1002 1451 ἀρήξει,
1022 1365 1077 1432 καί
1096 1357 1222 1445 δπεζός

6 1512 8 1517 ,
86 1475 142 1564 τῷ
162 1473 327 1563 ναυτικῷ,
355 1464 439 1557 ὁμοῦ
463 1469 697 1558 πορευόμενος.
732 1474 762 1536 εί
782 1468 819 1537 δέ
840 1466 1050 1551 διασπάσεις,
1077 1461 1154 1536 ούτε
1179 1463 1223 1535 σύ

130 1695 163 1764 ὃς
174 1701 295 1769 φθονέει
303 1721 346 1756 τοι
357 1695 388 1756 εὖ
398 1703 565 1774 πρήσσοντι]
581 1710 635 1759 lla·

87 1780 156 1830 dem
168 1781 306 1828 structura
318 1778 373 1841 111,
388 1778 436 1829 leo
447 1778 492 1828 fin.
523 1793 636 1844 μεταμε-

88 1842 174 1912 λήσει
193 1834 224 1896 εὖ
242 1840 406 1910 ποιήσαντι,
426 1850 474 1899 ubi
491 1850 546 1900 vid.
564 1854 633 1900 nott.

89 1920 266 1970 Structorem
280 1918 356 1967 verbi
367 1917 506 1980 φθονέειν
519 1935 577 1969 curn
590 1936 635 1984 ge-

91 1990 120 2039 ni
125 1990 184 2037 tivo
194 1988 222 2036 iu
233 2002 308 2053 seqq.
319 1989 414 2053 attigit
423 1988 523 2040 Matth.
533 1989 578 2043 (lr.
587 1990 635 2040 Gr.

27 2074 31 2079 ’
101 2067 119 2108 ·.
136 2055 189 2108 368
212 2073 235 2106 ιι.
492 2103 495 2109 ,

6 2142 8 2151 >
91 2064 108 2122 ἐ
134 2094 288 2191 χρεύίμενοι
302 2118 332 2175 oi
344 2114 478 2190 Ἕλληνες
495 2124 636 2192 χαίρουσι]

94 2197 115 2246 i.
132 2213 155 2246 e.
167 2197 305 2247 istiusmodi
316 2197 423 2246 πονίὸαι
435 2213 456 2247 s.
467 2199 528 2248 istoc
540 2199 638 2260 ιἰιῃειιίο

97 2268 181 2318 soleat
191 2282 247 2317 esse
260 2267 359 2316 Graeci.
374 2262 457 2317 Plane
469 2267 543 2317 aliud
554 2269 638 2331 signi-

6 2354 8 2367 *
99 2335 209 2399 ficeret,
227 2340 259 2385 ut
272 2337 340 2386 bene
359 2342 475 2386 annotat
486 2336 638 2388 Valckena-

99 2406 168 2455 rius:
193 2404 340 2471 χαίροντες
357 2402 488 2469 χρῶνται.
525 2407 639 2456 Obtinet

99 2476 169 2525 enim
182 2475 208 2526 h.
221 2474 240 2526 l.
255 2490 288 2525 ea
300 2476 376 2526 verbi
388 2476 563 2541 significatio,
584 2492 637 2542 qua

97 2545 194 2595 addito
208 2545 363 2611 plerumque
383 2546 530 2611 participio
548 2545 637 2596 valet:

96 2616 221 2666 lubentius
235 2616 326 2678 facere
350 2630 372 2666 s.
388 2617 483 2680 aliquid
492 2618 582 2680 facere
597 2632 638 2666 εο-

97 2688 160 2737 lare.
194 2685 256 2735 vid.
274 2684 306 2734 G.
327 2684 476 2735 Hermann.
496 2687 532 2736 οδ
547 2687 639 2751 Vigor.

101 2754 263 2806 Idiotismm.
273 2769 334 2819 pag.
347 2755 398 2808 766
407 2772 464 2822 seq.
478 2756 538 2807 coll.
549 2756 640 2807 Blorn-

100 2824 168 2875 field.
188 2826 216 2874 iu
233 2823 355 2875 Glossar.
377 2825 411 2875 ad
423 2826 551 2888 Aeschyli
562 2827 638 2877 Pers.

685 1709 743 1760 iure
757 1708 828 1760 hunc
844 1707 948 1769 locum,
966 1709 994 1756 in
1007 1721 1059 1771 quo
1074 1705 1162 1756 nudus
1178 1721 1223 1770 ge·

686 1780 788 1828 nitivus
805 1775 885 1843 (τῶν)
902 1778 937 1827 ab
949 1777 1088 1827 Herodoto
1104 1777 1224 1840 ponitur,

687 1849 740 1898 illis
754 1848 884 1912 exemplis
897 1847 1074 1897 adnumerare
1086 1844 1179 1906 liceat,
1195 1847 1223 1894 in

687 1920 784 1983 quibus
807 1933 886 1968 casus
907 1917 1039 1967 sccundus
1064 1916 1139 1967 tertii
1163 1915 1224 1965 loco

688 2004 747 2040 csse
760 1993 880 2053 putatur,
895 2002 965 2052 quae
981 1991 1023 2036 est
1035 1986 1129 2063 ορίοἰο
1139 1985 1225 2035 Eltzli

687 2059 706 2109 l.
720 2057 738 2108 Ι.
753 2059 794 2108 ita
806 2057 937 2108 dicentis:
962 2058 1022 2119 „ita
1037 2070 1093 2104 των
1107 2058 1225 2121 pertinet

688 2128 723 2179 ad
750 2129 899 2193 proximum
925 2142 1021 2178 nomen
1043 2117 1159 2193 τύχῃσι,
1185 2130 1226 2176 at-

687 2214 740 2264 que
754 2198 892 2249 sententia
909 2197 977 2248 haec
991 2200 1045 2247 est:
1071 2198 1187 2262 ,‚qaodsi
1200 2198 1226 2245 ia

687 2269 881 2330 annumeranti
898 2269 1054 2328 calamitate,
1079 2284 1129 2332 qao
1150 2282 1226 2316 ιιαοεε

688 2339 885 2404 φααδιέιιῃεαίαε
906 2338 1041 2401 naufragio
1064 2335 1225 2400 perierunt.“

688 2410 762 2471 Quae
777 2408 913 2459 sententia
925 2409 949 2457 si
961 2406 1050 2470 valet,
1065 2411 1225 2472 exspectan·

688 2477 750 2527 dum
765 2484 837 2529 certe
850 2483 909 2528 erat
923 2468 958 2526 έκ
972 2477 1038 2525 τῶν
1055 2474 1137 2542 (quod
1152 2477 1227 2528 inve·

688 2548 763 2598 nitur
777 2547 805 2609 Ι,
820 2548 845 2597 8.
866 2546 924 2598 193.
938 2547 996 2609 ΙΙΙ,
1016 2546 1074 2597 ΙΙΙ).
1097 2548 1150 2607 IV,
1167 2547 1226 2598 183.

689 2618 750 2680 vll,
768 2618 817 2667 122
830 2616 906 2683 etc),
918 2616 1001 2682 idque
1015 2617 1099 2682 magis
1113 2618 1226 2673 arridet,

689 2702 769 2753 quarn
790 2687 814 2736 si
832 2687 892 2751 quis
911 2683 968 2734 auio
986 2691 1072 2737 mutet
1089 2689 1118 2736 iu
1133 2678 1171 2743 οἷς
1183 2687 1227 2736 vel

689 2755 777 2807 simile
795 2757 872 2821 quid:
893 2757 1025 2807 excidisse
1041 2757 1173 2821 quaedam
1186 2758 1228 2805 in·

689 2833 730 2876 ter
740 2820 838 2892 τύχῃσι
854 2832 881 2876 et
890 2828 946 2875 taio
957 2827 1084 2876 videntur
1094 2827 1228 2877 Bredovio

6 2890 8 2897 '
100 2894 150 2945 843
162 2893 287 2945 Addeud.
300 2898 328 2944 et
340 2894 375 2944 ed
387 2895 538 2960 Choephor.
551 2898 611 2948 442.
689 2897 707 2947 l.
720 2897 753 2957 1.,
770 2896 816 2960 qui
831 2892 888 2945 τοῖν
901 2896 943 2947 vel
959 2898 1110 2961 genitivum
1122 2912 1230 2961 posses-

132 2961 191 3011 τῶν
208 2956 268 3020 νέες
285 2957 492 3030 νεναυηγήκασι
510 2958 640 3028 τετρακό·
690 2967 776 3016 sivum
786 2965 829 3015 val
838 2967 986 3031 genitivum
999 2967 1157 3031 partitivum
1170 2982 1229 3029 esse

97 3032 169 3099 σενι]
186 3033 318 3084 Voculam
328 3032 385 3083 τῶν
395 3034 526 3087 Valckan.
539 3036 640 3086 mutari
690 3042 771 3102 putat
785 3036 844 3086 eius
863 3052 982 3087 summae
999 3036 1042 3086 vel
1057 3037 1114 3087 eins
1129 3038 1168 3088 rei
1181 3036 1230 3086 ho-

6 3155 9 3163 ,
95 3104 158 3156 vult
171 3102 200 3153 in
214 3100 266 3168 τῷε
287 3102 326 3152 Ta
342 3108 392 3154 cai
412 3103 474 3170 (τῷ)
489 3121 566 3156 annes
577 3123 639 3171 qun·
690 3109 854 3171 minumque,
866 3106 1134 3172 quoruminlacuna‚
1147 3122 1229 3169 quam

6 3178 8 3181 ’
97 3174 526 3238 draaiataaaufraaioperierant,
546 3177 570 3224 si
585 3185 637 3228 etc.
690 3179 797 3239 statuit,
809 3179 911 3227 mentio
923 3177 1005 3228 fuerit
1017 3177 1127 3227 iniecta.
1152 3178 1229 3241 Mihi,

97 3244 175 3309 „Sed
194 3242 638 3310 (verbssuntBredoviipag.15)
690 3254 720 3297 nt
732 3247 803 3307 dixi,
824 3247 910 3313 magis
927 3247 1018 3312 placet
1034 3252 1098 3298 ante
1115 3243 1171 3296 τῶν
1191 3264 1231 3297 re·

96 3318 291 3381 praeterquam
306 3315 377 3378 qnod
392 3313 458 3364 illud
471 3313 519 3379 τῷ,
535 3315 560 3365 si
573 3314 640 3367 reci·
690 3331 790 3382 ponere
802 3307 816 3363 έ
821 3331 854 3381 ιι,
870 3317 942 3382 quod
954 3317 1035 3368 facile
1047 3317 1170 3368 excldare
1182 3333 1230 3383 po·

6 3392 7 3395 ’
98 3382 228 3450 piendum
249 3390 336 3447 essct,
360 3383 442 3449 plane
466 3384 556 3435 alieno
579 3385 638 3435 looo
691 3386 753 3436 tuit.

99 3457 219 3520 positum
232 3460 315 3517 esset,
331 3454 486 3505 Herodotus
498 3456 570 3504 enim
581 3457 640 3519 ipse
731 3445 994 3519 δυσμεταχείριστός
1012 3469 1040 3503 τε
1059 3447 1168 3503 αὐτοῖσι
1190 3453 1230 3518 γί·

101 3527 197 3588 apinor
222 3527 280 3573 tum
301 3526 342 3575 sie
364 3525 456 3588 potins
475 3524 591 3574 dixisset
615 3517 641 3572 εί
692 3523 779 3591 νεται]
802 3526 938 3590 „difficilis
954 3526 1004 3573 illie
1025 3523 1160 3588 (Graecis)
1184 3526 1236 3591 erit*

100 3589 132 3644 ol
149 3587 199 3657 σύ,
212 3592 250 3658 σφ’
263 3591 323 3650 νέες
336 3609 361 3642 κ.
376 3608 401 3644 τ.
416 3594 454 3645 t:
470 3596 552 3644 etiam
566 3600 640 3645 totus
692 3588 728 3647 od
738 3597 929 3662 ογμαῃκοιιδαοι
939 3592 1092 3658 (classis).“
1119 3595 1162 3643 ltu
1172 3593 1231 3643 red-

100 3664 296 3715 scntentiernm
312 3679 398 3715 naxus
417 3680 466 3715 nos
486 3670 561 3715 vetat
576 3665 641 3730 ipsis
693 3667 733 3717 dit
753 3664 1039 3730 Schweighaeusarus;
1059 3665 1145 3713 minus
1162 3664 1232 3714 bene

101 3732 244 3787 vocabulis
259 3735 418 3798 pronomina
428 3735 584 3799 personalia
597 3752 643 3784 ex·
692 3737 822 3787 Schaefer
842 3734 888 3800 (ad
906 3731 1043 3784 Plutarch.
1059 3734 1171 3786 Aristid.
1188 3734 1230 3788 14.

101 3804 255 3872 primare.“
295 3805 372 3867 Quod
386 3803 457 3854 idem
474 3805 542 3857 bene
556 3805 643 3855 sensit
694 3803 931 3869 '1'om.V.p.4l):
950 3804 1232 3871 δι’[βοίίίιαιίμαῃιιακ-

99 3874 164 3927 Elta
175 3872 300 3937 (Jahrbb.
310 3874 330 3927 l.
342 3873 474 3941 Philolog.
484 3891 510 3925 u.
520 3876 642 3940 Paedng.
694 3877 758 3927 ιίαιιι.
772 3866 883 3924 αὐτοῖσι
894 3873 930 3923 εδ
940 3874 1105 3925 antecedens
1115 3870 1233 3922 οἰντίιια·
1303 3888 1307 3891 ·

100 3943 196 4009 Suppl.
212 3942 261 3996 IX.
282 3960 343 4011 μσς.
355 3944 437 4009 340),
455 3961 515 3999 cum
525 3945 642 3997 Valcke-
694 3945 737 3994 loo
752 3949 873 4009 spectat,
893 3943 965 4008 quod
980 3944 1051 3994 idem
1069 3943 1103 3993 ad
1116 3938 1232 4007 ιὶξιόμα-

101 4015 175 4065 narii
186 4015 373 4064 coniecturam
385 4015 494 4064 admitti
503 4031 585 4081 posse
598 4032 643 4066 ne·
694 4014 741 4079 χοί
757 4029 801 4063 τοι
819 4006 931 4062 ἔσονται
951 4019 1041 4064 mento
1058 4015 1247 4078 repetendum.

100 4088 204 4150 garet.¹
233 4084 311 4145 Quod
338 4090 427 4134 autem
447 4085 642 4150 Wesselingiuo
694 4088 754 4135 erit.
795 4085 861 4150 Ipsa
887 4100 940 4133 vox
970 4080 1233 4147 δυσμεταχείριστος

101 4155 219 4213 statuit,
238 4154 272 4203 ad
286 4169 367 4204 voces
382 4145 429 4202 έπί
444 4151 508 4218 τῇσι
520 4148 643 4214 παρεού-
694 4155 767 4219 apud
781 4154 923 4203 Platonem
945 4154 1006 4219 pari
1030 4170 1111 4204 sensu
1133 4154 1234 4218 legitur

102 4236 169 4289 σῃσι
181 4217 282 4287 τύχῃσι
296 4224 350 4273 nisi
363 4225 523 4275 adsumatur
536 4216 642 4289 ἡμέων,
694 4227 735 4275 De
753 4224 822 4288 legg.
841 4224 902 4275 Vll.
922 4240 947 4287 p.
967 4223 1049 4273 8081)
1069 4214 1096 4287 (ὁ
1116 4216 1147 4272 δέ
1166 4225 1235 4279 παῖς

102 4309 211 4345 omnem
235 4293 562 4351 laborarcsententiam:
594 4294 644 4344 tali
694 4287 810 4342 πάντων
835 4290 949 4356 θηρίων
977 4284 1034 4342 toul
1061 4290 1234 4357 δυσμετα-

103 4363 643 4429 pronornlneadscitovixopnsesseex·
694 4355 986 4427 χειριστότατον)
1019 4365 1138 4429 itemque
1163 4363 1234 4428 apud

101 4434 206 4485 istlmo.
245 4433 302 4485 Nec
321 4434 405 4499 magio
428 4434 565 4501 intelligo,
590 4450 643 4499 qno
693 4432 799 4485 Aelian.
811 4436 846 4486 N.
860 4434 892 4484 A.
908 4434 956 4494 IV,
971 4435 1013 4484 44.
