2970 5128
190 454 252 520 326

627 451 893 513 HERODOTI

186 628 360 718 Ἀρκάδων
388 624 465 706 τούς
494 630 721 713 προεστεῶτας
751 622 914 712 ἀγινέων,
942 625 1102 710 ἐξορκοῦν
1122 624 1159 695 τὸ
1186 626 1377 714 ΣτυγὸςΠῖ

192 830 318 896 Cyllenes
332 827 439 877 radices
456 827 624 877 occidentem
638 831 665 876 et
680 841 733 875 me·

192 901 288 952 ridiem
308 913 405 948 versus
424 897 452 946 in
471 895 558 955 valle,
582 912 664 962 qnam
684 895 734 945 alti

193 976 299 1021 mentes
311 968 429 1032 undique
442 966 598 1025 includunt;
614 982 668 1016 non
679 965 736 1014 lon·

194 1055 228 1105 gs
246 1038 280 1088 ab
297 1038 385 1100 ipsius
401 1036 478 1086 urbis
496 1036 639 1086 admodum
657 1040 736 1089 retu·

194 1115 254 1159 stae
269 1112 296 1159 et
306 1106 416 1157 heroica
427 1111 519 1156 aetate
530 1106 682 1155 celebratae
692 1121 735 1155 ru·

194 1178 305 1229 denibus
319 1191 391 1227 nunc
401 1176 520 1226 cernitur
532 1177 618 1233 vicus,
629 1176 676 1239 qui
689 1190 736 1224 an-

194 1248 299 1312 tIquam
317 1245 528 1311 appellationem
540 1245 665 1295 retinuit:
688 1260 736 1295 vo-

195 1323 273 1369 catur
287 1317 359 1367 enirn
372 1315 481 1366 Ptenis:
501 1315 555 1365 vid.
570 1314 681 1364 Curtius
694 1314 736 1363 in:

194 1386 373 1451 Peloponnes.
394 1386 415 1434 I.
436 1399 499 1448 pag.
521 1384 570 1434 185
588 1399 664 1449 seqq.
686 1382 732 1433 191

195 1472 270 1521 seqq.
285 1457 345 1507 211,
366 1454 445 1505 Unde
458 1453 491 1503 ab
501 1454 670 1504 occidentem
684 1453 737 1501 luit

196 1527 251 1576 sita
263 1525 400 1583 Nonacris,
418 1525 496 1574 cuins
506 1525 625 1591 ,exiguas
642 1523 736 1572 ruinas

195 1599 306 1646 exstare
319 1594 415 1644 scribit
428 1595 545 1644 Pansae.
562 1593 647 1651 VIII,
665 1592 706 1652 11,
720 1592 737 1641 b

196 1666 258 1716 coll.
272 1663 398 1715 Strabon.
413 1663 491 1713 VIII.
506 1679 532 1727 p.
547 1661 627 1712 bdlA
640 1679 662 1714 s.
676 1660 737 1712 389.

195 1738 299 1786 Nostra
315 1739 407 1783 aetate
423 1734 469 1783 vix
485 1732 631 1797 quidquam
645 1746 738 1796 super-

197 1821 258 1855 esse
272 1804 393 1863 videtur,
407 1803 480 1867 quod
499 1803 599 1852 veteris
612 1802 687 1851 urbis
702 1800 739 1849 si·

197 1879 253 1924 tum
273 1872 395 1922 indicare
416 1871 515 1935 possit:
540 1887 557 1920 a
572 1870 681 1921 Pheneo
698 1885 738 1921 se·

196 1942 379 2008 ptentrionem
401 1945 429 1990 ct
454 1940 622 1991 occidentem
643 1955 738 1990 versus

197 2012 253 2063 sita
276 2012 304 2059 in
331 2010 398 2073 ipsis
423 2009 559 2059 montibus
582 2009 739 2073 quaerenda

197 2081 250 2132 crit
268 2095 299 2129 eo
318 2077 489 2137 termnum,
511 2093 590 2142 quem
613 2083 667 2129 tres
685 2079 738 2127 vici

197 2164 269 2199 nnnc
288 2149 411 2197 obtinere
432 2147 573 2198 dicuntur:
596 2149 739 2210 Periclem,

199 2219 331 2281 ,11110111ρί
337 2256 343 2277 ,
361 2216 436 2267 Soles
443 2236 453 2275 ,·
480 2217 617 2267 indicatur
641 2233 738 2283 pagus,

198 2293 254 2338 tres
266 2286 348 2336 hosce
361 2289 435 2337 vicos
449 2286 641 2351 complectens,
654 2289 739 2336 nemi-

198 2374 232 2407 ne
244 2356 370 2407 Klulrinris
383 2356 425 2407 his
435 2357 580 2407 communi.
603 2357 645 2406 Ita
658 2356 739 2408 docet

198 2426 309 2478 Curtius
321 2426 339 2475 1.
353 2425 372 2475 l,
386 2442 412 2491 p.
429 2425 485 2476 1911.
502 2425 563 2475 213.
593 2426 673 2477 Unde
686 2442 739 2476 me-

198 2497 295 2547 ridiem
305 2511 400 2545 versus
413 2496 437 2544 si
451 2496 576 2546 escendis
589 2511 637 2560 per·
655 2511 739 2559 angn-

199 2575 270 2617 stam
280 2564 389 2623 vallem,
402 2564 509 2629 aliquot
521 2565 646 2614 horarum
660 2566 739 2616 ltine-

198 2653 227 2687 re
253 2650 338 2699 eoqne
361 2634 441 2684 valde
464 2634 567 2684 difficili
594 2635 628 2684 ad
650 2651 740 2700 aquam

197 2704 324 2770 Stygiam,
340 2719 409 2768 quae
427 2704 490 2753 olim
511 2704 666 2764 dicebatur,
681 2720 739 2770 per-

198 2774 291 2833 venis,
310 2775 387 2823 cuius
408 2773 528 2823 eiusdem
543 2773 609 2822 fecit
625 2776 738 2824 mentio-

199 2859 258 2894 nem
266 2844 419 2892 Pansanias
430 2842 489 2892 loco
500 2842 612 2893 landate
623 2848 651 2893 et
660 2844 738 2907 VIII,

200 2913 240 2964 18.
262 2911 287 2973 ξ.
305 2914 329 2962 2.
361 2912 400 2961 19.
426 2915 449 2973 3.
470 2914 486 2961 2
509 2913 586 2973 plura
607 2913 739 2964 adiicicna

199 2982 232 3031 de
246 2979 364 3030 ribulus
378 2996 464 3045 aquae
474 2982 659 3032 animantibus
672 2998 742 3033 mor-

200 3050 296 3109 tifera,
311 3050 422 3098 metelle
436 3050 598 3115 lapidesque
613 3052 743 3117 frangen-

201 3122 228 3170 te
241 3133 274 3168 ao
287 3117 466 3179 dissolvente,
482 3119 543 3167 aliis
556 3121 636 3170 rcbns
649 3128 740 3184 putre-

201 3188 290 3238 dinem
307 3186 445 3237 afferente.
472 3189 594 3237 Pertinet
607 3190 667 3251 huc,
685 3191 740 3239 alla

201 3263 232 3307 ut
245 3261 369 3317 taceam,
383 3271 415 3305 ea
430 3257 518 3317 fama,
533 3273 602 3321 quae
613 3259 670 3308 sive
682 3262 740 3307 Ari-

201 3324 326 3377 stotelem
347 3325 405 3375 sive
422 3326 594 3388 Antipatrum
617 3327 687 3377 lianc
713 3345 741 3377 a·

200 3411 282 3460 qnam
298 3409 365 3444 vase
385 3411 417 3444 ex
437 3395 539 3455 ungula
556 3396 681 3446 coniecto
700 3399 741 3446 in-

200 3464 302 3515 clusam
331 3464 437 3513 misisse
459 3462 613 3514 Alexandro
631 3467 740 3530 Magno,

201 3550 255 3599 qua
279 3535 494 3596 interimeretur,
522 3534 641 3595 ferebat,
670 3537 740 3586 satis

154 3651 160 3661 ,
200 3618 273 3653 nunc
293 3603 405 3668 explosa
424 3602 508 3667 (coni.
526 3603 664 3657 Plutarch,
684 3606 740 3655 vit.

200 3673 347 3723 Alexandr.
361 3671 422 3735 71),
440 3687 521 3736 qnam
533 3688 620 3738 nuper
634 3690 741 3739 qnoque

200 3742 295 3805 attigit
311 3741 451 3806 Goettling
467 3743 495 3791 in
515 3745 742 3794 commentatione

200 3814 351 3872 praemissa
376 3810 464 3861 Indici
493 3811 588 3861 scholi.
617 3812 740 3866 hiberna.

201 3882 229 3928 iu
252 3881 433 3931 Universitat.
455 3882 522 3931 Litt.
547 3881 656 3931 lenensi
679 3899 740 3933 ann.

200 3947 419 4000 MDOOCLVIII
429 3950 658 4002 etlllllCCCLIII.
673 3952 740 4004 Add.

200 4017 304 4067 Aeliae.
317 4019 351 4068 N.
365 4018 396 4071 Α,
412 4019 450 4079 X,
464 4018 506 4067 49.
532 4020 661 4084 Antigon.
678 4022 740 4070 Cer.

201 4090 225 4150 §.
240 4087 300 4149 174,
313 4087 359 4136 ubi
372 4088 536 4137 Beclrmann.
551 4090 585 4139 ad
601 4091 741 4141 Aristotel.

199 4158 297 4207 Anscc.
314 4156 425 4206 mirabb.
442 4162 465 4221 5.
481 4158 526 4209 131
548 4161 698 4210 emandans
713 4161 740 4209 in

199 4241 280 4277 veras
294 4226 407 4291 inquirit
426 4242 524 4278 causas
542 4244 649 4291 eornm,
672 4246 741 4295 qnae

200 4295 232 4345 de
244 4295 323 4346 huius
339 4312 425 4361 aquae
441 4299 468 4347 vi
481 4298 677 4362 praedicabant
695 4316 741 4349 re-

200 4367 281 4415 teres.
315 4368 351 4415 Et
368 4365 463 4415 confer
481 4378 588 4431 quoquc
604 4371 740 4418 lllannert.

199 4429 250 4483 1.1.
270 4449 333 4498 pag.
347 4437 406 4484 412.
433 4436 505 4497 Quin
519 4437 606 4487 adhuc
624 4438 693 4487 talla
708 4439 741 4488 de

199 4500 252 4551 hac
266 4517 337 4568 aqua
347 4503 499 4567 praedicari
510 4508 545 4555 eb
556 4507 691 4571 indigenis
701 4512 741 4558 te·

784 831 892 877 stanter
911 824 1130 891 peregrinatores
1148 828 1326 891 recentiores,

785 895 930 956 nortwolt,
939 896 980 944 De
988 892 1175 958 Staclselberg,
1183 893 1244 950 alii;
1256 895 1326 948 idem

785 966 906 1016 affirmat
918 965 1029 1014 Curtius
1045 964 1063 1013 1.
1078 963 1096 1016 l.
1110 978 1173 1028 pag.
1191 963 1254 1023 196,
1273 980 1327 1029 quo

785 1042 915 1087 narrante
935 1035 1025 1084 adhuc
1043 1034 1165 1083 vicorum
1188 1048 1256 1098 quos
1273 1035 1329 1084 dixi

785 1105 891 1156 incolae
906 1119 1038 1170 quemque
1051 1107 1175 1164 mouent,
1188 1108 1219 1151 ut
1232 1110 1330 1153 caveat

786 1176 839 1225 sibi
860 1177 894 1224 ab
914 1189 986 1239 aqna
1003 1174 1099 1238 Stygia
1119 1172 1254 1231 bibenda,
1276 1190 1329 1239 qna

787 1245 829 1298 sil.
843 1245 930 1310 perire
945 1248 1045 1309 putant
1058 1258 1127 1303 eum,
1136 1243 1183 1305 qni
1199 1248 1329 1305 gustave-

786 1316 831 1365 rit.
866 1316 961 1378 Neque
985 1312 1063 1363 aliter
1087 1313 1172 1362 tradit
1197 1314 1330 1363 Vischer:

786 1386 987 1446 Erinnerungg.
1009 1398 1059 1432 ans
1077 1380 1278 1433 Griechenland
1302 1399 1328 1448 p.

787 1454 853 1514 492,
875 1455 995 1516 itemque
1009 1451 1057 1501 Ch.
1071 1451 1121 1500 Th.
1137 1452 1255 1502 Schwab
1268 1452 1328 1516 (Ar-

787 1523 897 1574 kadien.
922 1522 1003 1572 Scine
1017 1523 1105 1570 Natur
1118 1525 1169 1571 etc.
1190 1520 1329 1587 stuttgart

790 1591 864 1643 1852.
879 1609 904 1657 p.
920 1592 951 1643 19
961 1589 1062 1655 seqq),
1074 1591 1121 1654 qni
1132 1596 1254 1640 veterum
1265 1593 1329 1641 scri-

790 1668 897 1727 ptorum
907 1661 975 1711 locis
986 1661 1019 1710 de
1026 1660 1137 1724 Stygiae
1146 1676 1236 1725 aquae
1245 1663 1274 1711 vi
1285 1677 1329 1710 no-

788 1733 850 1782 civa
865 1732 987 1796 adeoque
1005 1730 1144 1779 mortifera
1159 1730 1247 1780 denuo
1263 1730 1329 1780 alla-

787 1802 823 1853 tis
842 1802 870 1850 in
886 1802 973 1864 ipsius
986 1814 1074 1863 equae
1088 1800 1142 1848 rim
1156 1816 1189 1850 ac
1204 1806 1330 1850 naturam

787 1876 917 1922 accurate
926 1869 1069 1934 inquisivit
1081 1885 1168 1934 neque
1177 1886 1244 1933 vero
1254 1871 1328 1934 quid-

787 1958 868 2007 quam
878 1941 906 1990 in
915 1940 966 1990 hac
977 1954 1051 2003 aqua
1061 1939 1150 1989 inesse
1159 1940 1328 2003 pronuntiat,

789 2012 860 2076 quod
873 2025 971 2060 nocere
987 2012 1154 2085 mortemque
1168 2010 1236 2058 adeo
1252 2010 1328 2058 affer·

788 2097 817 2131 re
837 2081 939 2144 possit:
964 2077 1107 2127 admodum
1123 2093 1218 2139 puram
1232 2079 1330 2128 scribit

790 2166 849 2202 esse
862 2164 961 2214 uquam
971 2146 1105 2211 valdeque
1115 2148 1250 2213 frigidam,
1264 2164 1331 2212 qna-

788 2220 822 2269 lis
835 2221 862 2269 in
878 2218 1014 2268 montibus
1028 2217 1172 2267 altioribus
1185 2217 1257 2267 band
1268 2233 1330 2267 raro

789 2288 924 2354 reperitur
943 2303 991 2349 ac,
1013 2287 1065 2336 uisi
1085 2287 1119 2337 ab
1138 2288 1329 2338 aestuantibus

789 2365 839 2410 aut
861 2357 1023 2409 sudantibus
1043 2357 1167 2417 bibatur,
1185 2358 1331 2408 recreatio·

790 2446 850 2479 nem
871 2430 963 2493 potius
981 2425 1097 2475 delensis
1117 2442 1150 2476 ac
1172 2427 1330 2477 sitientibus

789 2499 954 2562 affertqnam
968 2494 1051 2545 rrllnrn
1065 2498 1262 2545 incommodum
1276 2512 1331 2546 cre·

789 2575 828 2619 at.
857 2568 924 2617 Inde
944 2566 1017 2614 haud
1033 2567 1144 2627 mlrum,
1160 2567 1231 2631 quod
1243 2567 1331 2615 Hero·

790 2640 881 2696 dotus,
893 2638 939 2701 qui
952 2635 1041 2686 obiter
1052 2640 1157 2685 tantum
1171 2642 1199 2685 et
1212 2636 1332 2686 occasio·

789 2723 823 2758 ne
836 2705 927 2756 oblata
940 2706 1053 2769 Stygiae
1068 2720 1157 2770 aquas
1168 2706 1332 2755 mentionem

791 2778 869 2835 iecit,
886 2776 953 2825 nihil
972 2774 1005 2825 de
1016 2774 1059 2825 his
1076 2775 1202 2828 tradidit.
1236 2775 1333 2824 Caete-

789 2863 847 2897 rum
875 2845 1034 2895 lIerodotea
1060 2846 1180 2908 respexit
1203 2844 1331 2894 Eustath.

790 2917 825 2967 ad
842 2915 884 2964 lli.
899 2932 923 2979 p.
939 2914 1001 2972 391,
1019 2914 1048 2963 18
1062 2930 1083 2965 s.
1094 2914 1154 2975 228,
1168 2913 1193 2975 3,
1208 2930 1240 2963 ex
1254 2919 1332 2977 parte

791 2983 1199 3048 descripsitStobaeusEclogg.
1211 2983 1332 3046 physico.

791 3060 818 3105 et
840 3054 938 3104 ethice.
960 3054 989 3115 I,
1007 3055 1049 3103 112.
1076 3068 1137 3118 pag.
1160 3054 1226 3104 1015
1251 3054 1284 3103 Τ.
1304 3054 1332 3104 11

791 3126 908 3175 Heeren.

825 3183 979 3252 πρόθυμος
989 3176 1209 3255 ἦν-ἔξορκοῦν
1217 3182 1250 3239 τὸ
1263 3189 1333 3239 Στν·

791 3253 840 3323 νὸς
853 3251 948 3325 ὕδωρ]
974 3262 1004 3311 In
1018 3260 1123 3310 duobus
1141 3260 1219 3310 codd.
1242 3265 1333 3311 exstat

792 3322 921 3393 ἕξορκοῦ,
936 3331 963 3379 in
978 3330 1091 3396 reliquis
1101 3320 1241 3391 ἕξορκοῖνς
1261 3331 1333 3393 qnod

792 3417 852 3450 cnm
873 3401 937 3451 terri
958 3404 1090 3464 nequest,
1107 3400 1258 3464 recepimus
1270 3399 1335 3449 Val-

792 3471 870 3520 cken.
882 3469 1097 3521 emendationem
1110 3462 1258 3531 ἐξορκοῦν,
1274 3484 1334 3519 cnm

793 3540 885 3589 eodem
901 3539 1085 3603 praecipiente
1103 3538 1246 3589 formulam
1266 3531 1334 3596 πρό-

793 3608 889 3671 θυμος
902 3596 953 3671 ἦν,
972 3602 1130 3670 προθύμως
1144 3601 1206 3671 ἔχω,
1224 3608 1333 3658 infiniti-

792 3694 843 3729 vus
855 3679 975 3741 excipiat
984 3692 1095 3728 necesse
1106 3678 1152 3729 sit.
1173 3680 1272 3728 Moneo
1284 3678 1335 3727 hoc

794 3754 903 3811 propter
926 3749 1012 3797 virum
1041 3747 1166 3809 doctum,
1190 3748 1235 3812 qni
1261 3746 1334 3811 apud

793 3818 873 3866 Both.
894 3819 921 3866 in
942 3818 1018 3867 Nott.
1037 3817 1072 3866 ad
1088 3817 1199 3866 Homeri
1218 3816 1262 3870 Ili.
1286 3818 1334 3879 IX,

794 3887 844 3937 504
864 3887 992 3951 coniungi
1012 3886 1100 3936 voluit
1122 3881 1277 3945 πρόθνμος
1299 3874 1334 3952 ἦν

793 3946 966 4019 ἀγινέων,
992 3957 1069 4006 cuius
1094 3956 1234 4020 participii
1258 3955 1286 4004 h.
1315 3956 1334 4005 1.

794 4026 868 4075 nalla
881 4024 936 4075 alia
951 4027 1022 4074 ratio
1035 4030 1086 4087 est,
1103 4025 1156 4073 nisi
1172 4025 1334 4075 anteceden-

793 4095 830 4144 tis
852 4095 991 4159 participii
1014 4085 1180 4157 προσῦγωνε
1204 4096 1335 4147 admodum

792 4166 908 4226 cupiebat
925 4166 1077 4214 demaratus
1094 4165 1223 4215 Arcadios
1244 4180 1335 4227 prece·

792 4250 835 4284 res
851 4235 979 4286 Nonacria
996 4234 1083 4284 cinctos
1100 4237 1235 4285 iurmneuto
1248 4236 1335 4300 adipe-

792 4320 830 4355 rc.
862 4305 951 4368 Atque
969 4294 1107 4364 ἐξορκοῦν
1125 4294 1156 4351 τὸ
1174 4296 1286 4366 Στυγὸς
1306 4291 1335 4353 d·

792 4371 850 4433 dere
873 4378 929 4423 est:
952 4374 1117 4423 iureiurando
1129 4388 1179 4435 per
1193 4372 1295 4439 Stygem
1312 4389 1334 4423 s.

792 4442 903 4507 Stygiam
912 4458 1001 4507 nquam
1011 4441 1333 4509 adstringere(aliqueml:

792 4512 824 4562 de
839 4512 990 4563 accusativi
1005 4512 1093 4563 additi
1111 4514 1217 4562 ratione
1231 4513 1266 4564 cl.
1281 4514 1335 4563 He·
