3010 5134
483 297 758 362 POLYMNIA.
781 301 853 363 Vll.
877 311 1017 367 122123.
1242 303 1304 364 615

159 471 421 569 Μηκύβερναν,
442 470 625 545 Ὄλυνθον.
666 471 687 563 ἡ
701 473 763 563 μέν
782 503 847 545 νυν
866 472 957 564 χώρη
971 471 1056 564 αὕτη
1070 485 1228 566 Σιθωνίη
1242 496 1301 547 κα-

173 576 292 646 λέεται.
332 572 368 644 ‘0
394 578 431 647 ii
456 576 614 660 ναυτικὸς
633 576 771 669 στρατδς
797 574 815 648 ὁ
838 578 986 669 Ξέρξεω,
1014 580 1216 669 συντάμνων
1241 578 1371 660 ἀπ’123

169 678 333 770 Ἀμπέλου
347 679 450 769 ἄκρης
464 684 518 750 ἐπὶ
528 682 764 770 Κανάστραιον
780 679 903 772 ἄκρην,
918 678 955 751 τὸ
967 681 1008 773 δὴ
1020 682 1126 773 πάσης
1140 689 1197 774 τῆς
1206 693 1301 754 Παλ-

173 785 276 873 λήνης
292 782 403 872 ἀνέχει
423 784 581 873 μα’λιστα,
609 789 771 856 ἐντεῦθεν
790 785 868 867 νέας
887 798 927 856 τέ’
944 789 1000 856 καὶ
1022 786 1180 877 στρατιὴν
1200 782 1303 878 aupa-

173 888 322 977 λάμβανε
336 893 372 959 ἐκ
388 895 571 979 Ποτιδαίης
584 890 641 959 καὶ
656 887 811 979 Ἀφύτιος
825 892 880 960 καὶ
890 889 981 980 Νέης
995 889 1118 971 Πόίιος
1132 893 1188 960 καὶ
1197 898 1304 981 Αἰγῆς

172 1090 226 1153 ria,
240 1094 270 1139 ut
283 1104 332 1139 nos
347 1088 477 1154 dicimus,
495 1105 511 1140 a
525 1091 658 1142 Potidaea
672 1108 712 1142 re-

174 1164 255 1209 mota.
283 1160 359 1221 Quae
375 1176 436 1210 enm
448 1160 477 1209 in
493 1159 563 1211 bello
577 1162 712 1227 Pelopon·

172 1229 283 1279 nesiano
311 1228 455 1293 aliquoties
479 1236 712 1295 commemoretur,

171 1304 268 1364 poetes
280 1314 441 1364 magnopere
454 1306 536 1350 aucta
551 1300 613 1364 diu,
628 1306 659 1351 ut
670 1317 713 1352 sa·

173 1369 208 1418 tis
222 1369 360 1433 cognitum
373 1376 429 1432 est,
442 1371 547 1436 restitit
559 1375 586 1422 et
595 1371 714 1421 Laeoui-

171 1438 221 1488 bus
238 1443 265 1487 et
283 1437 494 1501 Macedonibus,
515 1439 602 1490 donee
620 1456 637 1489 a
649 1439 712 1490 Phi-

171 1508 245 1573 lippo
262 1512 346 1571 capta
364 1523 398 1558 ae
417 1509 509 1558 diruta
530 1515 587 1573 eat,
612 1508 710 1560 incolis

172 1579 215 1628 vel
232 1576 359 1627 abduetis
379 1576 422 1628 vel
439 1578 568 1633 venditis.
606 1580 646 1628 Ae
663 1579 709 1629 vix

172 1647 229 1698 ulla
240 1645 355 1710 amplias
368 1647 430 1696 inde
443 1649 519 1698 urbis
531 1648 642 1699 mentio.
667 1649 709 1699 Tu

171 1718 226 1766 vid.
246 1717 383 1769 Mannert.
401 1717 462 1767 Vll.
475 1733 537 1782 pag.
553 1718 603 1769 456
623 1733 710 1784 seqq,

171 1785 332 1838 Tasohnelre
343 1786 379 1836 nd
388 1785 451 1836 Mel.
462 1786 500 1850 11,
511 1789 527 1837 2
547 1791 571 1851 5.
582 1786 608 1837 9.
619 1803 646 1852 p.
659 1789 707 1839 141

172 1862 240 1906 nott.
255 1869 349 1921 eaegg.
362 1860 389 1905 et
404 1856 574 1921 potissimum
589 1859 612 1907 V
614 1857 709 1908 oemel.

170 1926 205 1976 ad
219 1926 393 1976 Demosthen.
408 1926 454 1975 Or.
468 1926 585 1993 Philipp.
601 1943 663 1992 pag.
679 1928 709 1977 12

171 2011 247 2060 seqq,
267 1994 301 2044 23
317 2010 395 2060 seqq.
415 1996 559 2048 lot-108.
594 1997 709 2062 Reliqua

171 2064 251 2115 dabit
261 2064 405 2129 Forbiger:
423 2064 533 2116 Handb.
543 2067 567 2116 d.
581 2065 629 2115 alt.
639 2067 711 2117 Geo-

171 2134 266 2201 graph.
280 2135 331 2185 Ill.
344 2150 409 2200 pag.
427 2133 503 2189 1064.
531 2137 624 2189 Pauca
638 2136 711 2185 anti-

170 2220 240 2270 quse
249 2203 325 2254 urhis
336 2204 456 2269 vestigia
465 2205 555 2256 adhue
564 2210 711 2270 supersunt

170 2273 279 2336 inloeo,
294 2273 338 2324 aui
351 2289 448 2324 nornen
463 2276 512 2324 Αιό
523 2274 638 2332 Manum·
654 2274 709 2324 rid.

763 1091 816 1155 Cap
832 1092 945 1149 Patent,-
961 1091 1018 1142 vid.
1031 1090 1137 1143 Leahe:
1149 1091 1262 1144 Travels
1274 1093 1303 1144 in

762 1161 859 1213 North.
874 1162 968 1213 Greee.
983 1161 1035 1212 Ill.
1047 1178 1111 1228 pag.
1123 1162 1172 1214 156
1186 1167 1213 1213 et
1228 1163 1302 1213 coni.

761 1230 907 1295 Forbiger:
924 1232 1036 1281 Handb.
1049 1231 1074 1281 δ.
1088 1231 1136 1281 alt.
1149 1231 1302 1298 Geograph.

763 1300 816 1351 111.
831 1316 891 1365 pag.
908 1300 984 1352 1054.
1012 1302 1044 1351 ln
1058 1317 1135 1367 seqq.
1148 1292 1240 1366 ἀνέχει
1255 1317 1304 1351 va-

761 1368 813 1420 let:
829 1372 965 1434 prominet,
975 1376 1122 1434 procurrit,
1145 1386 1198 1436 quo
1208 1372 1303 1422 eodem

762 1454 844 1489 sensu
862 1439 964 1503 legitur
983 1440 1056 1503 apud
1075 1440 1263 1503 Thucydidem
1278 1441 1302 1505 l,

762 1508 804 1557 46.
821 1509 868 1570 IV,
882 1508 1121 1572 recolimus.

794 1566 825 1625 ἐκ
837 1575 1007 1642 Ποτιδαίης]
1030 1579 1155 1629 Potidaea
1169 1578 1203 1628 ab
1219 1577 1303 1642 Olyn-

761 1645 823 1709 tho,
846 1653 878 1699 nt
894 1647 1025 1713 diximus,
1052 1648 1196 1712 sexaginta
1218 1647 1302 1700 terme

760 1715 859 1768 stadiis
886 1717 991 1774 abfuit,
1030 1721 1059 1768 in
1088 1718 1148 1785 ipso
1176 1716 1301 1770 Pallenes

760 1785 860 1838 isthmo
882 1801 898 1836 a
920 1785 1070 1838 Corinthiis
1089 1786 1217 1847 condita,
1240 1786 1301 1839 loeo

759 1872 888 1921 perquam
903 1861 1071 1922 opportuno,
1088 1855 1301 1908 Atheniensibus

761 1930 857 1991 postea
867 1925 1242 1992 consonIatn,aquibushelli
1252 1928 1298 1977 Pe·

760 1995 947 2061 loponnesiaoi
969 1996 1049 2046 initio
1068 1996 1179 2047 defecit.
1218 1995 1301 2047 Cuius

762 2081 831 2130 quae
845 2066 946 2116 inerint
960 2066 1034 2129 fata,
1050 2065 1137 2115 donee
1148 2064 1301 2131 aPhilippo

759 2135 909 2186 Macedone
929 2141 1011 2201 capta
1035 2151 1068 2184 ee
1091 2135 1183 2185 diruta
1204 2140 1302 2199 postea

760 2206 909 2255 resurrexit
923 2206 1031 2256 nomine
1044 2205 1229 2267 Cassandriae,
1249 2204 1301 2255 hon

761 2273 820 2323 loeo
845 2273 998 2339 disquirere
1021 2290 1077 2324 non
1102 2278 1194 2325 vacat.
1235 2273 1301 2325 lude

170 2344 264 2395 Leuke
277 2342 294 2397 1.
311 2342 330 2396 l.
342 2358 406 2409 pag.
420 2344 479 2396 154.
758 2343 893 2406 Isthmus,
906 2344 934 2393 in
947 2360 1001 2408 quo
1013 2343 1078 2392 nrhs
1089 2347 1227 2393 exstructa
1236 2342 1299 2397 init.

760 2411 850 2462 adhue
868 2417 983 2463 vocatur
995 2413 1160 2464 Cassandrae
1174 2422 1251 2475 porta
1270 2404 1300 2477 (ἡ

759 2474 859 2544 Πόρτα
870 2480 920 2546 τῆς
933 2472 1134 2545 Κασσάνδρας)
1146 2486 1228 2546 atque
1238 2497 1302 2546 peu·

761 2551 852 2602 insula
863 2548 920 2612 illa,
932 2566 1002 2616 quae
1011 2552 1117 2601 Pallene
1127 2550 1191 2600 oIIm
1202 2556 1302 2600 vocata

206 2610 374 2682 συντάμνων
392 2609 444 2668 ἀπ’
463 2607 595 2682 Ἀμιτέλου
619 2606 711 2681 ἄκρης
759 2625 810 2682 est,
826 2620 997 2670 Karaandirra
1011 2635 1082 2670 nune
1095 2618 1251 2685 appellatur
1263 2612 1303 2670 t'e·

168 2681 217 2739 ini
233 2680 436 2752 Κανδστραιον
454 2676 558 2754 ἄκρην]
582 2688 623 2765 hd
645 2700 710 2736 σνν-
759 2695 802 2740 ste
816 2690 920 2740 Lealrio
940 2688 959 2739 l.
980 2689 997 2740 l.
1017 2690 1069 2743 III.
1094 2704 1155 2754 pag.
1176 2690 1225 2740 152
1242 2703 1300 2754 seq.

167 2750 283 2825 τάμνων
294 2767 384 2809 mente
392 2757 479 2809 addas
489 2758 554 2807 lieet
566 2771 618 2822 την
630 2748 709 2818 ὁδὸν,
758 2762 819 2811 Non
832 2757 926 2823 procul
938 2775 954 2807 a
968 2763 1061 2809 vetere
1073 2758 1209 2808 Potidaea
1229 2773 1302 2809 nune

169 2826 710 2891 uisitepraecidensuiam,i.e.dreviarimti
759 2829 898 2880 invenitur
928 2829 1005 2878 vinus
1028 2827 1137 2877 Pinaka.
1179 2829 1221 2877 Tu
1244 2828 1299 2878 vid.

168 2900 210 2950 viti
230 2906 321 2957 atena,·
343 2898 413 2950 unde
435 2888 467 2946 τδ
492 2889 709 2963 συντομώτατον
759 2914 830 2963 qnae
847 2898 881 2947 de
893 2897 945 2947 hae
961 2897 1027 2948 urhe
1040 2897 1192 2947 attulerant
1206 2896 1302 2946 Gatta-

168 2968 289 3032 vl1‚1·21
305 2968 367 3018 eoll.
381 2967 415 3031 V,
432 2965 471 3019 13.
500 2966 569 3015 Add.
586 2965 708 3028 V11,124
758 2984 803 3019 rer
820 2966 837 3017 l.
851 2966 868 3017 l.
887 2983 948 3031 pag.
963 2965 1300 3031 praenunciavere

168 3045 197 3089 et
210 3038 263 3100 lX,
279 3037 328 3101 89,
345 3037 405 3088 ubi:
433 3030 486 3100 τὴν
498 3028 652 3100 μεσόγαιαν
663 3027 710 3083 τοί-
759 3036 822 3088 Mel.
835 3037 872 3097 II,
883 3038 909 3086 2.
920 3039 944 3099 ξ.
960 3037 999 3087 ll.
1010 3052 1036 3101 p.
1049 3035 1099 3087 153
1113 3041 1181 3087 nott.
1192 3051 1299 3100 exegg„

168 3123 247 3172 μνων
260 3103 312 3172 τῆς
323 3098 406 3169 itai,
418 3107 473 3156 uisi
484 3105 535 3155 hoe
547 3106 640 3169 potius
652 3110 709 3155 est:
757 3109 893 3157 Mannert.
904 3107 966 3155 Vll.
981 3121 1006 3169 p.
1016 3104 1068 3156 466
1079 3121 1166 3170 seqq„
1180 3104 1299 3156 Voemel.

167 3181 230 3229 oiarn
241 3179 510 3241 carpens,perfieienr
522 3190 569 3239 per
582 3173 709 3225 mediter·
757 3175 774 3229 1,
798 3191 882 3241 supra
905 3175 923 3225 l.
947 3190 1012 3241 pag.
1037 3176 1072 3223 65
1092 3190 1168 3240 seqq.
1196 3173 1299 3227 Herod.

168 3263 262 3306 renea.
757 3246 835 3305 VIII,
851 3245 900 3296 126
916 3259 993 3310 seqq.

205 3307 416 3377 Κανδατραιον]
440 3314 484 3365 Ita
499 3329 558 3364 eum
573 3312 709 3377 Schweig·
792 3310 840 3363 nul
851 3307 991 3378 Ἀφύτιος]
1008 3311 1116 3377 Aphytis
1127 3312 1189 3363 urbs
1201 3309 1301 3360 alhu-

169 3387 263 3440 haeus.
287 3390 315 3436 et
336 3384 423 3437 Gaiaf.
445 3384 506 3434 dedi
531 3400 545 3434 e
569 3382 707 3433 Saunrolti
759 3383 856 3451 eydide
870 3384 1068 3443 memoraturi,
1082 3384 1130 3444 64,
1144 3381 1301 3431 uhiWasse

169 3459 230 3508 eod.
251 3460 279 3508 et
294 3454 408 3519 Scylace
428 3456 453 3517 ς.
467 3453 501 3504 66
520 3451 558 3518 (p.
574 3453 608 3504 26
621 3453 708 3503 Huds.
760 3453 914 3520 (ο1,Ρορρο
928 3453 958 3515 I,
972 3453 996 3502 2.
1011 3468 1037 3517 p.
1051 3450 1114 3516 324)
1136 3449 1300 3514 reliquorum

169 3545 195 3594 p.
209 3527 259 3579 218
271 3524 360 3588 Gaii,
379 3524 426 3573 nbi
441 3516 654 3584 Καναστραιον·
670 3516 709 3571 ἴε·
759 3525 921 3588 scriptorum
938 3522 1096 3573 testimonia
1107 3521 1141 3570 de
1155 3519 1181 3571 h.
1197 3518 1214 3569 l.
1228 3523 1302 3567 attu-

170 3592 222 3660 ρδν
236 3590 437 3659 ἀκρωτήριον).
453 3591 576 3654 Thucyd.
588 3593 637 3656 IV,
650 3591 708 3653 110,
758 3594 800 3645 lit.
827 3592 1024 3643 nuntianter
1041 3590 1076 3641 ad
1090 3589 1198 3653 Scylao.
1216 3591 1241 3651 β.
1257 3587 1300 3637 66.

170 3668 217 3717 uhi
236 3667 314 3733 plura
327 3666 360 3715 de
380 3663 518 3728 scriptura
533 3662 640 3726 Wass.,
664 3663 709 3711 eni
761 3662 798 3729 (Ι.
811 3677 873 3727 pag.
891 3661 936 3727 52)
957 3666 985 3711 et
1000 3660 1074 3712 enni.
1090 3659 1184 3710 Lealre
1203 3657 1222 3707 l.
1238 3656 1256 3709 l.
1274 3672 1300 3721 p.

170 3737 233 3789 add.
247 3734 407 3786 Taschuelte
423 3731 460 3784 ad
473 3731 536 3783 Mel·
548 3731 586 3791 ΙΙ,
600 3731 625 3784 3.
641 3734 665 3795 §-
683 3731 707 3781 l·
761 3732 827 3784 156:
854 3746 908 3796 quo
920 3736 1031 3782 auctore
1048 3729 1114 3781 urbs
1130 3729 1158 3779 in
1173 3724 1301 3777 orientali

170 3822 233 3872 pag.
249 3804 297 3856 166
307 3809 377 3855 nott.
391 3818 487 3869 στερη.
513 3802 624 3852 Retinui
640 3801 711 3851 enim
762 3800 923 3869 peninsulae
934 3816 981 3851 ora
993 3800 1109 3850 lnitsita
1118 3814 1150 3849 eo
1161 3797 1219 3847 iere
1231 3794 1301 3854 loeo,

171 3892 230 3926 oum
242 3873 387 3935 Muellero,
404 3873 526 3937 Scylaeis
541 3871 660 3933 editore,
681 3871 711 3919 in
762 3888 815 3938 qno
830 3887 901 3922 nnnc
919 3870 996 3921 vicus
1009 3869 1131 3933 Attptio,
1154 3866 1232 3918 euius
1253 3880 1301 3915 no·

152 3979 154 3982 <
170 3943 323 4010 Geograph.
337 3944 384 3994 Gr.
401 3942 484 3995 minu.
498 3943 521 3992 I.
538 3957 600 4007 pag.
611 3940 645 3991 63
655 3938 712 3988 Kot-
762 3940 851 3993 mene
869 3945 975 3992 vertere
991 3938 1176 4004 appellatione
1189 3935 1301 4015 dentum

171 4008 337 4077 ruotpertus,
359 4013 434 4063 euius
453 4011 514 4061 loeo
529 4009 663 4061 Matthiae
684 4013 712 4060 nt
762 4013 878 4064 videtur.
902 4011 979 4071 Quae
987 4011 1136 4073 sequuntur
1146 4007 1228 4058 nrbes
1238 4002 1300 4065 Νεη

129 4080 134 4090 '
171 4090 286 4136 renentt.
307 4082 367 4133 edd.
388 4083 449 4133 inde
467 4080 622 4131 aBekkero
637 4079 712 4130 exhi·
762 4073 845 4135 πόλις
858 4084 885 4128 et
896 4073 981 4141 Αίηή,
1003 4093 1095 4126 earnm
1113 4076 1205 4136 nulla,
1227 4071 1301 4137 quod

171 4156 288 4206 buerunt
307 4152 518 4213 Kavaotpaior.
553 4148 632 4216 Apud
653 4149 712 4200 Ste-
762 4150 861 4209 seiam,
876 4147 941 4196 alibi
955 4147 1065 4209 mentio,
1080 4145 1133 4194 nisi
1145 4143 1215 4209 qnod
1226 4142 1300 4207 apud

171 4224 252 4290 phau.
269 4224 385 4288 Byzant.
403 4227 446 4272 est
459 4213 625 4281 Κάναστρον
637 4224 670 4270 ‚et
683 4219 711 4268 in
762 4219 871 4283 Soymn.
885 4215 981 4267 Chium
991 4214 1043 4265 658
1061 4218 1089 4265 et
1108 4214 1179 4276 apud
1193 4211 1300 4275 Scylae.

171 4293 257 4346 senor.
280 4293 315 4342 an
329 4291 418 4357 upon.
434 4290 521 4343 anon.
537 4291 567 4353 1,
587 4289 637 4339 eur
654 4283 713 4338 aa·
763 4289 788 4351 ς.
802 4286 835 4337 or
858 4283 897 4350 (p.
917 4287 950 4336 ar
962 4284 1050 4335 fluns.
1068 4282 1156 4347 pera
1168 4278 1252 4361 sap.)
1272 4262 1346 4347 111⁸¹

172 4377 289 4428 ναστρα.
319 4364 398 4415 Nune
413 4360 599 4429 promontorio
615 4373 712 4409 nomeu
763 4357 883 4408 Thracia
899 4354 1055 4406 nominatur
1075 4350 1140 4401 urba
1155 4348 1301 4407 Νεαπολις

329 2515 395 2566 Car.
415 2513 543 2568 CXXIII.
