2916 5130
270 373 333 437 732
707 374 971 438 HHRODOTI

268 546 331 639 τὴν
346 550 512 640 ἑπομένην
525 544 690 635 τούτοισι,
713 553 769 619 isal
783 549 862 632 τούς
875 553 1010 624 devotos
1025 565 1240 638 σιταγωγοῖσι
1252 545 1368 618 άκάτοισι

269 654 401 740 ἐόντας,
417 656 472 724 καλ
487 652 575 742 μάλα
590 656 628 723 ἐν
647 669 733 724 τοῖσι
752 650 882 724 άλλοισι
905 663 1050 725 πλοίοισι
1070 671 1156 724 τοῖσι
1177 650 1243 743 άμα
1262 655 1369 723 πλέουσι

268 763 308 847 τῇ
323 765 472 848 στρατιῇ,
484 756 622 839 τούτους
637 763 706 829 τῶν
714 765 867 848 μαχίμων
876 755 1013 847 ἀνδρῶν
1025 754 1066 827 ού
1080 761 1189 829 δοκέω
1204 757 1286 827 εἶναι
1299 757 1370 825 itte

267 884 387 947 σονας,
409 859 494 931 άλλά
514 866 671 942 πλεῦνας.
705 864 761 930 καῖ
775 863 818 950 δή
832 884 938 949 σφεας
950 866 1053 931 ποιέω
1072 872 1167 943 ἴσους
1182 864 1328 932 ἐκείνοισι
1339 859 1371 929 εἶ-

266 993 340 1051 ναι,
364 967 419 1033 καῖ
433 963 510 1035 ούτε
525 969 671 1044 πλεῦνας
694 963 772 1035 οὔτε
790 966 973 1046 ἐλάσσονας
995 962 1113 1035 οὐδέν’
1142 965 1338 1054 ἐξισούμενοι
1348 963 1373 1030 dl

266 1059 359 1139 οὗτοι
372 1074 417 1162 τῷ
426 1075 557 1161 μαχίμῳ
569 1074 772 1156 ἐκπληροῦσι
783 1069 841 1150 τάς
852 1079 926 1149 ἴσας
939 1070 1105 1158 μυριάδας
1115 1073 1274 1159 ἐκείνῃσι.
1300 1063 1374 1137 θύεν

268 1180 488 1260 πευτηκοσῖας
509 1198 546 1240 τε
572 1180 738 1262 μυριάδας
765 1176 820 1243 καὶ
848 1184 954 1244 εἴκοσι
982 1175 1038 1241 καὶ
1064 1171 1150 1245 ὀκτω
1175 1177 1234 1243 καλ
1253 1170 1375 1261 χιλιάδας

266 1291 356 1364 τρεῖς
369 1279 425 1346 καὶ
436 1278 658 1358 ἑκατοντάδας
673 1277 735 1347 δύο
749 1280 805 1347 καὶ
820 1278 964 1358 δεκάδας
978 1276 1040 1347 δύο
1052 1274 1192 1364 ἀνδρῶν
1205 1277 1304 1367 ἤγαγε
1313 1279 1374 1357 Ξέρ-

198 1380 258 1443 187
267 1385 324 1467 ξης
343 1378 361 1449 ὁ
378 1387 526 1469 Δαρείου
540 1385 636 1470 μέχρι
649 1382 823 1470 Σηπιάδος
841 1384 897 1451 καὶ
912 1383 1172 1469 Θερμοπυλέων.
1220 1372 1321 1460 Οὗτος
1333 1379 1376 1467 μὲν

266 1484 308 1574 δὴ
322 1490 382 1554 τοῦ
397 1484 608 1566 συνάπαντος
622 1491 681 1555 τοτ’Ι
695 1488 826 1571 Ξέρξεω
839 1486 1084 1574 στρατεύματος
1095 1481 1255 1574 άριθμός.
1282 1510 1374 1571 γυναι-

855 1658 926 1710 unde
946 1675 1029 1721 saue,
1045 1660 1165 1725 quaeda
1186 1659 1304 1709 maxima
1317 1656 1374 1705 snb

855 1730 953 1780 Xerxis
972 1730 1067 1794 copias
1095 1735 1230 1794 sequente
1255 1732 1375 1777 narrentur

855 1800 927 1863 apud
938 1799 1119 1861 Herodotum,
1129 1799 1246 1849 minime
1256 1812 1304 1847 nos
1317 1794 1375 1846 oder·

854 1871 917 1920 dere
933 1869 1032 1920 debent
1043 1876 1074 1918 ut
1087 1871 1176 1920 minus
1188 1883 1309 1934 congrua
1321 1872 1375 1915 auis

854 1955 919 1989 vero
938 1939 1038 1990 aliena.
1070 1938 1151 1990 Conf.
1171 1939 1298 1989 Heeren:
1314 1935 1376 1986 lieet

407 1692 474 1747 Cir.
494 1692 663 1744 CLXXXVI.

297 1791 344 1845 καΙ
355 1792 439 1864 μάλα]
448 1797 668 1863 Schweighaeus.
678 1797 704 1846 in
712 1796 804 1846 Lexio.

262 1866 363 1917 Herod.
377 1867 426 1929 (11.
438 1883 464 1933 p.
472 1867 527 1932 85),
537 1867 585 1918 ubi
595 1865 702 1917 eonlert
713 1866 736 1926 1,
747 1867 804 1928 181,

262 1935 307 1986 lde
317 1936 393 1989 reddi
407 1936 465 1987 vult
479 1953 576 1994 rursum
591 1952 679 2000 porro.
702 1936 806 1986 Grono-

261 2007 323 2057 vius
340 2007 498 2058 reddiderat
511 2009 615 2059 omnino.
654 2004 723 2057 Mihi
741 2020 805 2056 neu-

261 2081 332 2126 trum
341 2076 440 2141 planet,
447 2077 591 2142 melimqne
601 2078 679 2141 sequi
690 2074 804 2125 eundem

261 2146 562 2211 Schweighaeuuemm,
588 2148 633 2212 qui
656 2147 682 2194 in
703 2145 804 2195 listina

855 2011 878 2069 1,
902 2010 924 2059 l.
940 2024 1002 2074 pag.
1020 2008 1083 2060 501.
1104 2010 1165 2061 515.
1179 2035 1216 2045 -
1232 2005 1341 2058 Exsistit
1354 2018 1375 2051 er

853 2078 986 2129 Herodoti
997 2080 1203 2143 computetione
1214 2091 1334 2128 numerus
1343 2072 1375 2120 1ο

854 2150 954 2199 minum
980 2148 1136 2211 eredere,
1155 2156 1188 2200 nt
1208 2148 1245 2198 ad
1265 2146 1325 2207 vll,
1344 2141 1375 2191 lli

260 2215 484 2281 interpretatione
520 2216 634 2267 Graecis
673 2216 805 2266 Herodoti

261 2287 352 2337 verbis
368 2287 493 2338 subiecta
505 2287 637 2337 reddidit:
654 2294 698 2348 „et
715 2284 743 2335 in
762 2301 803 2336 re·

260 2355 802 2423 liquieutiquenavlgiis‚“eutLaugium‚

259 2426 307 2492 qui
334 2425 460 2478 vereeule
486 2425 632 2492 expressit:
660 2427 732 2486 ,μιοιῖ
752 2442 803 2491 μιν

260 2496 311 2546 sul
320 2496 372 2547 den
385 2496 703 2560 andernFahrzengen.“
721 2498 804 2546 Nem-

260 2581 313 2630 que
323 2565 441 2631 augendi
452 2572 479 2618 et
489 2564 671 2630 amplificandi
681 2565 735 2615 vim
749 2565 801 2616 beo

260 2636 288 2685 in
305 2636 403 2686 rosula
421 2638 510 2688 inesee
528 2636 575 2686 vix
598 2635 740 2699 qnisquam
756 2651 803 2686 ne·

259 2706 374 2824 {averit
399 2706 445 2756 Sie
459 2701 508 2754 καΙ
520 2701 596 2755 πάνυ
608 2704 681 2769 apud
694 2705 803 2770 Thucy-

278 2775 316 2826 id.
333 2777 355 2837 Ι,
366 2776 391 2826 il.
419 2776 465 2836 Vi,
480 2775 565 2826 lilin.
589 2774 729 2825 Plutarch.
744 2777 799 2826 vit.

259 2843 373 2896 Arietid.
390 2845 412 2894 1.
434 2844 556 2909 Xenoph.
571 2845 670 2910 Cyrop.
684 2846 717 2908 V,
728 2846 751 2908 Ι,
761 2845 801 2903 18,

259 2914 306 2978 qui
323 2916 394 2965 idem
409 2915 480 2966 dixit
495 2910 542 2964 καὶ
558 2911 632 2979 μάλα
650 2916 746 2977 vine,
760 2916 801 2965 18.

259 2984 371 3047 v111‚3,
384 2985 418 3035 38
428 2991 479 3036 eto.
504 2986 545 3035 De
559 2985 641 3034 verbo
652 2979 741 3034 δοκέω
756 3001 803 3034 no·

260 3055 380 3104 terimus
392 3054 426 3104 ad
441 3071 500 3119 esp.
520 3055 577 3104 185.

294 3118 343 3172 aul
360 3117 398 3187 δή
412 3136 500 3183 σφεας
520 3120 609 3172 ποιέω
631 3118 713 3177 ἴσους
733 3115 801 3171 ἐκελ-

260 3204 334 3241 κοισι
351 3185 437 3258 εἶναι]
463 3196 503 3244 De
522 3193 604 3241 verbo
621 3194 717 3241 ποιεῖν
732 3193 802 3244 dixi-

259 3278 317 3312 mus
340 3262 374 3312 ad
398 3264 466 3324 vn,
488 3262 552 3317 184,
576 3263 623 3311 ubi
639 3262 800 3314 Valckensr.

258 3346 366 3397 quoque
381 3333 510 3383 observat
526 3327 573 3380 καλ
591 3324 627 3395 δὴ
641 3331 756 3383 similem
775 3334 800 3383 in

258 3402 366 3453 modum
381 3417 398 3452 a
411 3402 524 3453 Graecis
538 3402 578 3451 sio
590 3402 722 3461 adbiberi,
734 3420 759 3451 v.
776 3420 800 3454 o.

258 3472 332 3536 apud
352 3473 476 3536 Euripid.
491 3471 563 3523 Med.
578 3472 637 3522 386.
664 3472 723 3523 Hel.
739 3474 798 3523 485.

260 3542 339 3604 Quod
350 3558 415 3592 vero
429 3543 464 3592 ad
480 3543 567 3606 ipsam
582 3543 714 3592 Herodoti
727 3560 800 3592 eom·

257 3612 429 3678 putationem
447 3614 557 3672 attinet,
570 3628 657 3674 nemo,
671 3615 718 3677 qui
733 3628 801 3678 quo·

260 3683 339 3733 modo
352 3698 400 3746 per
409 3684 539 3733 orientem
552 3683 686 3732 exereitus
699 3683 733 3732 ed
744 3682 800 3733 bel-

256 3753 311 3803 lum
333 3752 470 3818 proticisci
490 3752 597 3804 soleant
614 3758 642 3800 et
664 3753 799 3816 quoruodo

257 3823 445 3888 expeditiones
471 3823 585 3873 bellicae
609 3823 799 3884 instituantur,

257 3898 372 3955 noverit,
387 3892 540 3955 mirabitur,
555 3907 657 3944 eorum.
671 3893 715 3958 qui
730 3892 799 3941 mlli-

257 3968 299 4015 tes
326 3964 401 4029 ipsos
426 3967 623 4028 sequerentur,
651 3975 799 4024 numerum,

258 4031 432 4097 pedissequos
450 4033 520 4095 dieo,
536 4047 640 4093 servos,
663 4032 799 4089 mulieres,

258 4101 798 4168 reliqnamtnrbam‚militantibusparem

257 4174 364 4223 censeri
379 4188 396 4222 a
414 4178 492 4235 patre
506 4172 646 4221 historiae.
675 4172 746 4234 Quin
760 4178 799 4221 et-

258 4247 377 4293 iamnum
397 4243 523 4293 novimus
539 4241 573 4291 ab
592 4242 654 4292 istis
673 4242 799 4304 gentibue

258 4312 446 4375 expeditiones
464 4311 575 4362 bellicae
594 4310 645 4360 boe
660 4313 738 4362 modo
760 4313 800 4361 in-

853 2218 1044 2268 indicarimus.

983 2392 1049 2442 Car.
1070 2390 1260 2441 CLXXXVII.

887 2489 939 2542 τοῦ
952 2488 1064 2557 Ξέρξεω
1084 2487 1302 2559 στρατεύματος]
1321 2484 1373 2537 lide

851 2563 933 2629 vulgo
953 2565 1174 2630 praeponebatur
1195 2581 1251 2615 vox
1270 2571 1373 2619 oronte

852 2649 949 2698 ματος.
975 2636 1016 2685 Ad
1027 2651 1109 2686 voees
1120 2633 1269 2698 γυναικῶν
1281 2625 1309 2679 δὲ
1320 2638 1373 2676 σιτο-

852 2701 944 2753 ποιιάν
956 2704 1030 2754 soni.
1041 2704 1160 2755 Thomas
1170 2704 1284 2769 Magist.
1295 2716 1319 2764 p·
1332 2693 1372 2746 113·

851 2775 897 2839 qui
910 2789 1004 2825 rocem
1015 2768 1162 2829 σιτοποιὸς
1171 2786 1310 2839 perperam
1318 2767 1372 2842 dtu·

851 2848 914 2903 nat,
933 2860 987 2909 qna
1005 2849 1034 2895 et
1047 2844 1206 2895 Herodotus
1219 2849 1247 2894 et
1262 2833 1371 2901 Thucydi·

851 2913 899 2964 des
913 2915 967 2973 VI,
981 2916 1015 2964 22
1033 2914 1093 2978 (ubi
1108 2913 1164 2964 vid.
1180 2910 1287 2975 Duker)
1302 2905 1371 2958 stlit-

851 2983 932 3049 noph.
950 2982 1017 3048 (rid.
1030 2985 1097 3034 Lex.
1111 2983 1237 3049 Xenoph,
1248 2982 1295 3032 IV.
1308 2994 1330 3042 p.
1339 2974 1369 3023 101

850 3056 893 3104 usi
906 3058 979 3107 sunt.
996 3053 1193 3119 intelliguntur
1208 3054 1237 3103 h.
1250 3051 1268 3103 l.
1282 3049 1369 3098 πκῖλσσ

848 3126 913 3185 pani
922 3124 1073 3186 conficiendo
1081 3132 1228 3185 operantes,
1243 3135 1304 3184 opes
1313 3119 1370 3179 pitu

851 3197 913 3242 rium
925 3202 1056 3251 curantes,
1071 3195 1094 3242 ei
1107 3193 1217 3258 quidem
1234 3188 1305 3256 apud
1317 3188 1369 3235 rste

850 3278 893 3316 ree
915 3263 966 3313 hoo
985 3265 1095 3314 omnino
1116 3265 1150 3312 ad
1165 3263 1369 3312 seminarentur

851 3333 927 3397 gotis
943 3334 1108 3397 pertinuisse
1122 3332 1242 3383 videtur.
1268 3329 1307 3381 Cf.
1319 3326 1369 3373 nott

853 3403 887 3452 ad
915 3402 974 3463 ΙΙΙ,
998 3402 1055 3454 150.
1108 3404 1144 3452 Et
1169 3402 1265 3453 confer
1286 3405 1369 3473 quoudi

851 3472 929 3531 vui,
947 3474 1001 3524 137.
1018 3501 1048 3509 -
1062 3474 1102 3523 De
1114 3473 1218 3522 cunibus
1232 3459 1369 3537 [numid

852 3548 921 3592 nott.
942 3544 977 3593 ad
998 3545 1023 3601 1,
1041 3544 1098 3593 itu.
1118 3542 1175 3592 Pro
1198 3529 1368 3592 τουτείοσδῖἴΙ

851 3606 972 3677 τούτων,
991 3629 1052 3663 oum
1071 3618 1194 3663 neutrum
1210 3612 1262 3662 boc
1279 3608 1330 3657 loco
1341 3615 1368 3679 rr·

849 3683 981 3747 quiratnr.
1000 3683 1039 3732 Ae
1053 3682 1096 3731 vel
1108 3679 1268 3739 οιτοπιὲοιν,
1281 3673 1367 3752 quod·m

851 3753 975 3803 omnibus
989 3751 1168 3807 editionibus.
1180 3756 1305 3817 quantum
1317 3754 1364 3819 ertu.

850 3821 960 3887 legitur,
981 3837 1037 3872 una
1054 3826 1169 3886 excepta
1183 3816 1311 3872 Diodorfii
1326 3807 1365 3886 edt-

850 3893 932 3951 sione,
948 3895 975 3942 in
989 3906 1044 3957 qna
1061 3893 1200 3942 invenitur
1214 3892 1363 3954 οιτοποιεομ

850 3963 993 4013 admodum
1024 3961 1151 4023 offendit,
1183 3962 1211 4010 in
1237 3960 1362 4009 osrossornv

851 4031 1019 4093 mutandum,
1034 4037 1066 4081 ut
1078 4031 1151 4083 inira
1165 4030 1228 4093 vn,
1244 4028 1299 4080 191.
1311 4030 1364 4070 σιια·

850 4102 948 4165 μυριᾶν
962 4092 1092 4151 ὁλκάδων
1108 4105 1282 4153 omnesreote
1293 4092 1361 4145 oded

850 4186 911 4221 erun
926 4173 960 4221 ab
974 4173 1010 4222 iis
1024 4172 1152 4233 vocibus,
1171 4187 1242 4236 quae
1259 4169 1284 4219 in
1296 4165 1360 4222 54²¹·

851 4248 916 4290 eunt
929 4247 956 4292 et
969 4243 1002 4292 ad
1020 4242 1167 4291 secundam
1180 4235 1360 4307 deelinstionsp

851 4312 1005 4374 fleetuntur,
1015 4311 1104 4361 forma
1111 4311 1228 4376 genitivi
1237 4302 1358 4375 pluralium

258 4382 493 4443 stitui,utomnem
502 4381 798 4443 servorum,mnlierum
849 4384 904 4432 miii
917 4383 1006 4433 aliena
1021 4398 1081 4433 ense
1092 4381 1237 4439 videatur,
1255 4384 1282 4429 ut
1294 4376 1358 4423 oster·

259 4455 311 4502 eto.
318 4451 424 4501 turbam
432 4451 799 4516 secumdueantproieoturi3
850 4452 1012 4504 duntallata
1023 4452 1162 4503 aBredov.
1178 4446 1358 4516 peperisset?
