3008 5128
245 360 305 423 146
676 359 945 424 ΗΕΒΟΒΟΤΙ

241 556 358 608 πονσι·
392 544 427 606 ol
446 536 484 605 δέ
503 535 680 625 ἱπποβόται
698 540 873 607 ἐκαλέοντο
893 542 929 606 ol
945 540 1064 627 παχέες
1084 541 1153 607 των
1172 541 1366 609 Χαλκιδέων.

242 639 342 720 ὅσους
364 639 401 709 δέ
416 641 474 709 καὶ
493 638 623 710 τούτων
642 640 849 732 ἐζώγρησαν,
874 638 942 731 ἅμα
960 657 1046 711 τοῖσι
1063 646 1221 710 Βοιωτιόν
1236 646 1366 731 ἐζωγρη-

243 749 372 834 μένοισι
388 743 477 832 εἶχον
496 747 533 813 έν
548 750 701 834 φυλακῇ,
720 749 758 815 ἐν
777 747 895 825 πέδαις
918 743 1093 833 δήσαντες·
1121 745 1230 838 χρόνῳ
1252 747 1287 814 δὲ
1300 754 1367 816 έλυ-

244 849 307 918 σόν
321 871 443 936 σφεας,
467 853 608 938 δίμνεως
627 846 917 939 ἀποτιμησάμενοι.
946 847 1005 930 τόις
1026 849 1063 918 δέ
1076 852 1179 929 πέδας
1192 845 1318 936 αὐτόν,
1337 852 1369 921 έν

243 958 319 1043 τῇσι
334 956 505 1040 ἐδεδέατο,
520 949 751 1043 ἀνεκρέμασαν
764 957 797 1034 ἐς
810 950 872 1042 τὴν
885 948 1085 1041 ἀκρόπολιν,
1102 958 1201 1042 αἴπερ
1215 960 1263 1023 ἔτι
1275 944 1329 1022 καί
1341 958 1370 1035 ἐς
1433 958 1440 975 ’

243 1057 300 1146 ἐμὲ
321 1046 407 1145 ἦσαν
427 1061 636 1147 περιεοῦσαι,
660 1056 864 1149 κρεμάμεναι
884 1061 921 1127 ἐκ
939 1060 1076 1146 τειχέων
1093 1060 1369 1146 περιπεφλευσμέ-

245 1224 353 1274 nomine
374 1223 491 1274 vidimus
509 1225 545 1275 ad
560 1227 599 1287 V,
618 1225 661 1278 30.
680 1254 714 1263 —
735 1218 785 1275 αό-
837 1221 1058 1274 Hemsterbusins
1070 1223 1097 1272 in
1113 1228 1169 1274 not
1184 1223 1219 1273 ad
1231 1222 1258 1273 b.
1270 1221 1288 1272 1.
1313 1223 1369 1273 Duo

242 1296 300 1343 τῶν
319 1300 347 1345 et
363 1287 473 1343 τούτων
487 1295 550 1346 δεδί
569 1312 618 1361 pro
634 1289 743 1345 αὐτέων
759 1301 787 1346 et
836 1292 900 1343 libri
913 1292 1062 1357 διμναίας,
1078 1297 1118 1343 ita
1132 1305 1163 1343 ut
1175 1292 1370 1358 Schweighaeu-

242 1361 375 1414 τουτέων.
837 1377 898 1412 sero
911 1362 1071 1413 Herodotus
1090 1364 1235 1429 scripsisse
1254 1363 1370 1413 videatur

279 1426 310 1482 οί
319 1427 352 1483 δέ
365 1425 523 1498 ίπποβόται
536 1424 684 1484 ἐκαλέοντο
695 1427 723 1482 οἷ
736 1450 787 1483 πα-
837 1428 996 1495 διμναιόνς.
1020 1430 1110 1499 (Apud
1122 1433 1302 1483 Themistium
1314 1448 1369 1498 pag.

244 1499 303 1569 χέες
326 1501 383 1552 τῶν
405 1498 588 1570 Χαλκιδέων]
628 1505 785 1569 „Equidem
837 1502 888 1553 290
896 1503 924 1552 C.
942 1500 980 1567 [p.
997 1501 1062 1566 351,
1082 1501 1371 1567 lb.ldDindorl.]e1·

243 1590 297 1624 nou
311 1575 406 1647 opinor
419 1575 458 1624 sic
477 1574 512 1624 ab
526 1574 667 1625 Herodoto
682 1576 786 1639 potuis·
837 1578 895 1621 atat
916 1568 1069 1635 διμνααίος
1085 1579 1112 1623 et
1132 1573 1278 1637 μνααῖος.)
1305 1573 1369 1622 Neu·

243 1659 273 1694 ec
290 1644 391 1706 scribi,
408 1643 456 1694 sed
472 1645 589 1695 articulo
607 1645 707 1695 omisso
729 1641 786 1693 ίπ-
837 1648 907 1691 trum
929 1656 994 1692 vero
1022 1640 1066 1692 hic
1086 1643 1171 1707 recipi
1197 1657 1299 1707 posse,
1329 1640 1371 1692 sed

244 1704 397 1780 ποβόται
424 1707 463 1762 δέ
488 1703 563 1763 έκαλ.
587 1709 617 1762 οἱ
640 1729 707 1778 παχ.
728 1711 786 1763 τω”ν
837 1726 919 1761 uuum
931 1726 1026 1762 rerum
1040 1716 1068 1761 et
1084 1711 1119 1760 ab
1131 1712 1273 1762 Herodoto
1291 1712 1372 1776 proie-

245 1778 441 1835 Χαλκιδέων,“
475 1783 629 1834 Valcken.
662 1785 740 1846 Quae
759 1801 787 1834 e·
838 1778 1051 1843 σῑωωδίμνεως,
1062 1789 1178 1831 accentu
1191 1781 1371 1844 retracto,do·

245 1854 384 1903 mendatio
415 1853 544 1903 audacior
568 1859 596 1903 et
621 1870 638 1902 a
662 1854 787 1918 vestigiis
838 1849 1086 1902 curruntLobeclr.
1105 1851 1298 1917 adPhryuich.
1314 1866 1369 1916 pag.

245 1939 319 1973 nuuc
332 1922 440 1987 vulgati
453 1928 545 1972 textus
558 1922 667 1988 lougius
680 1925 788 1973 recede·
838 1921 890 1972 554
902 1925 930 1970 et
942 1920 1058 1970 bredov.
1074 1936 1137 1985 pag.
1153 1920 1211 1971 139.
1240 1922 1280 1972 Αδ
1291 1923 1370 1986 ipsam

245 2008 274 2041 re
290 1992 398 2042 videtur
410 1992 469 2042 Hoc
490 2007 535 2041 ero
553 1993 593 2042 ita
610 1991 636 2042 h.
653 1991 672 2041 l.
687 1993 788 2043 consti·
837 2004 893 2039 rem
905 1989 973 2039 bene
988 1990 1311 2056 monotWesacling.,e1
1323 1990 1371 2040 He

245 2062 335 2111 tuenti
348 2050 371 2109 ιδ
379 2076 392 2118 ς
409 2058 426 2108 δ
433 2055 446 2110 ἐ
463 2008 641 2141 [δπποβόται]
659 2053 788 2111 ἐκαλέον-
839 2059 896 2109 τοδ.
910 2058 958 2121 vl,
971 2060 1005 2110 79
1017 2060 1096 2110 binas
1110 2061 1199 2111 minas
1214 2062 1286 2126 apud
1296 2060 1371 2110 Grae·

243 2145 276 2179 το
288 2125 318 2178 οί
328 2125 429 2194 παχέες
443 2128 499 2179 τῶν
511 2127 686 2195 Χαλκιδεων,
703 2132 743 2182 ita
756 2136 788 2182 ut
837 2144 885 2179 cos
896 2128 1014 2181 solemne
1024 2131 1053 2178 in
1064 2129 1187 2194 singulos
1199 2132 1324 2195 captivos
1335 2145 1372 2179 re

244 2215 298 2250 vox
310 2191 466 2265 ίπποβόται
480 2215 513 2250 cx
527 2199 630 2251 scholio
643 2201 786 2251 intextum
838 2198 1004 2262 demptionis
1016 2201 1133 2264 pretium
1149 2201 1248 2253 fuisse.
1277 2200 1316 2250 Ad
1330 2215 1371 2249 uo·

245 2270 390 2334 irrepsisse
415 2270 594 2324 existimetur.
625 2270 687 2320 Vid.
711 2273 785 2322 Actt.
837 2273 923 2318 stram
945 2277 1079 2319 niocetam
1105 2269 1129 2318 si
1150 2270 1335 2331 revocareris,
1358 2284 1371 2317 c

245 2338 485 2405 philollMonacc.
505 2339 560 2390 Ill.
581 2355 607 2404 p.
627 2341 686 2391 495.
717 2340 787 2391 Mihi
838 2338 954 2387 Wurmii
972 2339 1126 2389 rationibus
1146 2345 1227 2389 eruut
1241 2339 1275 2390 86
1285 2338 1371 2389 floreui
1476 2394 1477 2401 χ

195 2418 200 2427 ’
244 2409 356 2474 vulgata
376 2413 517 2474 praestare
534 2409 656 2472 videtur,
683 2411 711 2459 iu
733 2426 787 2476 qua
836 2407 871 2457 δῖ
890 2410 991 2473 crucig.
1013 2408 1072 2457 sive
1090 2410 1123 2459 48
1143 2407 1241 2460 tbeler.
1261 2410 1370 2475 dgross.

245 2494 315 2544 quae
334 2479 370 2528 sit
388 2479 497 2530 articuli
515 2479 572 2542 vis,
602 2479 669 2530 benc
692 2479 787 2530 docuit
836 2476 936 2527 Saxon.
974 2478 1100 2529 AFabio
1118 2478 1255 2542 Maximo,
1276 2490 1306 2529 ut
1325 2478 1371 2527 hoc
1476 2478 1477 2483 ’

243 2548 367 2600 Hertleiu
377 2549 419 2600 iu:
436 2549 593 2601 Observatt.
606 2549 681 2599 critt.
696 2550 786 2601 iulio·
837 2546 949 2609 addam,
963 2548 1098 2598 Romanoa
1113 2549 1148 2597 ab
1160 2549 1315 2599 Hannibale
1333 2562 1372 2596 ca·

243 2619 374 2684 nophout.
388 2618 537 2672 Helleuicc.
547 2619 598 2671 lll.
614 2617 784 2684 (Wertlreim.
835 2623 898 2682 ptos
909 2617 1067 2677 redimente,
1082 2617 1220 2668 dabantur
1229 2620 1263 2668 in
1273 2616 1372 2683 singula

246 2688 323 2753 1845)
336 2704 399 2754 pag.
420 2689 463 2751 16,
474 2689 615 2754 vulgatam
629 2693 656 2739 et
669 2691 676 2738 i
680 2706 728 2755 pse
745 2707 786 2742 re·
836 2687 929 2752 capita
943 2691 1013 2737 teste
1027 2687 1173 2738 Plutarcho
1194 2689 1225 2739 iu
1234 2689 1311 2740 Fabii
1321 2688 1371 2737 vit.

243 2757 382 2808 tinendam
402 2764 493 2816 ratus,
512 2774 592 2823 quam
613 2760 725 2811 eandem
744 2776 786 2811 re·
836 2771 897 2820 cap.
916 2757 931 2805 7
948 2757 1071 2808 ducentae
1085 2759 1267 2824 quinquaqinta
1284 2754 1371 2808 drach·

244 2828 380 2879 cautiores
401 2843 509 2893 quoque
528 2828 589 2878 cdd.
604 2829 784 2882 retinuerunt.
835 2841 911 2884 meet
940 2842 1010 2891 quae
1036 2842 1142 2878 summa
1170 2828 1281 2879 excedit
1308 2841 1372 2886 eam,

279 2888 309 2944 ἐν
327 2894 428 2953 πέδαις
452 2892 608 2962 δήσαντες]
635 2889 665 2946 έν
685 2896 786 2957 πέδαις
854 2909 906 2946 uae
925 2896 999 2961 apud
1014 2898 1134 2949 Graecos
1152 2897 1284 2963 invaluit,
1303 2895 1373 2948 dimi·

243 2981 292 3031 pro
304 2965 378 3031 vulg.
392 2957 420 3023 ἐς
433 2960 522 3022 πέδας
535 2984 549 3017 e
564 2968 702 3018 Saucrelti
713 2968 784 3020 libro
835 2911 880 3014 δίο
893 2968 990 3017 minae.

244 3034 353 3100 alioque
369 3034 429 3085 cod.
444 3037 556 3100 reposui
567 3051 627 3087 cum
642 3037 739 3087 Mattb.
757 3044 786 3090 et
871 3026 1067 3099 ἀνεκρέμασαν
1088 3027 1116 3092 ές
1132 3026 1185 3100 τὴν
1203 3026 1372 3100 ἀκρόπολιν]

244 3103 399 3155 Schacfero.
427 3105 501 3154 Hinc
514 3109 589 3156 recte
603 3121 664 3156 mox
680 3098 715 3155 ἐν
727 3105 786 3173 τῇ.
835 3104 877 3154 Dc
889 3105 1095 3171 praepositione
1108 3098 1149 3161 είς
1161 3105 1226 3156 hnic
1238 3106 1320 3157 verbo
1330 3104 1372 3154 ad·

245 3187 276 3222 σι
292 3165 437 3235 ἐδεδέατο,
453 3179 485 3224 ut
500 3175 528 3237 1,
539 3174 587 3238 66,
605 3175 652 3225 ubi
665 3176 701 3229 ol.
715 3182 784 3229 nott.
836 3173 895 3223 dita
905 3190 959 3225 non
969 3175 1049 3225 aliter
1058 3179 1141 3239 atque
1151 3175 1244 3228 verbis
1253 3174 1371 3235 κεῖσθαι,

243 3244 308 3309 Ipsa
321 3259 385 3294 vero
398 3242 465 3293 haec
476 3243 589 3294 vincula
601 3245 629 3294 in
642 3261 706 3296 arce
719 3245 785 3297 iuis·
836 3239 1022 3308 καθέζέσθᾱῑ,
1048 3244 1111 3294 ῦδῑῑῦ
1131 3244 1166 3295 ef·
1182 3244 1311 3297 Kuehner
1327 3243 1370 3293 Gr·

243 3327 273 3363 se
288 3312 541 3391 suspensa,‚Schol.
556 3315 684 3365 Aristidis
699 3317 786 3367 tradit
836 3316 882 3366 Gr.
902 3317 926 3377 §-
944 3314 1042 3393 desub.
1067 3314 1196 3398 IulrpV,
1215 3315 1250 3365 95
1266 3305 1372 3374 α’νεκρέ-

242 3378 635 3511 έίὲιέέίπῖέῗέῖίέιίέ
648 3385 786 3519 {titii
835 3382 1292 3519 ltt‘t:ittt;tttlt{tb
1305 3380 1372 3517 ,δέ

243 3534 287 3579 τες
302 3515 350 3570 καὶ
365 3512 468 3578 ὁποίας
481 3514 688 3588 ἀπαιτήσοντες
703 3522 786 3584 δίκας
836 3522 888 3581 (ita
900 3523 963 3574 dedi
975 3539 1023 3589 pro
1036 3517 1115 3587 έοαν)
1128 3520 1293 3586 περιεοῦσαι
1305 3521 1372 3574 sirni-

242 3587 291 3640 καί
311 3584 470 3649 Χαλκιδέας
492 3589 544 3655 τῆς
566 3586 655 3659 αὐτῆς
679 3586 785 3659 ἡμέρας
835 3592 873 3642 lia
889 3594 1022 3658 quaedem
1043 3595 1177 3644 excitavit
1192 3591 1324 3644 Valckeu.
1342 3605 1371 3641 ex

242 3654 392 3724 α’νὲθησσὶν
405 3675 434 3709 τε
446 3653 497 3718 soie
509 3655 598 3720 πέδας
609 3652 640 3710 έν
653 3662 689 3730 τῇ
699 3655 784 3726 sinpo-
834 3662 936 3713 Herod.
948 3664 970 3723 l,
980 3664 1023 3714 66.
1038 3663 1077 3725 ῙῙ,
1092 3663 1149 3716 181.
1166 3663 1213 3725 IV,
1226 3664 1284 3715 121.
1299 3659 1371 3721 Vlll‚

241 3724 337 3793 πόλει,
357 3724 404 3788 αίς
420 3727 489 3789 τοὺς
504 3725 699 3795 αἰχμαλώτους
719 3726 783 3799 ἕδη·
835 3732 878 3784 39.
902 3733 972 3786 Δδδ.
990 3731 1080 3784 Schol.
1094 3731 1208 3784 Aristid.
1221 3732 1239 3782 l.
1253 3733 1271 3782 l.

242 3812 310 3862 σαν,
326 3797 373 3850 καὶ
391 3797 516 3865 χαλκοῦν
534 3797 699 3865 τέθριππον
712 3793 784 3854 όπό·
864 3793 893 3850 la
904 3795 1017 3866 τειχέων
1028 3801 1314 3867 περιπεφλευσμένων
1322 3816 1370 3849 πο·

241 3882 316 3918 τισιν
330 3867 387 3918 τεόν
402 3862 518 3932 λύτρων.
546 3873 624 3934 Quae
636 3873 730 3923 eadem
745 3878 785 3923 et·
835 3866 874 3937 cl]
886 3871 1370 3939 Moeniaiutelligitadastaipue‚uam

242 3941 296 3989 iam
309 3941 484 4003 proferuntur
496 3956 521 4003 p.
535 3941 696 3993 aes—Ad
711 3944 784 3994 dati·
835 3943 945 3993 averbu
962 3939 1126 4007 περιφλεόω
1139 3942 1247 3994 ducitur
1261 3953 1358 4005 περιπε
1473 3974 1474 3979 =

241 4024 303 4060 vum
317 4002 410 4075 χρόνῳ
423 4009 457 4060 cf.
478 4010 531 4073 111,
548 4008 589 4061 13.
834 4009 1033 4076 φλινσμένων,
1047 4012 1119 4077 quod
1133 4013 1230 4067 Pauw.
1242 4017 1369 4063 mutatum
1473 4010 1474 4015 ’

284 4075 405 4139 δίμνεως
426 4069 694 4146 ἀποτιμησάμενοι]
720 4081 738 4134 i.
758 4099 782 4134 e.
833 4080 931 4133 rualuit
943 4077 1259 4146 ἰαπεριπεφλνσμένων,
1274 4081 1371 4133 obllri·

240 4163 284 4199 cos
303 4148 448 4197 dimismcnt
468 4149 532 4199 biuia
551 4151 622 4200 πιένίτ
640 4153 783 4203 aestimatos
834 4151 960 4217 stophan.
976 4153 1046 4204 Nub.
1063 4152 1131 4214 395,
1152 4151 1200 4203 ubi
1217 4142 1369 4215 περιφλύει.

240 4233 264 4269 s.
272 4219 450 4280 redemptionis
455 4222 540 4282 pretio
548 4218 784 4271 binaramodnorum
834 4222 898 4273 Sine
912 4223 1089 4288 instassent,
1103 4222 1208 4288 opinor,
1219 4238 1279 4273 cum
1289 4222 1370 4271 Hero-

239 4289 389 4350 ίπτίαμιιίοτ
408 4291 549 4339 murdrum.
584 4284 704 4351 διμνέως
724 4291 782 4355 plu·
833 4292 914 4342 dotus
927 4292 1370 4358 eandeminbocverbosequatur

239 4357 412 4409 resederunt
426 4359 520 4422 codd,
541 4356 611 4409 uude
625 4358 721 4409 Pollux
732 4361 782 4425 IX,
833 4364 967 4413 rationem
990 4368 1074 4430 atquc
1091 4364 1121 4415 in
1139 4363 1223 4414 verbo
1239 4352 1368 4420 κελεύειν,

239 4426 273 4477 65
296 4428 367 4478 citat
389 4424 509 4493 δίμνως,
543 4427 614 4495 (μιοδ
639 4432 782 4496 proposuit
832 4433 909 4486 cuius
923 4432 1073 4499 perlectum
1092 4433 1199 4501 passivi
1217 4433 1279 4500 pari
1292 4430 1367 4483 modo
1472 4494 1473 4501 χ
