3048 5130
233 361 293 422 176
664 356 934 421 HERODOTI

230 537 375 623 χιαδὲων
394 530 459 621 γὰρ
472 527 584 612 οὐδεὶς
606 529 708 622 ἤθελε
722 537 843 623 χῆμαι,
864 543 948 621 ίσχει
963 526 1131 601 Ἠετίωνὸ
1148 527 1370 620 Ἐχεκράτεος,

231 638 338 727 θήμου
351 637 413 725 μὲν
434 632 470 705 ἔκ
484 638 615 725 Πέτρης
629 632 713 721 ε’ὠν,
738 634 820 726 ἀτὰρ
838 633 878 705 τὰ
901 633 1071 706 ἀνέκαθεν
1084 643 1241 723 Λαπίθης
1255 660 1292 702 τε
1310 636 1371 703 καὶ

230 746 427 828 Καινείδης·
457 735 493 809 ε’κ
509 744 548 809 δέ
560 744 595 809 oi
611 738 731 829 ταύτης
745 745 801 828 της
815 738 974 827 γυναικὸς
987 734 1064 808 οὐδ’
1080 736 1114 822 ἒξ
1127 736 1227 827 ἄλλης
1247 742 1371 818 παῖδες

230 938 297 1060 χείω
314 930 432 996 dosside·
455 929 504 988 διὰ
518 934 603 987 τοῦτο
619 934 668 989 sni
680 929 773 1006 Λύμβ·
822 940 860 988 At
873 941 919 989 vix
931 939 1013 989 olium
1029 938 1074 989 hic
1096 937 1212 1003 intelligi
1226 952 1307 1004 posse
1324 953 1370 987 re-

249 992 360 1075 e'(s1ii
384 1011 532 1074 scriptores
559 1002 673 1075 Λάβδα,
699 1008 771 1075 quod
821 1009 1066 1074 gionemcredem,
1085 1025 1166 1074 quem
1182 1023 1251 1072 quse
1268 1007 1335 1057 inde
1351 1023 1369 1058 ι

230 1081 301 1131 idem
329 1078 389 1143 est)
416 1071 540 1127 ἐκαλεῖτο
570 1069 589 1142 ἡ
618 1070 689 1143 γυνη
719 1073 771 1142 μὲν
822 1079 1023 1130 Cenchrcerum
1041 1092 1123 1143 portu
1139 1079 1262 1127 sdmere
1278 1079 1370 1143 porri-

225 1142 389 1213 Ἠετίωνος,
409 1140 502 1212 μήτηρ
519 1141 550 1196 δὲ
566 1142 701 1211 Κυψέλου
719 1144 772 1197 τοῦ
822 1150 897 1214 gitur
916 1164 965 1199 ors
979 1147 1133 1212 Argolidem
1155 1162 1265 1208 versus,
1288 1149 1369 1198 sexis

232 1217 383 1281 Κορίνθου
398 1210 551 1281 τυράννου.
572 1218 640 1267 Nem
658 1220 688 1268 in
700 1220 772 1268 elcu-
821 1219 978 1283 praeruptis
999 1216 1134 1282 celsisque
1147 1219 1262 1267 maxime
1277 1217 1369 1282 reple-

230 1292 280 1340 dne
293 1288 389 1338 metris
402 1287 539 1338 mentione
553 1288 693 1338 tessererii
706 1288 771 1352 quid
821 1292 861 1351 te,
874 1294 905 1337 ut
919 1294 1030 1337 nostrae
1043 1302 1149 1352 quoque
1165 1286 1266 1338 setetis
1288 1302 1368 1350 pere-

229 1360 338 1410 videtur
348 1359 453 1414 inesse,
467 1357 501 1406 de
516 1371 568 1422 quo
583 1356 639 1408 vid.
652 1362 722 1409 nott.
735 1359 769 1417 V,
820 1360 973 1423 griuetores
1000 1361 1123 1407 uerrunt.
1152 1357 1256 1406 Petrum
1272 1357 1369 1406 vicum

229 1428 274 1479 ⁰2.
288 1432 312 1493 5.
330 1430 355 1479 o.
382 1425 423 1477 Cf.
439 1427 521 1475 etism
533 1425 567 1476 de
585 1425 636 1477 hoc
653 1427 770 1489 nomine,
820 1430 849 1477 iu
862 1433 992 1477 montone
1005 1426 1187 1476 Tenestsrnm
1200 1427 1310 1490 regione
1328 1428 1369 1475 si-

230 1514 300 1564 quee
321 1496 434 1563 protulit
454 1495 625 1547 Hemseher:
653 1496 769 1549 Miscell.
820 1503 878 1547 tum
891 1497 979 1547 videri
993 1501 1085 1546 mouet
1099 1495 1224 1545 Curtius:
1242 1496 1297 1544 Der
1310 1497 1371 1547 Pc-

229 1569 375 1620 Phoenice.
389 1582 451 1632 psg.
467 1564 510 1617 33.
819 1566 960 1633 loponnes.
981 1566 1018 1616 11.
1041 1581 1101 1630 pag.
1118 1564 1179 1616 597.
1196 1590 1232 1600 -
1247 1564 1279 1614 Si
1297 1579 1367 1615 vero

264 1631 371 1701 ταύτην
390 1662 424 1673 -
444 1635 515 1699 ίσχει
531 1624 648 1682 Ἠετίων
666 1625 770 1699 ὀἘχε·
820 1635 935 1700 Lapithes
947 1640 974 1686 st
989 1635 1100 1685 Caenida
1113 1634 1286 1693 inithdtion,
1298 1649 1368 1684 con-

230 1705 356 1774 κριίτεος]
381 1709 501 1767 Puncto,
520 1703 591 1769 quod
607 1703 689 1769 vulgo
707 1708 771 1770 post
820 1721 937 1771 sequens
947 1710 989 1756 est
1000 1712 1106 1770 petrem
1120 1711 1169 1754 sut
1183 1719 1263 1754 suum
1276 1703 1367 1755 hebu-

230 1778 298 1828 hsce
310 1776 394 1829 verbe
404 1777 528 1841 ponitur,
540 1771 629 1823 deleto
638 1775 769 1825 minorem
820 1776 875 1827 isse
888 1774 1035 1835 Caeneum,
1049 1774 1095 1839 qui
1107 1773 1260 1824 Pirithoum
1273 1775 1303 1822 in
1314 1789 1369 1839 pu·

231 1847 422 1901 substituimus
448 1844 660 1895 distinctionem.
697 1839 770 1908 ίοχει
820 1860 876 1911 gne
893 1859 954 1895 cum
973 1844 1117 1894 Centouris
1141 1842 1265 1904 adiuvit,
1290 1849 1368 1894 teste

230 1917 304 1967 velet
324 1918 477 1966 siaonnonio
495 1913 545 1964 eibi
562 1914 657 1973 τ’ωιτίί,
678 1915 769 1969 tenuia·
819 1915 938 1965 Peusun.
952 1916 986 1977 V,
1000 1912 1043 1963 10.
1056 1916 1080 1976 ξ.
1096 1914 1123 1962 P.
1147 1913 1197 1962 Est
1209 1917 1318 1976 eutem,
1333 1920 1368 1964 ut

231 1993 262 2036 nt
278 1986 336 2048 111,
354 1984 396 2035 31.
426 1985 487 2035 Alio
506 1997 588 2033 seusu
609 1982 642 2032 de
658 1983 769 2033 muliere
818 1984 918 2049 Heynii
940 1990 1002 2033 utor
1024 1982 1114 2032 verbis
1135 1980 1307 2046 (Observntt.
1327 1984 1368 2034 ud

229 2056 344 2121 gravide
358 2044 431 2118 ἔχειν
444 2054 477 2115 V,
488 2055 522 2104 41
536 2051 599 2103 coll.
611 2051 664 2114 Ill,
678 2051 712 2103 82
724 2053 769 2102 tiu.
819 2053 976 2119 Apollodcr.
991 2054 1004 2102 1
1012 2088 1019 2111 ,
1032 2052 1060 2115 9,
1077 2052 1118 2104 lo.
1132 2067 1196 2132 pag.
1213 2050 1258 2117 73)
1271 2052 1367 2103 nobile

231 2152 264 2161 —-
283 2125 375 2175 Aetion
392 2115 515 2186 (Ἀετίων
534 2123 606 2173 enim
623 2120 723 2172 dicitur
740 2123 770 2171 in
819 2138 917 2173 nomen
928 2123 1041 2173 Caeneus
1058 2120 1221 2186 (Koressos),
1238 2121 1314 2172 Eleti
1333 2122 1366 2172 ti·

230 2196 395 2260 Fregmento
408 2192 496 2244 Nicol.
517 2193 680 2241 Damascen.
699 2190 718 2241 l.
737 2190 769 2256 l.)
818 2191 888 2251 lius;
906 2206 986 2258 quem
1001 2206 1056 2242 uns
1067 2206 1127 2240 cum
1141 2190 1307 2256 Polyphemo
1320 2193 1366 2242 in·

230 2263 307 2315 hicce
319 2262 534 2314 Becchiuderum
547 2261 582 2311 sd
593 2268 711 2325 gentem,
723 2275 769 2325 pe·
821 2266 861 2314 ter
875 2261 1024 2326 superioris
1038 2262 1139 2311 netotis
1150 2260 1248 2310 heroes
1260 2261 1365 2311 Nestor

230 2350 278 2385 nes
292 2349 372 2400 quom
385 2339 443 2382 tum
454 2332 584 2396 temporis
599 2345 704 2380 summe
722 2346 770 2395 po·
820 2333 927 2382 invenie
942 2331 1057 2391 videret,
1070 2330 1260 2380 testeHonrsr.
1275 2329 1322 2380 Ili.
1339 2331 1364 2394 1,

231 2409 318 2456 testes
342 2406 370 2452 in
383 2418 414 2453 re
433 2401 544 2468 publico
557 2398 768 2463 Corinthiorum,
820 2402 886 2464 264,
901 2401 948 2451 ubi
960 2401 1034 2451 coni.
1051 2397 1143 2451 Schol.
1170 2399 1223 2462 Qui
1236 2398 1364 2450 Caeneus

229 2474 302 2525 hend
321 2473 463 2538 pertinuit,
481 2485 569 2537 neque
587 2485 651 2519 vero
676 2468 771 2520 humili
820 2468 1139 2535 cumipseLepithsrum
1152 2485 1166 2519 e
1180 2471 1265 2533 stirpe
1278 2475 1364 2533 esset,

230 2546 317 2609 stirpe
330 2549 413 2594 ustus
430 2547 505 2601 eret,
525 2541 572 2591 sed
590 2555 676 2604 genus
688 2540 770 2590 duce·
819 2546 943 2605 spperet,
957 2535 1213 2603 νοοειΚαινείθης
1226 2539 1365 2604 epudHe-

230 2616 278 2666 bnt
289 2629 321 2664 ex
330 2613 522 2678 antiquissime
531 2618 621 2675 gente,
628 2625 697 2675 quse
708 2610 771 2659 stir-
818 2611 944 2661 rodotum
959 2611 994 2659 nd
1007 2610 1207 2659 accuratiorem
1220 2610 1319 2673 stirpis
1338 2625 1362 2662 s.

230 2686 272 2750 pis
291 2684 477 2747 generositate
496 2685 523 2731 et
542 2678 687 2730 nobilitate
701 2680 770 2729 Bsc·
819 2678 941 2731 lemniae
959 2679 1128 2728 notationem
1148 2694 1208 2730 esee
1229 2678 1363 2727 additum.

230 2753 337 2804 chisdis
350 2752 462 2802 inferior
474 2749 589 2800 indicari
601 2749 711 2814 nequit3
731 2754 770 2798 et·
820 2752 910 2814 Atque
930 2749 992 2798 iude
1011 2748 1140 2812 colligere
1156 2747 1265 2799 videtur
1279 2748 1311 2798 C.
1328 2747 1363 2798 0.

230 2822 301 2873 enirn
314 2822 384 2871 inter
397 2822 512 2871 maiores
523 2818 634 2880 hebuit,
648 2824 679 2868 nt
693 2818 728 2868 ed
743 2819 770 2868 h.
819 2818 941 2870 Mueller.
959 2818 1024 2868 Dor.
1043 2818 1064 2868 1.
1078 2832 1141 2883 png.
1159 2817 1208 2880 85,
1222 2818 1316 2882 prisco
1329 2833 1364 2867 ex

230 2891 248 2944 l.
260 2889 556 2953 annotaswesseling,
566 2888 710 2951 Melsnem,
723 2890 771 2954 qui
819 2896 940 2953 tempore
953 2887 1078 2938 Corinthi
1090 2888 1146 2936 iem
1163 2887 1249 2938 inisse
1263 2892 1365 2952 gentes

230 2975 358 3010 nuscum
372 2959 450 3009 Alete
463 2958 620 3008 Corinthum
638 2972 771 3022 occupes·
818 2958 924 3009 nobiles
936 2963 1017 3024 etque
1031 2957 1163 3021 insignes,
1179 2972 1248 3022 quse
1265 2957 1364 3007 Dorici
1469 2980 1470 2997 2

230 3045 260 3079 se
272 3029 373 3090 fertur,
393 3034 464 3079 teste
476 3029 594 3078 Peucen.
607 3026 651 3087 ll,
666 3028 691 3076 4.
710 3030 735 3090 §-
752 3029 769 3078 4
818 3028 925 3095 generis
940 3028 1050 3077 minime
1067 3026 1178 3085 suerint,
1191 3028 1239 3078 sed
1249 3025 1364 3077 aliunde

230 3098 292 3150 coll.
307 3100 345 3161 V,
364 3097 404 3147 18.
418 3101 443 3161 ξ.
459 3099 484 3145 2.
509 3098 599 3160 Atque
610 3094 702 3145 Aletes
716 3097 771 3160 pri·
820 3100 966 3163 ingressae.
992 3123 1026 3132 -
1050 3096 1103 3146 Pro
1128 3095 1201 3162 vulg.
1216 3093 1364 3158 Καιοίθης
1469 3090 1470 3123 ³

230 3184 302 3218 mum
311 3166 420 3233 Cypseli
434 3170 542 3233 gentem
557 3164 667 3214 oraculo
677 3164 769 3215 selmo·
818 3168 917 3217 Aldine
930 3171 958 3219 et
970 3166 1023 3216 duo
1034 3166 1136 3216 Periss.
1152 3165 1231 3218 codd.
1245 3161 1362 3214 Καινεί-

230 3238 305 3288 nitus
319 3239 346 3286 in
357 3237 449 3287 urbem
463 3236 584 3301 recipere
595 3233 695 3296 uoluit,
706 3240 769 3300 post
819 3235 881 3301 8ης,
898 3236 970 3301 quod
981 3235 1082 3286 stridet
1095 3235 1226 3301 Apetrio,
1237 3250 1299 3285 cum
1314 3234 1363 3284 de-

230 3323 295 3358 vero
308 3304 413 3358 croculi
424 3307 483 3356 sive
494 3309 634 3355 immemor
650 3304 709 3354 sive
723 3320 768 3354 ne·
818 3307 933 3358 scendet
945 3323 962 3356 e
978 3306 1118 3370 primitivo
1130 3298 1264 3360 Καινεύς.
1292 3304 1362 3354 lude

229 3377 334 3443 gligens
343 3392 402 3427 eam
411 3377 524 3441 recepit,
534 3388 604 3439 quee
613 3373 700 3440 ipsius
707 3374 769 3425 Alc·
818 3380 934 3427 recentt.
948 3376 1007 3427 edd.
1022 3374 1074 3425 hoc
1093 3380 1269 3440 receperunt,
1290 3389 1360 3439 qnos

230 3454 276 3497 tee
293 3456 417 3512 posteros
440 3446 504 3496 dein
524 3445 636 3508 imperio
656 3443 766 3496 deiecit.
818 3461 850 3497 eo
864 3447 950 3512 msgis
966 3449 1077 3495 secutus
1092 3459 1166 3509 sum,
1183 3443 1256 3508 quod
1274 3458 1360 3507 supr-s

230 3515 272 3569 Cf.
287 3516 316 3567 O.
332 3517 364 3569 0.
379 3514 501 3566 Mueller.
517 3515 582 3564 Dor.
602 3513 623 3562 1.
643 3528 706 3579 peg.
722 3515 767 3564 87.
817 3517 851 3578 V,
864 3517 897 3566 eo
910 3512 1044 3564 Neieidns
1061 3529 1168 3580 qnoque
1180 3513 1281 3578 legitur
1292 3514 1360 3563 slie-

265 3578 422 3650 θημουμέν
438 3575 467 3634 ἐκ
486 3581 597 3647 Πέτρης
609 3574 678 3645 ἔων,
695 3577 766 3646 ἀτὰρ
818 3601 870 3650 que
882 3582 1036 3635 huiusmodi
1051 3583 1129 3648 pluro
1150 3589 1298 3634 occurrunt
1313 3597 1359 3633 no·
1467 3604 1469 3611 ⁴

228 3652 264 3706 coi
280 3650 423 3706 ἀνέκαθεν
435 3651 571 3716 Λαπίθης
587 3665 616 3701 τε
635 3649 682 3703 καὶ
697 3653 766 3703 Κατ·
817 3656 901 3716 minu,
914 3669 983 3719 quse
995 3653 1105 3705 exbibet
1119 3653 1237 3705 Bredov.
1253 3668 1280 3717 p.
1300 3652 1357 3705 190.

230 3722 342 3790 νείθης]
375 3724 427 3775 His
444 3722 534 3774 verbis
550 3722 665 3772 indicari
685 3727 768 3788 putet
852 3716 881 3773 ίκ
895 3720 927 3773 δὲ
945 3716 974 3773 oi
986 3717 1091 3787 ταύτης
1109 3720 1162 3786 τῆς
1180 3716 1318 3785 γυναικὸς
1332 3737 1358 3771 α.

229 3793 418 3845 Wechsmnth.
442 3793 549 3844 Hellen.
569 3792 765 3847 Alterthumslr.
816 3807 840 3841 τ.
858 3792 882 3844 l..
928 3793 1081 3844 Dicendum
1096 3793 1206 3859 proprie
1225 3790 1313 3843 inim
1329 3781 1358 3840 ἔτι

229 3864 265 3914 ΙΙ.
279 3881 305 3929 p.
317 3864 368 3916 393
382 3879 455 3928 ατη,
470 3879 523 3928 quo
533 3867 690 3927 contemptu
702 3862 766 3912 olim
817 3856 850 3912 δέ
867 3876 895 3912 οι
919 3854 999 3911 οὐδὲ
1029 3855 1134 3924 ταύτης
1150 3858 1201 3926 τῆς
1223 3853 1359 3924 γυναικὸς

228 3934 332 3984 rustice
346 3935 405 3983 vitu
415 3935 565 3997 rusticique
579 3932 700 3983 homiues
719 3932 766 3981 hu·
818 3922 893 3981 οὐδ’
906 3921 935 3992 ἐξ
948 3923 1035 3995 ἄλλης
1048 3928 1149 3987 παῖδες
1161 3923 1301 3995 ἐγίνοντο,
1313 3931 1358 3981 ob·

229 4004 281 4053 biti
298 4002 415 4065 inerint,
430 4017 489 4052 cnm
509 4001 765 4067 npndDoresopti-
817 4007 910 4053 servet
927 4000 1148 4067 Schweigheeus.
1185 4000 1227 4050 Tu
1245 4000 1301 4050 vid.
1325 3999 1357 4049 de

229 4071 590 4124 metssnrhsetrusitosibi
604 4078 766 4137 opponetur,
817 4073 918 4122 omissa
938 4073 966 4121 in
985 4072 1070 4136 priori
1095 4070 1214 4121 membro
1236 4070 1358 4133 porticu·
1467 4112 1468 4127 ,

228 4148 260 4193 ot
273 4145 301 4192 in
315 4141 364 4193 ills
377 4141 479 4192 domini
488 4141 551 4205 ipsi,
563 4141 651 4191 inhoe
661 4142 766 4206 perine·
816 4141 844 4190 le
861 4140 980 4206 negandi
998 4155 1068 4206 quse
1086 4141 1207 4191 citentnr
1226 4153 1243 4187 s
1256 4137 1355 4189 Metth.

229 4212 255 4262 ci
267 4211 393 4262 habitere
406 4211 541 4261 dicuntur.
571 4211 612 4261 De
632 4226 699 4261 voce
716 4207 765 4274 δή·
816 4207 1355 4275 Gr.Gr.§.600.p.12·27etebhpetsio

228 4295 284 4347 μου
297 4282 369 4333 coni.
385 4285 455 4330 nott.
470 4280 504 4330 sd
516 4281 575 4344 111,
588 4280 622 4331 55
636 4284 664 4330 et
684 4281 717 4330 ed
730 4273 765 4328 τὰ
815 4280 850 4330 ed
859 4279 984 4344 Euripid.
997 4278 1138 4332 Phoeniss.
1149 4278 1210 4330 892.
1221 4293 1285 4343 peg.
1297 4277 1354 4328 171.

226 4344 370 4402 ἀνέκαθεν
383 4354 452 4401 nott.
471 4349 612 4413 edv,ee.
647 4349 689 4399 De
703 4349 763 4414 ipso
815 4348 857 4400 Ci.
874 4348 1182 4409 etismflerod.1,2lo.
1209 4347 1234 4398 N
1309 4363 1354 4397 eu·

228 4421 323 4474 Petrae
343 4422 405 4474 sico
425 4419 493 4472 nihil
512 4417 602 4489 reperi
623 4418 762 4470 traditum.
814 4434 860 4470 sus
872 4423 926 4470 eet:
951 4434 1030 4485 seque
1042 4435 1077 4468 τα
1087 4417 1263 4482 tocmulierc,
1293 4430 1354 4485 ερατ
