3052 5134
491 417 672 479 ERATO.
694 417 748 478 VI.
769 425 923 481 llll—iil.
1209 413 1270 475 397

130 590 269 679 ὕστεροι
286 592 324 661 δὲ
333 588 531 680 ἀπικόμενοι
542 597 600 680 τῆς
615 597 784 680 συμβολῆς
799 594 966 679 ἱμείροντο
976 584 1065 677 ὅμως
1078 588 1271 677 θεήσασθαι

130 695 213 777 τούς
226 697 386 784 Μήδους,
402 696 559 775 ἐλθόντες
573 696 610 764 δὲ
626 698 658 774 ἐς
672 693 732 762 τὸν
743 697 946 781 Μαραθῶνα
960 692 1160 780 ἐθεήσαντο·
1189 692 1271 781 μετά

132 801 172 869 δὲ
194 803 363 881 αἰνέοντες
392 798 593 887 Ἀθηναίους
620 800 676 867 καὶ
695 795 733 868 τὸ
754 805 854 886 ἔργον
874 794 987 865 αὐτῶν
1015 793 1269 866 ἀπαλλάσσοντο

131 902 255 973 ὀπίσω.

213 1012 339 1095 Θώυμα
355 1008 395 1074 δέ
405 1032 479 1093 μοι,
501 1005 557 1073 καὶ
571 999 633 1071 οάιι
650 1004 827 1091 ένδίκομαι
840 1000 900 1071 τὸν
915 1000 1032 1089 λόγον,
1049 998 1335 1092 ’Aimoniai-12¹
1382 998 1388 1009 ’
1435 1016 1437 1021 ’
1503 1014 1506 1021 ’

131 1116 197 1191 δας
211 1107 255 1178 ἀν
269 1136 345 1180 κοτε
360 1106 517 1189 ἀναδέξαι
532 1107 682 1195 Πέρσῃσι
701 1110 738 1176 ἐκ
751 1105 966 1195 συνθήματος
979 1103 1123 1193 ἀσπίδα,
1145 1114 1267 1195 picolo-

130 1218 259 1304 μένους
277 1209 344 1282 ὑπὸ
364 1211 567 1300 βαρβάροισί
583 1237 619 1279 τε
641 1209 728 1280 εἶναι
752 1208 954 1298 Ἀθηναίους
980 1211 1036 1278 καί
1060 1206 1127 1280 ὑπὸ
1149 1208 1270 1299 Ἱππίῃ,

131 1323 260 1399 οἵτινες
273 1323 402 1406 μᾶλλον
420 1311 440 1404 ή
456 1311 578 1403 ὁμοίως
590 1322 722 1404 Καλλίῃ
736 1318 783 1406 τῷ
797 1320 1010 1398 Φαινίππου,
1028 1309 1218 1383 Ἱππονίκου
1233 1315 1269 1383 δὲ

131 1423 238 1515 πατρὶ
245 1472 255 1508 ,
278 1427 456 1509 φαίνονται
476 1417 713 1508 μισοτύραννοι
733 1417 853 1496 ἐόντες.
891 1423 1040 1503 Καλλίης
1059 1443 1095 1485 τε
1109 1415 1174 1505 γὰρ
1187 1423 1269 1506 pori-

170 1610 509 1683 r‘r'otepordioimndpsror]
526 1619 679 1684 Spartanos
727 1619 769 1669 his
798 1617 1034 1683 persuadeamus“
1070 1616 1171 1682 (verba
1205 1625 1270 1668 sunt

131 1694 284 1744 advenisse
306 1686 341 1756 τῇ
357 1679 492 1755 ὑστεραίᾳ
511 1687 562 1751 τής
586 1686 678 1754 μάχης
729 1687 946 1752 Waardenhurgi
959 1688 1002 1736 De
1016 1688 1113 1737 nativa
1126 1687 1268 1752 simplicit.

131 1762 219 1814 Plato
233 1760 318 1811 tradit
331 1763 359 1809 in
372 1760 479 1811 Menex.
491 1773 517 1822 p.
533 1758 585 1808 240
596 1760 624 1820 (2,
648 1767 679 1809 ut
729 1758 861 1809 Herodot.
879 1773 907 1823 p.
928 1755 1000 1819 200).
1038 1757 1153 1809 Videtur
1176 1763 1268 1807 sutem

133 1828 447 1893 ohservstWesseling.
477 1828 518 1877 Ad
535 1826 597 1878 τόν
615 1828 681 1878 Μα-
728 1828 776 1878 illa
788 1827 944 1878 criminatio
959 1825 1071 1877 multum
1085 1828 1157 1892 apud
1172 1827 1269 1893 vulgus

133 1899 260 1965 ραθιδνα
270 1899 343 1952 conl.
352 1904 421 1951 nott.
430 1898 465 1948 ad
473 1897 520 1959 Vl,
536 1898 594 1950 102.
615 1900 679 1949 hlox
729 1903 885 1963 propagata
898 1897 982 1947 inisse
993 1898 1122 1962 gentique
1133 1897 1269 1948 nobilissi-

132 1972 268 2024 rorocsvi
281 1964 443 2025 αίνέοντες,
457 1972 488 2017 ut
504 1967 627 2034 plerique
642 1969 680 2019 ic·
730 1984 789 2018 mac
803 1967 935 2018 invidiam
950 1967 1089 2028 attulisse,
1107 1983 1189 2032 quern
1205 1982 1269 2017 eon·

133 2048 205 2093 runt
231 2040 296 2090 libri
324 2053 373 2103 pro
403 2031 579 2101 dividuntor,
606 2039 680 2103 qnod
730 2038 801 2100 dorn,
816 2037 933 2103 opinior,
946 2037 1267 2156 tangitPindarusPyth.

133 2111 303 2164 Schseierus
314 2108 437 2170 retinuit,
447 2106 680 2174 quodqueprobat
729 2109 783 2158 Vll
803 2107 849 2156 flu.
884 2100 917 2155 τδ
940 2098 967 2153 δ’
1010 2121 1130 2171 χννμαι,
1151 2104 1268 2170 φθόνον

134 2184 182 2233 vir
197 2181 295 2231 doctus
309 2181 336 2228 in
353 2178 415 2229 Jen.
429 2178 499 2227 Litt.
514 2179 583 2228 Zoit.
601 2178 678 2229 1811.
729 2170 915 2243 ἀμειβόμενον
933 2169 966 2224 roi
984 2168 1056 2225 ναλά
1076 2171 1143 2242 ἔργα
1162 2191 1188 2226 κ.
1203 2193 1227 2229 τ.
1244 2177 1268 2229 λ.

136 2269 181 2302 nr.
201 2253 257 2301 lut.
270 2263 332 2315 pag.
350 2246 411 2298 tro.
729 2246 1270 2311 ludequoqueHerodotusvideturDshl-

731 2332 829 2367 manno
843 2315 986 2381 (Herodot.
1003 2333 1030 2382 p.
1043 2315 1087 2379 58)
1101 2317 1185 2379 iniis,
1198 2333 1268 2382 quae

321 2385 388 2472 '⁰³¹2-
405 2418 502 2470 cm·
730 2386 1182 2521 lilililinihill‘lisli
1197 2402 1269 2507 illi

175 2525 282 2590 Θαῑνμα
292 2518 325 2575 δέ
334 2537 393 2588 μοι,
405 2519 452 2572 καὶ
465 2515 517 2571 οὐκ
530 2512 679 2587 ίνδὲκομᾱι
730 2526 862 2577 stratidas
871 2525 1098 2591 inriditodioque
1104 2529 1268 2590 prementem

136 2590 301 2661 τὸνλόγον]
320 2593 592 2658 'l'sngitlierodotea
606 2591 680 2643 Plut.
730 2611 829 2660 sparsa
849 2594 960 2645 fuerint.
990 2595 1123 2660 Equidem
1146 2595 1269 2645 Herodo-

139 2670 179 2720 ll.
201 2682 226 2731 p.
242 2667 293 2717 862
314 2666 338 2713 Ε
353 2679 397 2738 pq.
421 2662 523 2712 Eadem
550 2662 607 2712 sere
631 2663 680 2725 Vl,
731 2672 788 2717 turn
804 2665 889 2727 iniis,
904 2665 1011 2729 quoeh.
1028 2664 1044 2713 l.
1066 2665 1153 2714 tradit
1165 2670 1193 2714 ot
1206 2680 1268 2715 oon·

141 2738 207 2789 123:
222 2735 328 2798 θώνμα
341 2749 382 2810 ων
393 2746 452 2796 μοι,
462 2727 511 2780 καὶ
521 2723 557 2780 ον’
569 2730 681 2795 novole·
730 2735 917 2787 saltotradere
925 2734 1041 2797 videtur,
1053 2735 1082 2785 id
1093 2749 1186 2797 unum,
1196 2735 1268 2800 quod

139 2822 191 2873 μαι
203 2798 400 2870 τήνδιαβολην
416 2817 442 2853 ιι.
455 2818 479 2855 τ,
497 2802 531 2864 λ,,
545 2807 681 2866 quoutro-
730 2821 823 2857 verum
835 2811 885 2863 est,
902 2811 1025 2855 secutum
1039 2804 1268 2855 ossecredames-

140 2893 195 2943 que
212 2878 274 2926 loco
293 2874 380 2924 Gsisi.
399 2872 513 2923 dederat
528 2869 630 2935 θῶμα,
650 2878 681 2922 nt
731 2890 782 2941 que
797 2876 830 2925 de
839 2890 923 2925 cansa
934 2875 1106 2938 potissimum
1120 2873 1267 2926 adductura

140 2944 271 3008 v1,'117.
297 2943 402 3008 Insigni
426 2958 491 2993 vero
517 2941 679 2992 documento
731 2945 884 3007 esseillurn,
900 2950 932 2994 ut
945 2945 1045 2995 famam
1056 2946 1127 2994 inter
1139 2943 1267 3010 populum

141 3017 219 3066 hicce
234 3014 320 3077 locus,
338 3027 419 3078 quam
434 3016 564 3062 accurate
583 3012 611 3061 in
624 3013 680 3063 sin·
730 3030 865 3079 sparsam,
883 3014 1085 3065 Alcmaeonidis
1105 3015 1268 3065 invidiosam

140 3087 208 3152 gula
220 3086 320 3136 Noster
334 3082 499 3148 inquisierit,
520 3081 591 3131 salsa
606 3097 623 3131 a
634 3096 680 3131 ve·
729 3085 804 3135 illam
816 3084 935 3150 quidam,
952 3084 1088 3136 refelleret
1097 3085 1223 3149 virosque
1236 3084 1269 3135 de

141 3159 180 3207 ris
193 3155 287 3207 sedulo
303 3154 457 3203 discernere
478 3151 592 3202 studens
608 3157 636 3202 et
652 3153 681 3200 in
731 3157 789 3220 ipso
803 3155 904 3220 populo
923 3155 1036 3220 eiusque
1053 3155 1183 3205 libertate
1200 3155 1269 3205 bene

141 3224 296 3277 mactandis
303 3222 405 3273 fabulis
415 3222 516 3272 iustam
530 3218 624 3285 κρίσιν
634 3221 682 3271 ad·
731 3226 841 3276 meritos
857 3225 930 3275 omni
941 3224 1014 3275 salsa
1034 3225 1223 3275 criminatione
1235 3225 1269 3273 li-

141 3296 248 3346 hibens.
277 3294 356 3356 Quod
370 3292 441 3343 idern
464 3294 518 3341 iarn
537 3306 621 3354 supra
635 3291 682 3340 ob·
730 3296 848 3346 hereret.

142 3366 324 3431 servarimus,
332 3365 359 3412 in
372 3367 442 3413 nott.
458 3362 492 3412 ad
506 3361 560 3421 111,
575 3361 600 3413 3.
625 3362 681 3410 He·
763 3356 899 3422 ἀναδέξαι
912 3389 944 3399 -
956 3352 1075 3429 ἀσπίδα]
1098 3364 1222 3430 Respicit
1233 3361 1273 3413 ad*

141 3436 233 3487 rodoti
247 3449 313 3485 sane
328 3449 360 3484 eo
375 3433 461 3497 magis
477 3431 602 3483 interluit
617 3446 681 3480 vera
732 3434 886 3497 V1,115fin.
906 3424 1041 3493 ἀναδέξαι
1052 3434 1184 3499 designo,
1196 3432 1269 3500 quod

142 3506 253 3556 inhisce
267 3518 440 3568 cognoscere,
454 3517 508 3568 quo
521 3502 607 3552 maior
619 3500 682 3551 Alc·
729 3503 842 3563 tollitur,
854 3504 993 3554 invenitur
1005 3518 1111 3569 quoque
1129 3504 1192 3566 VII,
1210 3503 1268 3558 128.

142 3574 348 3626 maeonidsrrun
372 3572 467 3637 stirpis
498 3572 573 3622 lanis
597 3576 681 3636 atque
730 3575 772 3625 De
789 3575 930 3625 locutione
943 3564 972 3622 έν
992 3570 1178 3637 συνθήματος
1193 3573 1266 3623 coni.

141 3646 231 3712 gloria
246 3660 351 3694 omnem
364 3658 412 3707 por·
427 3642 568 3693 Graeciam
583 3656 682 3707 props·
730 3646 763 3703 V,
784 3646 817 3694 74
840 3647 868 3694 et
887 3643 922 3693 od
943 3658 989 3705 ea,
1016 3658 1087 3708 quae
1105 3648 1267 3709 sequuntur:

142 3720 211 3782 gato
221 3730 271 3766 neo
284 3715 372 3763 minor
385 3712 473 3777 ipsius
488 3711 623 3762 Herodoti
637 3726 682 3761 cn·
729 3705 787 3763 ὑπὸ
800 3704 971 3778 βαρβάροισί
981 3727 1010 3761 τε
1023 3706 1097 3762 εἶναι
1110 3713 1184 3764 conl.
1197 3718 1267 3764 nott.

143 3801 184 3848 rs,
194 3799 374 3850 quaecunque
383 3782 418 3832 ad
425 3781 630 3833 Atheniensium
641 3782 682 3830 fa·
730 3784 766 3834 ad
777 3784 831 3844 ΙΙΙ,
842 3784 885 3833 45.
905 3784 936 3845 V,
949 3782 993 3834 30.

143 3860 239 3906 cerent
249 3852 372 3920 gloriam,
385 3852 544 3918 praesertim
558 3851 591 3902 de
600 3855 683 3916 gente
761 3844 974 3901 Ἵππουίκουδλ
984 3846 1081 3917 πατρί]
1103 3851 1270 3903 criminatur

143 3926 283 3976 libertatis
307 3939 324 3973 a
350 3924 477 3987 tyrannis
501 3921 704 3973 vindicandae·
732 3922 800 3975 haec
817 3921 955 3972 Plutarch.
972 3921 990 3972 l.
1005 3922 1024 3973 l.
1046 3923 1147 3988 quippe
1159 3938 1176 3972 a
1191 3928 1270 3986 patre

143 3994 349 4046 studiosissime
364 3992 411 4043 ubi
425 3992 569 4057 agebatur,
588 4007 621 4042 es
637 4007 682 4042 ce·
731 3992 863 4045 historiae
876 3994 979 4042 iniecta
994 3993 1023 4041 in
1036 3994 1154 4057 gratiam
1165 3993 1270 4058 Hippo-

143 4065 267 4115 lebrandi
279 4068 308 4114 et
324 4063 358 4114 ab
373 4063 478 4113 iniusta
490 4062 682 4113 criminatione
732 4064 797 4125 nici,
828 4062 957 4114 ditissimi
980 4062 1099 4112 omniurn
1123 4061 1271 4113 Athenien-

143 4131 584 4196 tuendi.Oonl.nott.st1,108.
605 4133 682 4194 Quae
732 4135 812 4185 sium.
849 4135 885 4183 Ar
915 4131 963 4181 illa
990 4137 1082 4183 estate
1112 4147 1173 4182 cum
1197 4134 1270 4182 inter

144 4206 229 4271 igitur
243 4204 295 4254 hoc
309 4202 368 4254 loco
380 4202 535 4253 restituitur
541 4202 683 4253 Alcmaeo·
731 4203 912 4254 Athenienses
931 4201 1037 4252 divitiis
1053 4208 1081 4252 et
1094 4201 1190 4266 opibus
1206 4203 1271 4251 enri-

144 4273 270 4325 nidarnm
285 4272 418 4334 defensio,
434 4277 550 4336 „tantae
562 4276 605 4323 est
620 4274 684 4323 sim·
733 4273 988 4338 neretllipponicus
1001 4270 1046 4336 (de
1063 4287 1115 4336 quo
1129 4270 1185 4321 vid.
1199 4276 1270 4321 nott.

144 4341 685 4411 plicitstistsrnquebonisprobabilibus·
734 4343 770 4393 ad
784 4341 922 4393 Plutarch.
940 4341 1028 4392 Alcib.
1046 4356 1111 4405 pag.
1132 4340 1176 4391 99.
1196 4339 1270 4404 100),

145 4430 199 4481 que
216 4415 382 4480 argumentis
405 4412 543 4475 firmatur,
568 4417 599 4463 nt
614 4412 685 4462 falso
734 4413 850 4479 indeque
874 4411 1033 4462 notissimus
1049 4414 1138 4469 esset,
1165 4410 1269 4474 optima

146 4499 194 4538 eos
207 4485 371 4551 proditionis
385 4483 537 4535 insimulari
549 4483 687 4534 iacileao·
734 4484 797 4535 hinc
804 4483 861 4536 eius
867 4479 1149 4549 nominandioocasio‚
1164 4479 1271 4546 qualem
