2916 5130
290 394 352 461 814
682 402 951 467 EXOURSUS
986 404 1031 465 IV

648 791 968 871 EXCURSUS
1003 796 1058 871 IV

504 960 589 1024 ΑΙ)
646 962 993 1029 HERODOT.
1038 963 1102 1028 VI.
1148 965 1203 1028 69.

405 1138 468 1215 (Em
496 1138 665 1195 Creuzeri
685 1142 868 1198 Commentutt,
891 1141 1016 1197 Herodd.
1038 1159 1107 1213 pap.
1130 1147 1187 1201 236
1206 1139 1294 1216 seqq.)

314 1476 355 1487 ·-
375 1436 407 1501 ἐκ
423 1442 475 1501 τοῦ
490 1432 603 1521 ἡρωΐου
618 1444 672 1503 τοῦ
686 1436 765 1523 παρα
779 1446 844 1527 τῇσι
865 1438 976 1528 θύρῃσι
990 1444 1058 1525 τῇσι
1072 1437 1211 1527 αὐλείῃσι
1229 1440 1358 1520 ἱδρυμὲιοι.

373 1616 521 1684 „Agnosce
537 1635 699 1671 communem
721 1621 830 1671 sormam
846 1619 966 1671 Doribus
983 1616 1099 1687 aliisque
1122 1617 1244 1669 Graecis
1263 1616 1376 1669 tandum

287 1696 364 1769 θῦρα
379 1695 489 1755 αὔλείαι
509 1702 660 1756 Atticorum
682 1712 741 1757 erat
760 1699 777 1773 ἡ
798 1696 907 1764 αὔλειος
924 1697 1000 1767 θῦρα
1019 1711 1046 1754 et
1065 1699 1097 1754 oi
1107 1695 1228 1758 αὔλειοι.
1262 1701 1376 1764 Quidem

287 1787 462 1858 praecipiunt
473 1789 640 1841 Graecorum
655 1790 829 1857 grammatici.
865 1789 927 1840 Vid.
943 1788 1051 1840 Moerin
1073 1788 1170 1858 ibique
1186 1787 1307 1839 Pierson.
1319 1805 1340 1855 p.
1350 1790 1377 1835 tt

288 1872 402 1925 Dorviil.
423 1873 457 1924 ad
477 1873 619 1925 Chariton.
641 1893 668 1943 p.
691 1879 740 1927 217
764 1875 806 1927 ed.
822 1874 915 1943 Lips,
935 1873 1058 1927 Fischeri
1081 1874 1167 1926 indic.
1186 1872 1220 1924 ad
1235 1873 1377 1939 Theophnst

288 1959 436 2010 character,
456 1958 482 2008 in
501 1957 550 2009 hac
572 1977 654 2024 voce,
681 1960 788 2013 Platon.
806 1960 932 2027 Sympos.
958 1976 1020 2027 pag.
1037 1962 1097 2011 212.
1113 1959 1147 2010 C.
1176 1975 1236 2027 cap.
1253 1954 1378 2009 xxiii

287 2044 381 2114 ibique
401 2042 434 2093 F.
452 2042 483 2093 A.
506 2044 589 2095 Woii.
608 2048 645 2114 [p.
663 2048 697 2097 05
714 2063 738 2099 s.
757 2048 806 2098 106
827 2044 870 2096 ed.
886 2044 988 2113 Lips.].
1033 2044 1075 2095 Ita
1094 2044 1167 2096 enirn
1197 2044 1275 2095 habet
1291 2041 1378 2093 hanun

287 2131 422 2180 Graecum
438 2126 465 2177 in
480 2127 598 2180 Rekkeri
611 2130 754 2183 Anecdott.
769 2129 790 2180 1.
804 2147 830 2198 p.
847 2132 907 2183 463.
923 2122 1005 2182 αὔλία
1018 2125 1096 2196 θῦρα
1108 2134 1210 2184 πυλῶν
1224 2127 1270 2181 καὶ
1280 2121 1295 2195 ἡ
1304 2118 1379 2181 aium

286 2213 340 2266 Sed
358 2230 413 2265 eam
428 2213 539 2264 formam
555 2231 570 2264 a
585 2214 705 2267 librariis
722 2216 854 2268 intrusam
869 2214 964 2266 dicunt
978 2213 1093 2265 Dorviii.
1110 2227 1138 2266 et
1155 2215 1278 2268 Fischer.
1308 2211 1378 2277 Neque

286 2305 373 2352 tamen
393 2316 450 2350 eam
472 2296 501 2349 in
522 2298 681 2351 Herodiano
703 2300 771 2368 Vll,
793 2303 809 2352 5
833 2317 967 2369 reponere
988 2308 1103 2352 conatus
1120 2309 1167 2351 est
1183 2298 1299 2351 lrurisch.
1312 2294 1377 2364 piii

286 2384 383 2454 ιαμ)
401 2414 435 2421 -
455 2383 576 2435 Gravius
598 2392 641 2437 est
660 2383 743 2453 iilud,
773 2392 804 2438 ut
819 2392 891 2436 recte
908 2383 1061 2451 inteliigas‚
1084 2401 1138 2453 quo
1160 2385 1328 2455 pertinenter
1340 2396 1375 2433 res.

286 2470 360 2539 quod
382 2468 432 2520 hac
454 2467 480 2518 in
507 2467 621 2521 historia
637 2470 712 2523 iuxta
734 2473 818 2524 Iouem
834 2472 961 2523 Herceum
985 2471 1063 2522 οὔατα
1088 2473 1168 2523 heroe
1194 2474 1322 2525 collocatur
1337 2479 1375 2515 ern

285 2556 422 2608 mentione
439 2554 526 2610 cuiae.
570 2554 775 2623 Dispiciendum
797 2556 898 2623 igitur,
921 2554 967 2606 ubi
982 2572 1030 2605 ara
1043 2554 1118 2606 iliius
1140 2562 1171 2607 et
1192 2555 1272 2607 huius
1285 2548 1374 2603 uerri

286 2641 339 2692 sita
355 2639 467 2692 suerint.
518 2640 671 2703 Quaeritur
689 2641 819 2709 proinde,
840 2640 906 2709 qnid
926 2639 1036 2709 proprie
1057 2639 1225 2707 cogitaverit
1246 2635 1371 2693 hentona

286 2742 345 2777 cum
356 2724 491 2776 scriberet
505 2720 580 2793 παρὰ
596 2727 657 2798 τῇσι
671 2720 774 2797 θύρῃσι
789 2727 850 2798 τῇσι
868 2718 1000 2795 αὔλείῃσι.
1033 2725 1113 2788 Quae
1129 2743 1177 2777 res
1194 2725 1290 2795 pendet
1301 2726 1370 2787 upote

285 2816 357 2862 state
384 2810 459 2862 vocis
480 2802 560 2881 αὔλή.
590 2811 679 2880 Apion
702 2811 796 2863 Gioss.
822 2812 931 2863 Homer.
953 2810 1005 2862 ita:
1031 2802 1134 2879 αὔλήν,
1155 2805 1208 2863 τὸν
1219 2799 1368 2875 orobitin&

284 2890 444 2968 προβάτων,
473 2894 522 2948 καλ
543 2893 634 2949 οἰκίαν
656 2893 704 2950 καλ
725 2892 869 2965 σπήλαιον.
907 2894 945 2946 hc
972 2894 1085 2964 primum
1106 2888 1198 2964 αὔλὴν
1220 2899 1364 2955 nonnunqfl!¹

285 3000 348 3033 esse
363 2982 469 3033 domum
489 2981 589 3049 ipsam,
617 2982 659 3033 vel
683 2982 778 3033 domus
800 2981 915 3047 atrium,
941 2981 1011 3031 sutis
1028 2981 1243 3049 comprobarunt
1257 2979 1359 3029 Atinae

285 3067 318 3117 V.
335 3069 360 3131 5,
376 3070 400 3119 3.
417 3084 444 3134 p.
463 3069 513 3119 106
527 3085 555 3135 p.
581 3070 632 3121 232
653 3066 857 3137 Schweigh.**)
894 3065 1021 3117 Valesius
1045 3066 1079 3117 ad
1099 3065 1208 3133 Euagri
1223 3066 1259 3116 H.
1273 3054 1360 3114 filil.

284 3167 347 3220 pag.
364 3152 424 3217 343,
440 3151 566 3203 narizan.
580 3152 614 3203 aa
625 3152 730 3203 menn.
748 3151 896 3203 v.11.111.
914 3153 930 3203 5
945 3156 973 3202 α
984 3150 1149 3217 Wesseiing.
1166 3151 1202 3202 m
1214 3134 1364 3201 Diodoriii·

286 3234 345 3287 Vol.
367 3236 404 3286 ΙΙ.
426 3254 485 3305 pag.
502 3238 563 3289 323.
579 3266 620 3276 -—
639 3238 740 3289 Verum
761 3237 795 3289 ad
817 3245 939 3288 nostrum
960 3235 1045 3288 iocum
1069 3237 1177 3288 faciunt
1197 3233 1327 3306 praecipit
1340 3221 1368 3272 ih

354 3435 382 3502 *)
410 3435 455 3502 [In
469 3437 618 3489 Herodiani
630 3437 689 3487 loco
702 3438 764 3499 vil,
777 3438 802 3487 5.
816 3436 874 3499 §.a
889 3436 1001 3487 Imman.
1014 3435 1155 3486 Bekkerur
1168 3424 1372 3503 quoqueerbib¹11²

283 3499 351 3563 τοὺς
369 3507 450 3563 ταῖς
468 3500 631 3564 αὐλείαις
652 3498 816 3567 ἐφεστῶτας.
854 3507 962 3557 Atticos
981 3520 1044 3556 vero
1061 3499 1159 3562 αὔλιος
1176 3506 1274 3557 dixisse
1287 3499 1372 3575 068ξο

283 3577 384 3627 Moeris
398 3574 415 3626 l.
431 3576 449 3625 1.
467 3576 604 3628 scribens:
622 3569 705 3625 αὔλιά
718 3571 797 3639 θύρα
808 3571 939 3633 Ἀττικῶς.
980 3576 1060 3626 Unde
1077 3576 1119 3626 vel
1137 3578 1166 3625 in
1184 3575 1281 3627 Snidae
1296 3564 1371 3617 verbm

283 3637 396 3703 αὔλειος
409 3636 427 3710 ἡ
439 3640 496 3695 ἀπὸ
511 3643 563 3695 τοῦ
576 3637 647 3696 ὁδοῦ
660 3639 756 3711 πρώτη
768 3637 848 3707 θῦρα
866 3643 916 3709 τῆς
928 3640 1033 3709 οἰκίας,
1051 3662 1120 3711 quae
1135 3647 1230 3697 eadem
1242 3642 1314 3692 habet
1322 3634 1373 3716 21⁸¹·

283 3718 405 3782 pocratio
421 3733 447 3781 p.
462 3718 504 3780 40,
524 3719 554 3777 7,
572 3715 616 3768 vel
633 3722 743 3782 propter
763 3716 867 3779 iocum,
886 3731 964 3781 quem
981 3716 1049 3766 haec
1068 3716 1160 3781 glossa
1178 3716 1288 3771 obtinet,
1302 3703 1373 3785 αλλων·

282 3787 454 3837 scribendum
466 3788 621 3851 suspicatur
640 3785 847 3850 Bernhardyus:
864 3802 943 3851 qnam
958 3786 1071 3837 formam
1083 3787 1160 3838 vocis
1180 3789 1207 3836 in
1229 3774 1373 3855 scriptvfibm

282 3862 409 3923 posterae
429 3861 528 3907 aetatis
542 3857 690 3921 reperimus
708 3856 873 3917 adhibitam,
893 3857 965 3919 apud
988 3856 1094 3911 Philon.
1116 3859 1148 3907 de
1172 3858 1255 3920 Legg.
1273 3837 1373 3914 speculi.

283 3944 308 3991 p.
322 3926 382 3978 603.
397 3926 424 3976 Ο.
441 3927 514 3991 apud
526 3927 671 3991 Synesium
683 3925 716 3977 de
730 3926 835 3992 provid.
848 3942 912 3991 pag.
928 3927 977 3977 105
991 3927 1030 3989 0.,
1045 3943 1080 3977 ne
1091 3926 1170 3991 plura
1181 3925 1291 3976 afferam.
1314 3906 1371 3976 Apud

282 3996 492 4060 Aristophanem
509 3997 574 4050 Pac.
592 3996 733 4047 noraoth.
748 3988 765 4061 ἡ
780 3987 879 4044 αὔλειά
892 3997 1000 4052 dicitur,
1013 3998 1160 4061 eademqne
1181 3996 1265 4046 forma
1276 3990 1300 4038 in
1310 3984 1370 4067 {0³1}

285 4066 351 4118 1423
371 4069 504 4127 occurrit,
523 4067 570 4116 ubi
591 4066 662 4118 alius
676 4066 817 4117 cuiusdam
836 4069 937 4131 potitae
952 4066 1037 4117 verba
1054 4067 1216 4117 afferuntur:
1235 4059 1274 4117 τίς
1289 4047 1317 4107 5²
1337 4063 1372 4098 (ω’

282 4134 382 4185 λείοισι
390 4128 495 4198 θύραις
504 4132 617 4189 θάσσει,
632 4137 664 4186 In
677 4136 836 4188 Herodotea
845 4137 921 4186 vocis
929 4134 1019 4186 forma
1028 4126 1139 4194 αὔλειος
1153 4134 1219 4185 nihil
1231 4124 1368 4182 mumdum:

283 4222 371 4271 neque
387 4208 456 4257 enim
473 4206 654 4271 diphthongus
670 4221 693 4255 at
708 4208 736 4257 in
751 4208 802 4257 hac
818 4222 886 4256 voce
899 4222 985 4271 aeque
1001 4212 1082 4271 atque
1096 4210 1124 4257 in
1138 4206 1200 4255 aliis
1213 4198 1326 4255 similibus
1340 4188 1369 4253 (ut

283 4275 378 4339 θεῖος)
391 4276 474 4326 ullam
488 4280 593 4341 patitur
606 4278 798 4338 mutationem
810 4277 884 4327 conf.
897 4278 1014 4327 Bredov.
1029 4292 1093 4342 pag.
1112 4276 1170 4327 180.
1185 4272 1244 4338 Bru]
1308 4334 1313 4346 Ι

352 4345 397 4407 **)
412 4345 476 4410 [Ηίο
487 4346 574 4410 loeus,
588 4362 664 4411 quem
679 4347 780 4397 frustra
795 4361 920 4413 quaeras,
934 4346 1007 4396 haud
1023 4349 1081 4397 scio
1095 4363 1130 4396 an
1142 4347 1210 4397 idem
1224 4345 1265 4403 rit,
1278 4338 1368 4409 qiu-¹02¹

283 4414 409 4492 effertur.
427 4418 472 4466 nbi
489 4417 557 4467 haec
574 4432 682 4482 quoqne
696 4417 840 4482 leguntur:
856 4413 910 4464 νῦν
927 4412 958 4465 δὲ
975 4408 1009 4466 τὰ
1023 4415 1150 4483 βασίλειοι
1163 4410 1282 4481 λέγουσιν
1296 4400 1368 4455 tvl‘ir

281 4497 374 4544 ωσπερ
390 4480 562 4550 Μένανδρος
575 4481 623 4536 sul
637 4484 759 4550 Δίφιλος
773 4503 799 4537 ιι.
813 4502 837 4538 τ.
853 4486 877 4537 λ.
894 4484 954 4551 Bu]
