<?xml version="1.0" encoding="UTF-8"?>
<!DOCTYPE html PUBLIC "-//W3C//DTD XHTML 1.0 Transitional//EN"
    "http://www.w3.org/TR/xhtml1/DTD/xhtml1-transitional.dtd">
<html xmlns="http://www.w3.org/1999/xhtml" xml:lang="en" lang="en">
 <head>
  <title>
</title>
<meta http-equiv="Content-Type" content="text/html;charset=utf-8" />
  <meta name='ocr-system' content='tesseract 3.04.00' />
  <meta name='ocr-capabilities' content='ocr_page ocr_carea ocr_par ocr_line ocrx_word'/>
</head>
<body>
  <div class='ocr_page' id='page_1' title='image "./herodotihalicar03bhgoog/herodotihalicar03bhgoog_0545.png"; bbox 0 0 3046 5134; ppageno 0'>
   <div class='ocr_carea' id='block_1_1' title="bbox 206 310 269 372">
    <p class='ocr_par' dir='ltr' id='par_1_1' title="bbox 206 310 269 372">
     <span class='ocr_line' id='line_1_1' title="bbox 206 310 269 372; baseline 0 -1"><span class='ocrx_word' id='word_1_1' title='bbox 206 310 269 372; x_wconf 80' lang='lat'>520</span> 
     </span>
    </p>
   </div>
   <div class='ocr_carea' id='block_1_2' title="bbox 642 307 913 369">
    <p class='ocr_par' dir='ltr' id='par_1_2' title="bbox 642 307 913 369">
     <span class='ocr_line' id='line_1_2' title="bbox 642 307 913 369; baseline -0.004 -1"><span class='ocrx_word' id='word_1_2' title='bbox 642 307 913 369; x_wconf 81' lang='lat' dir='ltr'>HERODO&#39;I&#39;I</span> 
     </span>
    </p>
   </div>
   <div class='ocr_carea' id='block_1_3' title="bbox 207 478 1402 677">
    <p class='ocr_par' dir='ltr' id='par_1_3' title="bbox 207 478 1402 677">
     <span class='ocr_line' id='line_1_3' title="bbox 207 478 1348 575; baseline -0.004 -22"><span class='ocrx_word' id='word_1_3' title='bbox 207 513 323 575; x_wconf 82' lang='grc' dir='ltr'><em>μενος,</em></span> <span class='ocrx_word' id='word_1_4' title='bbox 350 485 405 552; x_wconf 76' lang='grc' dir='ltr'>ἐπὶ</span> <span class='ocrx_word' id='word_1_5' title='bbox 427 488 545 552; x_wconf 83' lang='grc' dir='ltr'><em>τοῦτον</em></span> <span class='ocrx_word' id='word_1_6' title='bbox 568 480 609 571; x_wconf 75' lang='grc' dir='ltr'>δὴ</span> <span class='ocrx_word' id='word_1_7' title='bbox 630 480 688 551; x_wconf 85' lang='grc' dir='ltr'>τὸν</span> <span class='ocrx_word' id='word_1_8' title='bbox 710 479 858 571; x_wconf 80' lang='grc' dir='ltr'><em>ποταμὸν</em></span> <span class='ocrx_word' id='word_1_9' title='bbox 879 478 923 562; x_wconf 76' lang='grc' dir='ltr'>ὡς</span> <span class='ocrx_word' id='word_1_10' title='bbox 943 478 1081 552; x_wconf 77' lang='grc' dir='ltr'><em>ἀπίκετο</em></span> <span class='ocrx_word' id='word_1_11' title='bbox 1094 485 1233 569; x_wconf 78' lang='grc' dir='ltr'><em>Ξέρξης,</em></span> <span class='ocrx_word' id='word_1_12' title='bbox 1257 484 1289 561; x_wconf 80' lang='grc' dir='ltr'>ἐς</span> <span class='ocrx_word' id='word_1_13' title='bbox 1309 478 1348 548; x_wconf 82' lang='grc' dir='ltr'>τὸ</span> 
     </span>
     <span class='ocr_line' id='line_1_4' title="bbox 209 584 1402 677; baseline -0.009 -18"><span class='ocrx_word' id='word_1_14' title='bbox 209 588 366 677; x_wconf 76' lang='grc' dir='ltr'><em>Πριάμου</em></span> <span class='ocrx_word' id='word_1_15' title='bbox 377 588 556 676; x_wconf 79' lang='grc' dir='ltr'><em>Πέργαμον</em></span> <span class='ocrx_word' id='word_1_16' title='bbox 571 584 687 676; x_wconf 76' lang='grc' dir='ltr'><em>ἀνέβη,</em></span> <span class='ocrx_word' id='word_1_17' title='bbox 701 592 819 674; x_wconf 73' lang='grc' dir='ltr'><em>ἵμερον</em></span> <span class='ocrx_word' id='word_1_18' title='bbox 834 592 918 673; x_wconf 80' lang='grc' dir='ltr'><em>ἔχων</em></span> <span class='ocrx_word' id='word_1_19' title='bbox 932 586 1135 675; x_wconf 78' lang='grc' dir='ltr'><strong><em>θεήσασθαι.</em></strong></span> <span class='ocrx_word' id='word_1_20' title='bbox 1172 584 1402 673; x_wconf 64' lang='lat' dir='ltr'>rescrips-ear</span> 
     </span>
    </p>
   </div>
   <div class='ocr_carea' id='block_1_4' title="bbox 210 753 765 2630">
    <p class='ocr_par' dir='ltr' id='par_1_4' title="bbox 210 753 756 1366">
     <span class='ocr_line' id='line_1_5' title="bbox 210 753 753 817; baseline -0.011 -10"><span class='ocrx_word' id='word_1_21' title='bbox 210 773 274 807; x_wconf 86' lang='lat' dir='ltr'>uere</span> <span class='ocrx_word' id='word_1_22' title='bbox 289 755 442 816; x_wconf 80' lang='lat' dir='ltr'>delabitur,</span> <span class='ocrx_word' id='word_1_23' title='bbox 455 768 605 803; x_wconf 91' lang='lat' dir='ltr'>sermonem</span> <span class='ocrx_word' id='word_1_24' title='bbox 619 769 678 805; x_wconf 89' lang='lat' dir='ltr'>esse</span> <span class='ocrx_word' id='word_1_25' title='bbox 688 791 694 817; x_wconf 90' lang='lat'><em>,</em></span> <span class='ocrx_word' id='word_1_26' title='bbox 706 753 753 804; x_wconf 83' lang='lat' dir='ltr'>rix</span> 
     </span>
     <span class='ocr_line' id='line_1_6' title="bbox 211 823 753 889; baseline -0.009 -13"><span class='ocrx_word' id='word_1_27' title='bbox 211 827 322 877; x_wconf 86' lang='lat' dir='ltr'>dubium</span> <span class='ocrx_word' id='word_1_28' title='bbox 335 826 425 876; x_wconf 87' lang='lat' dir='ltr'>videri</span> <span class='ocrx_word' id='word_1_29' title='bbox 438 826 545 889; x_wconf 84' lang='lat' dir='ltr'>poterit.</span> <span class='ocrx_word' id='word_1_30' title='bbox 580 823 621 872; x_wconf 85' lang='grc' dir='ltr'><strong>Αι1</strong></span> <span class='ocrx_word' id='word_1_31' title='bbox 638 824 753 874; x_wconf 83' lang='lat' dir='ltr'>locutio-</span> 
     </span>
     <span class='ocr_line' id='line_1_7' title="bbox 211 888 754 951; baseline -0.009 -4"><span class='ocrx_word' id='word_1_32' title='bbox 211 914 271 947; x_wconf 87' lang='lat' dir='ltr'>nem</span> <span class='ocrx_word' id='word_1_33' title='bbox 287 888 399 943; x_wconf 74' lang='grc' dir='ltr'><strong>έπέλιιιε</strong></span> <span class='ocrx_word' id='word_1_34' title='bbox 415 894 474 951; x_wconf 86' lang='lat' dir='ltr'>(ubi</span> <span class='ocrx_word' id='word_1_35' title='bbox 490 892 557 942; x_wconf 89' lang='lat' dir='ltr'>male</span> <span class='ocrx_word' id='word_1_36' title='bbox 570 892 631 943; x_wconf 89' lang='lat' dir='ltr'>edd.</span> <span class='ocrx_word' id='word_1_37' title='bbox 646 901 754 943; x_wconf 83' lang='lat' dir='ltr'>veteres</span> 
     </span>
     <span class='ocr_line' id='line_1_8' title="bbox 211 956 754 1051; baseline -0.008 -35"><span class='ocrx_word' id='word_1_38' title='bbox 211 961 342 1051; x_wconf 64' lang='lat' dir='ltr'>dartana)</span> <span class='ocrx_word' id='word_1_39' title='bbox 362 959 393 1012; x_wconf 83' lang='grc' dir='ltr'>τὸ</span> <span class='ocrx_word' id='word_1_40' title='bbox 409 956 531 1026; x_wconf 73' lang='grc' dir='ltr'><em>ὁέεθρον</em></span> <span class='ocrx_word' id='word_1_41' title='bbox 549 963 623 1013; x_wconf 84' lang='lat' dir='ltr'>conl.</span> <span class='ocrx_word' id='word_1_42' title='bbox 637 964 754 1014; x_wconf 81' lang='lat' dir='ltr'>Werfer.</span> 
     </span>
     <span class='ocr_line' id='line_1_9' title="bbox 213 1033 755 1099; baseline -0.008 -13"><span class='ocrx_word' id='word_1_43' title='bbox 213 1041 241 1086; x_wconf 90' lang='lat' dir='ltr'>in</span> <span class='ocrx_word' id='word_1_44' title='bbox 260 1037 333 1087; x_wconf 80' lang='lat' dir='ltr'>llctt.</span> <span class='ocrx_word' id='word_1_45' title='bbox 357 1034 432 1099; x_wconf 85' lang='lat' dir='ltr'>phili.</span> <span class='ocrx_word' id='word_1_46' title='bbox 447 1034 570 1083; x_wconf 74' lang='lat' dir='ltr'>Mona-cc</span> <span class='ocrx_word' id='word_1_47' title='bbox 591 1034 613 1083; x_wconf 99' lang='grc' dir='ltr'>Ι</span> <span class='ocrx_word' id='word_1_48' title='bbox 630 1049 693 1099; x_wconf 89' lang='lat' dir='ltr'>pag</span> <span class='ocrx_word' id='word_1_49' title='bbox 710 1033 755 1082; x_wconf 88' lang='grc'>81.</span> 
     </span>
     <span class='ocr_line' id='line_1_10' title="bbox 212 1103 756 1165; baseline -0.009 -9"><span class='ocrx_word' id='word_1_50' title='bbox 212 1105 314 1156; x_wconf 86' lang='lat' dir='ltr'>Herod</span> <span class='ocrx_word' id='word_1_51' title='bbox 335 1105 402 1165; x_wconf 89' lang='lat' dir='ltr'>VII,</span> <span class='ocrx_word' id='word_1_52' title='bbox 420 1103 461 1154; x_wconf 75' lang='grc'>58.</span> <span class='ocrx_word' id='word_1_53' title='bbox 485 1103 543 1153; x_wconf 81' lang='grc'>108</span> <span class='ocrx_word' id='word_1_54' title='bbox 583 1103 625 1153; x_wconf 77' lang='lat' dir='ltr'>Ad</span> <span class='ocrx_word' id='word_1_55' title='bbox 644 1104 756 1154; x_wconf 85' lang='lat' dir='ltr'>verbum</span> 
     </span>
     <span class='ocr_line' id='line_1_11' title="bbox 213 1166 754 1237; baseline -0.004 -12"><span class='ocrx_word' id='word_1_56' title='bbox 213 1166 354 1237; x_wconf 71' lang='grc' dir='ltr'><em>ἀπέχρησέ</em></span> <span class='ocrx_word' id='word_1_57' title='bbox 375 1173 447 1225; x_wconf 84' lang='lat' dir='ltr'>conf.</span> <span class='ocrx_word' id='word_1_58' title='bbox 468 1173 497 1233; x_wconf 91' lang='grc'>1,</span> <span class='ocrx_word' id='word_1_59' title='bbox 510 1174 544 1223; x_wconf 84' lang='grc'>1111</span> <span class='ocrx_word' id='word_1_60' title='bbox 563 1173 673 1234; x_wconf 80' lang='lat' dir='ltr'>etvu,</span> <span class='ocrx_word' id='word_1_61' title='bbox 695 1171 754 1226; x_wconf 81' lang='grc'>1911.</span> 
     </span>
     <span class='ocr_line' id='line_1_12' title="bbox 213 1208 756 1308; baseline -0.009 -13"><span class='ocrx_word' id='word_1_62' title='bbox 213 1245 299 1295; x_wconf 85' lang='grc' dir='ltr'><strong>ΡιιιιΙο</strong></span> <span class='ocrx_word' id='word_1_63' title='bbox 311 1243 392 1293; x_wconf 88' lang='lat' dir='ltr'>aliter</span> <span class='ocrx_word' id='word_1_64' title='bbox 405 1208 518 1294; x_wconf 82' lang='lat' dir='ltr'>eandeiu</span> <span class='ocrx_word' id='word_1_65' title='bbox 532 1243 632 1293; x_wconf 87' lang='lat' dir='ltr'>Noster</span> <span class='ocrx_word' id='word_1_66' title='bbox 645 1257 756 1308; x_wconf 91' lang='lat' dir='ltr'>expres-</span> 
     </span>
     <span class='ocr_line' id='line_1_13' title="bbox 215 1313 572 1374; baseline -0.006 -9"><span class='ocrx_word' id='word_1_67' title='bbox 215 1314 431 1366; x_wconf 84' lang='lat' dir='ltr'>sitsentcntiam</span> <span class='ocrx_word' id='word_1_68' title='bbox 443 1313 506 1374; x_wconf 88' lang='lat' dir='ltr'>VII,</span> <span class='ocrx_word' id='word_1_69' title='bbox 525 1313 572 1363; x_wconf 86' lang='grc'>109</span> 
     </span>
    </p>

    <p class='ocr_par' dir='ltr' id='par_1_5' title="bbox 215 1351 765 2630">
     <span class='ocr_line' id='line_1_14' title="bbox 250 1351 757 1445; baseline -0.008 -13"><span class='ocrx_word' id='word_1_70' title='bbox 250 1375 316 1441; x_wconf 82' lang='grc' dir='ltr'>ές</span> <span class='ocrx_word' id='word_1_71' title='bbox 268 1398 321 1432; x_wconf 83' lang='grc' dir='ltr'>το</span> <span class='ocrx_word' id='word_1_72' title='bbox 340 1376 472 1445; x_wconf 80' lang='grc' dir='ltr'><em>Πριάμου</em></span> <span class='ocrx_word' id='word_1_73' title='bbox 490 1351 653 1445; x_wconf 80' lang='grc' dir='ltr'><em>Πέργαμον]</em></span> <span class='ocrx_word' id='word_1_74' title='bbox 677 1377 757 1443; x_wconf 74' lang='lat' dir='ltr'>Apud</span> 
     </span>
     <span class='ocr_line' id='line_1_15' title="bbox 215 1451 759 1516; baseline -0.011 -12"><span class='ocrx_word' id='word_1_75' title='bbox 215 1455 363 1504; x_wconf 85' lang='lat' dir='ltr'><strong>Homerum</strong></span> <span class='ocrx_word' id='word_1_76' title='bbox 373 1458 445 1503; x_wconf 83' lang='lat' dir='ltr'>teste</span> <span class='ocrx_word' id='word_1_77' title='bbox 455 1451 555 1516; x_wconf 82' lang='lat' dir='ltr'>Spobn</span> <span class='ocrx_word' id='word_1_78' title='bbox 563 1453 604 1501; x_wconf 88' lang='lat' dir='ltr'>De</span> <span class='ocrx_word' id='word_1_79' title='bbox 616 1466 680 1515; x_wconf 88' lang='lat' dir='ltr'>agro</span> <span class='ocrx_word' id='word_1_80' title='bbox 690 1451 759 1500; x_wconf 89' lang='lat' dir='ltr'>Tro-</span> 
     </span>
     <span class='ocr_line' id='line_1_16' title="bbox 216 1509 756 1588; baseline -0.007 -16"><span class='ocrx_word' id='word_1_81' title='bbox 216 1509 756 1588; x_wconf 77' lang='lat' dir='ltr'>iampsg.ll.12sernpermveu1turq</span> 
     </span>
     <span class='ocr_line' id='line_1_17' title="bbox 217 1590 759 1657; baseline -0.009 -15"><span class='ocrx_word' id='word_1_82' title='bbox 217 1590 380 1657; x_wconf 80' lang='grc' dir='ltr'><em>Πέργαμος,</em></span> <span class='ocrx_word' id='word_1_83' title='bbox 402 1593 443 1641; x_wconf 87' lang='lat' dir='ltr'>ita</span> <span class='ocrx_word' id='word_1_84' title='bbox 460 1598 491 1640; x_wconf 90' lang='lat' dir='ltr'>nt</span> <span class='ocrx_word' id='word_1_85' title='bbox 508 1592 674 1656; x_wconf 73' lang='lat' dir='ltr'>posteriores</span> <span class='ocrx_word' id='word_1_86' title='bbox 699 1594 759 1638; x_wconf 86' lang='lat' dir='ltr'>tan-</span> 
     </span>
     <span class='ocr_line' id='line_1_18' title="bbox 217 1650 758 1726; baseline -0.011 -14"><span class='ocrx_word' id='word_1_87' title='bbox 217 1668 274 1712; x_wconf 90' lang='lat' dir='ltr'>tum</span> <span class='ocrx_word' id='word_1_88' title='bbox 289 1663 437 1726; x_wconf 75' lang='lat' dir='ltr'>scriptores</span> <span class='ocrx_word' id='word_1_89' title='bbox 454 1662 556 1711; x_wconf 81' lang='lat' dir='ltr'>dixisse</span> <span class='ocrx_word' id='word_1_90' title='bbox 569 1660 716 1709; x_wconf 81' lang='lat' dir='ltr'>rideantur</span> <span class='ocrx_word' id='word_1_91' title='bbox 726 1650 758 1706; x_wconf 82' lang='grc' dir='ltr'>τὸ</span> 
     </span>
     <span class='ocr_line' id='line_1_19' title="bbox 218 1726 761 1809; baseline -0.006 -28"><span class='ocrx_word' id='word_1_92' title='bbox 218 1726 378 1795; x_wconf 80' lang='grc' dir='ltr'><em>Πέργαμον,</em></span> <span class='ocrx_word' id='word_1_93' title='bbox 421 1731 585 1809; x_wconf 85' lang='lat' dir='ltr'>Intelligitur</span> <span class='ocrx_word' id='word_1_94' title='bbox 606 1731 676 1778; x_wconf 89' lang='lat' dir='ltr'>enirn</span> <span class='ocrx_word' id='word_1_95' title='bbox 695 1729 761 1778; x_wconf 89' lang='lat' dir='ltr'>Per-</span> 
     </span>
     <span class='ocr_line' id='line_1_20' title="bbox 216 1791 762 1867; baseline -0.015 -14"><span class='ocrx_word' id='word_1_96' title='bbox 216 1817 313 1867; x_wconf 83' lang='lat' dir='ltr'>gemus</span> <span class='ocrx_word' id='word_1_97' title='bbox 327 1802 427 1851; x_wconf 85' lang='lat' dir='ltr'>Troiae</span> <span class='ocrx_word' id='word_1_98' title='bbox 440 1816 488 1851; x_wconf 80' lang='lat' dir='ltr'>arx</span> <span class='ocrx_word' id='word_1_99' title='bbox 502 1816 523 1851; x_wconf 91' lang='lat' dir='ltr'>s.</span> <span class='ocrx_word' id='word_1_100' title='bbox 537 1791 704 1859; x_wconf 73' lang='grc' dir='ltr'><em>ἀκρόπολις,</em></span> <span class='ocrx_word' id='word_1_101' title='bbox 720 1797 762 1846; x_wconf 91' lang='lat' dir='ltr'>al-</span> 
     </span>
     <span class='ocr_line' id='line_1_21' title="bbox 218 1869 763 1936; baseline -0.011 -14"><span class='ocrx_word' id='word_1_102' title='bbox 218 1872 271 1922; x_wconf 91' lang='lat' dir='ltr'>tior</span> <span class='ocrx_word' id='word_1_103' title='bbox 290 1869 396 1936; x_wconf 83' lang='lat' dir='ltr'>reliqua</span> <span class='ocrx_word' id='word_1_104' title='bbox 416 1871 515 1931; x_wconf 67' lang='lat' dir='ltr'>Troia,</span> <span class='ocrx_word' id='word_1_105' title='bbox 537 1869 651 1933; x_wconf 85' lang='lat' dir='ltr'>rupibus</span> <span class='ocrx_word' id='word_1_106' title='bbox 669 1883 763 1931; x_wconf 89' lang='lat' dir='ltr'>super-</span> 
     </span>
     <span class='ocr_line' id='line_1_22' title="bbox 219 1936 762 2001; baseline -0.011 -10"><span class='ocrx_word' id='word_1_107' title='bbox 219 1947 324 1992; x_wconf 89' lang='lat' dir='ltr'>structa</span> <span class='ocrx_word' id='word_1_108' title='bbox 335 1945 362 1989; x_wconf 89' lang='lat' dir='ltr'>et</span> <span class='ocrx_word' id='word_1_109' title='bbox 372 1939 602 1996; x_wconf 80' lang='lat' dir='ltr'>inaccessaiere‚&#39;</span> <span class='ocrx_word' id='word_1_110' title='bbox 597 1954 624 1986; x_wconf 89' lang='lat' dir='ltr'>ru</span> <span class='ocrx_word' id='word_1_111' title='bbox 635 1952 689 2001; x_wconf 85' lang='lat' dir='ltr'>qua</span> <span class='ocrx_word' id='word_1_112' title='bbox 700 1936 762 1986; x_wconf 91' lang='lat' dir='ltr'>deo-</span> 
     </span>
     <span class='ocr_line' id='line_1_23' title="bbox 219 2005 760 2074; baseline -0.009 -14"><span class='ocrx_word' id='word_1_113' title='bbox 219 2027 277 2060; x_wconf 91' lang='lat' dir='ltr'>rum</span> <span class='ocrx_word' id='word_1_114' title='bbox 298 2010 412 2074; x_wconf 87' lang='lat' dir='ltr'>templa,</span> <span class='ocrx_word' id='word_1_115' title='bbox 430 2009 535 2058; x_wconf 89' lang='lat' dir='ltr'>Priami</span> <span class='ocrx_word' id='word_1_116' title='bbox 552 2007 672 2072; x_wconf 84' lang='lat' dir='ltr'>palatia,</span> <span class='ocrx_word' id='word_1_117' title='bbox 695 2005 760 2066; x_wconf 86' lang='lat' dir='ltr'>alia,</span> 
     </span>
     <span class='ocr_line' id='line_1_24' title="bbox 219 2075 762 2145; baseline -0.006 -16"><span class='ocrx_word' id='word_1_118' title='bbox 219 2080 317 2145; x_wconf 83' lang='lat' dir='ltr'>quibus</span> <span class='ocrx_word' id='word_1_119' title='bbox 346 2080 522 2128; x_wconf 75' lang='lat' dir='ltr'>sanctitatem</span> <span class='ocrx_word' id='word_1_120' title='bbox 552 2076 689 2141; x_wconf 86' lang='lat' dir='ltr'>quandam</span> <span class='ocrx_word' id='word_1_121' title='bbox 715 2075 762 2126; x_wconf 89' lang='lat' dir='ltr'>illa</span> 
     </span>
     <span class='ocr_line' id='line_1_25' title="bbox 220 2145 762 2213; baseline -0.009 -14"><span class='ocrx_word' id='word_1_122' title='bbox 220 2151 322 2213; x_wconf 86' lang='lat' dir='ltr'>adepta</span> <span class='ocrx_word' id='word_1_123' title='bbox 337 2163 398 2198; x_wconf 90' lang='lat' dir='ltr'>esse</span> <span class='ocrx_word' id='word_1_124' title='bbox 417 2148 514 2198; x_wconf 85' lang='lat' dir='ltr'>fertur.</span> <span class='ocrx_word' id='word_1_125' title='bbox 550 2148 637 2209; x_wconf 80' lang='lat' dir='ltr'>Quam</span> <span class='ocrx_word' id='word_1_126' title='bbox 656 2145 762 2211; x_wconf 89' lang='lat' dir='ltr'>quidem</span> 
     </span>
     <span class='ocr_line' id='line_1_26' title="bbox 221 2216 763 2284; baseline -0.009 -15"><span class='ocrx_word' id='word_1_127' title='bbox 221 2235 292 2269; x_wconf 89' lang='lat' dir='ltr'>nuuc</span> <span class='ocrx_word' id='word_1_128' title='bbox 306 2223 441 2284; x_wconf 85' lang='lat' dir='ltr'>quaerunt</span> <span class='ocrx_word' id='word_1_129' title='bbox 462 2232 516 2267; x_wconf 88' lang='lat' dir='ltr'>uon</span> <span class='ocrx_word' id='word_1_130' title='bbox 532 2216 614 2279; x_wconf 86' lang='lat' dir='ltr'>longe</span> <span class='ocrx_word' id='word_1_131' title='bbox 631 2222 763 2265; x_wconf 87' lang='lat' dir='ltr'>remotam</span> 
     </span>
     <span class='ocr_line' id='line_1_27' title="bbox 221 2286 762 2352; baseline -0.007 -13"><span class='ocrx_word' id='word_1_132' title='bbox 221 2305 237 2339; x_wconf 89' lang='lat' dir='ltr'>a</span> <span class='ocrx_word' id='word_1_133' title='bbox 249 2290 320 2352; x_wconf 80' lang='lat' dir='ltr'>rico,</span> <span class='ocrx_word' id='word_1_134' title='bbox 335 2288 377 2337; x_wconf 89' lang='lat' dir='ltr'>eui</span> <span class='ocrx_word' id='word_1_135' title='bbox 388 2303 460 2337; x_wconf 90' lang='lat' dir='ltr'>nunc</span> <span class='ocrx_word' id='word_1_136' title='bbox 471 2302 569 2337; x_wconf 89' lang='lat' dir='ltr'>nomen</span> <span class='ocrx_word' id='word_1_137' title='bbox 580 2286 762 2349; x_wconf 81' lang='lat' dir='ltr'>Banorbcsclu&#39;,</span> 
     </span>
     <span class='ocr_line' id='line_1_28' title="bbox 221 2355 764 2424; baseline -0.007 -15"><span class='ocrx_word' id='word_1_138' title='bbox 221 2375 292 2424; x_wconf 91' lang='lat' dir='ltr'>pone</span> <span class='ocrx_word' id='word_1_139' title='bbox 309 2373 387 2424; x_wconf 89' lang='lat' dir='ltr'>quem</span> <span class='ocrx_word' id='word_1_140' title='bbox 408 2356 532 2421; x_wconf 81' lang='lat' dir='ltr'>exsurgit</span> <span class='ocrx_word' id='word_1_141' title='bbox 553 2355 630 2406; x_wconf 90' lang='lat' dir='ltr'>collis</span> <span class='ocrx_word' id='word_1_142' title='bbox 648 2370 764 2405; x_wconf 85' lang='lat' dir='ltr'>saxosus</span> 
     </span>
     <span class='ocr_line' id='line_1_29' title="bbox 222 2424 764 2492; baseline -0.006 -14"><span class='ocrx_word' id='word_1_143' title='bbox 222 2446 255 2478; x_wconf 87' lang='lat' dir='ltr'>sc</span> <span class='ocrx_word' id='word_1_144' title='bbox 272 2443 422 2492; x_wconf 89' lang='lat' dir='ltr'>praeceps,</span> <span class='ocrx_word' id='word_1_145' title='bbox 441 2426 468 2476; x_wconf 91' lang='lat' dir='ltr'>in</span> <span class='ocrx_word' id='word_1_146' title='bbox 485 2442 537 2491; x_wconf 92' lang='lat' dir='ltr'>quo</span> <span class='ocrx_word' id='word_1_147' title='bbox 553 2424 655 2476; x_wconf 85' lang='lat' dir='ltr'>Priami</span> <span class='ocrx_word' id='word_1_148' title='bbox 674 2440 764 2475; x_wconf 88' lang='lat' dir='ltr'>arcem</span> 
     </span>
     <span class='ocr_line' id='line_1_30' title="bbox 223 2494 765 2563; baseline -0.009 -15"><span class='ocrx_word' id='word_1_149' title='bbox 223 2515 246 2548; x_wconf 70' lang='lat' dir='ltr'>s,</span> <span class='ocrx_word' id='word_1_150' title='bbox 261 2499 423 2563; x_wconf 76' lang='lat' dir='ltr'>Pergamum</span> <span class='ocrx_word' id='word_1_151' title='bbox 446 2502 525 2546; x_wconf 85' lang='lat' dir='ltr'>vetus</span> <span class='ocrx_word' id='word_1_152' title='bbox 546 2496 631 2546; x_wconf 84' lang='lat' dir='ltr'>fuisse</span> <span class='ocrx_word' id='word_1_153' title='bbox 649 2495 703 2543; x_wconf 90' lang='lat' dir='ltr'>iam</span> <span class='ocrx_word' id='word_1_154' title='bbox 718 2494 765 2543; x_wconf 91' lang='lat' dir='ltr'>do·</span> 
     </span>
     <span class='ocr_line' id='line_1_31' title="bbox 224 2565 765 2630; baseline -0.011 -12"><span class='ocrx_word' id='word_1_155' title='bbox 224 2570 281 2618; x_wconf 89' lang='lat' dir='ltr'>cuit</span> <span class='ocrx_word' id='word_1_156' title='bbox 292 2566 471 2618; x_wconf 88' lang='lat' dir='ltr'>Lechevalier</span> <span class='ocrx_word' id='word_1_157' title='bbox 488 2566 505 2617; x_wconf 87' lang='grc'>1,</span> <span class='ocrx_word' id='word_1_158' title='bbox 526 2565 543 2615; x_wconf 93' lang='grc'>1.</span> <span class='ocrx_word' id='word_1_159' title='bbox 561 2581 587 2630; x_wconf 91' lang='lat' dir='ltr'>p.</span> <span class='ocrx_word' id='word_1_160' title='bbox 608 2566 654 2614; x_wconf 79' lang='grc'>172</span> <span class='ocrx_word' id='word_1_161' title='bbox 672 2580 704 2613; x_wconf 88' lang='lat' dir='ltr'>ao</span> <span class='ocrx_word' id='word_1_162' title='bbox 717 2580 765 2612; x_wconf 90' lang='lat' dir='ltr'>no·</span> 
     </span>
    </p>
   </div>
   <div class='ocr_carea' id='block_1_5' title="bbox 223 2633 768 2769">
    <p class='ocr_par' dir='ltr' id='par_1_6' title="bbox 223 2633 768 2767">
     <span class='ocr_line' id='line_1_32' title="bbox 223 2633 767 2700; baseline -0.009 -13"><span class='ocrx_word' id='word_1_163' title='bbox 223 2642 281 2687; x_wconf 90' lang='lat' dir='ltr'>stra</span> <span class='ocrx_word' id='word_1_164' title='bbox 307 2640 400 2688; x_wconf 86' lang='lat' dir='ltr'>aetate</span> <span class='ocrx_word' id='word_1_165' title='bbox 422 2636 492 2685; x_wconf 87' lang='lat' dir='ltr'>satis</span> <span class='ocrx_word' id='word_1_166' title='bbox 515 2634 643 2700; x_wconf 86' lang='lat' dir='ltr'>probavit</span> <span class='ocrx_word' id='word_1_167' title='bbox 666 2633 767 2683; x_wconf 82' lang='lat' dir='ltr'>Forob-</span> 
     </span>
     <span class='ocr_line' id='line_1_33' title="bbox 223 2702 768 2769; baseline -0.006 -13"><span class='ocrx_word' id='word_1_168' title='bbox 223 2708 361 2769; x_wconf 84' lang='lat' dir='ltr'>hammer</span> <span class='ocrx_word' id='word_1_169' title='bbox 379 2705 628 2766; x_wconf 86' lang='lat' dir='ltr'>aliosuttaceum,</span> <span class='ocrx_word' id='word_1_170' title='bbox 649 2702 768 2767; x_wconf 85' lang='lat' dir='ltr'>mappis·</span> 
     </span>
    </p>
   </div>
   <div class='ocr_carea' id='block_1_6' title="bbox 224 2771 771 4442">
    <p class='ocr_par' dir='ltr' id='par_1_7' title="bbox 224 2771 771 4442">
     <span class='ocr_line' id='line_1_34' title="bbox 225 2771 767 2843; baseline -0.002 -20"><span class='ocrx_word' id='word_1_171' title='bbox 225 2793 276 2843; x_wconf 88' lang='lat' dir='ltr'>que</span> <span class='ocrx_word' id='word_1_172' title='bbox 289 2776 430 2840; x_wconf 75' lang='lat' dir='ltr'>planitiem</span> <span class='ocrx_word' id='word_1_173' title='bbox 443 2776 589 2825; x_wconf 85' lang='lat' dir='ltr'>Troianam</span> <span class='ocrx_word' id='word_1_174' title='bbox 609 2789 672 2836; x_wconf 88' lang='lat' dir='ltr'>prae</span> <span class='ocrx_word' id='word_1_175' title='bbox 684 2788 714 2823; x_wconf 84' lang='lat' dir='ltr'>se</span> <span class='ocrx_word' id='word_1_176' title='bbox 729 2771 767 2822; x_wconf 83' lang='lat' dir='ltr'>fe-</span> 
     </span>
     <span class='ocr_line' id='line_1_35' title="bbox 224 2842 767 2897; baseline -0.013 -1"><span class='ocrx_word' id='word_1_177' title='bbox 224 2847 348 2897; x_wconf 89' lang='lat' dir='ltr'>rentibus</span> <span class='ocrx_word' id='word_1_178' title='bbox 371 2848 398 2895; x_wconf 86' lang='lat' dir='ltr'>ot</span> <span class='ocrx_word' id='word_1_179' title='bbox 416 2852 545 2895; x_wconf 82' lang='lat' dir='ltr'>accurate</span> <span class='ocrx_word' id='word_1_180' title='bbox 564 2842 733 2894; x_wconf 76' lang='lat' dir='ltr'>delineatio</span> <span class='ocrx_word' id='word_1_181' title='bbox 725 2857 767 2890; x_wconf 87' lang='lat' dir='ltr'>sn-</span> 
     </span>
     <span class='ocr_line' id='line_1_36' title="bbox 224 2910 767 2979; baseline -0.011 -14"><span class='ocrx_word' id='word_1_182' title='bbox 224 2917 342 2966; x_wconf 81' lang='lat' dir='ltr'>dicarit:</span> <span class='ocrx_word' id='word_1_183' title='bbox 366 2913 610 2979; x_wconf 84' lang='lat' dir='ltr'>&#39;I&#39;opograpbische</span> <span class='ocrx_word' id='word_1_184' title='bbox 627 2911 681 2962; x_wconf 90' lang='lat' dir='ltr'>und</span> <span class='ocrx_word' id='word_1_185' title='bbox 700 2910 767 2976; x_wconf 82' lang='lat' dir='ltr'>phy·</span> 
     </span>
     <span class='ocr_line' id='line_1_37' title="bbox 225 2981 767 3050; baseline -0.009 -16"><span class='ocrx_word' id='word_1_186' title='bbox 225 2986 308 3050; x_wconf 89' lang='lat' dir='ltr'>siogr.</span> <span class='ocrx_word' id='word_1_187' title='bbox 323 2984 527 3047; x_wconf 88' lang='lat' dir='ltr'>Besclrreibung</span> <span class='ocrx_word' id='word_1_188' title='bbox 543 2984 589 3033; x_wconf 88' lang='lat' dir='ltr'>der</span> <span class='ocrx_word' id='word_1_189' title='bbox 602 2981 696 3032; x_wconf 86' lang='lat' dir='ltr'>Ebene</span> <span class='ocrx_word' id='word_1_190' title='bbox 712 2996 767 3030; x_wconf 89' lang='lat' dir='ltr'>ron</span> 
     </span>
     <span class='ocr_line' id='line_1_38' title="bbox 225 3050 766 3104; baseline -0.013 0"><span class='ocrx_word' id='word_1_191' title='bbox 225 3056 311 3104; x_wconf 82' lang='lat' dir='ltr'>Troia</span> <span class='ocrx_word' id='word_1_192' title='bbox 322 3054 370 3104; x_wconf 90' lang='lat' dir='ltr'>mit</span> <span class='ocrx_word' id='word_1_193' title='bbox 384 3055 437 3103; x_wconf 88' lang='lat' dir='ltr'>ein.</span> <span class='ocrx_word' id='word_1_194' title='bbox 449 3055 542 3102; x_wconf 83' lang='lat' dir='ltr'>Karta.</span> <span class='ocrx_word' id='word_1_195' title='bbox 562 3050 676 3101; x_wconf 64' lang='lat' dir='ltr'>suanus.</span> <span class='ocrx_word' id='word_1_196' title='bbox 691 3050 766 3100; x_wconf 76' lang='lat'>1850.</span> 
     </span>
     <span class='ocr_line' id='line_1_39' title="bbox 224 3119 768 3185; baseline -0.013 -11"><span class='ocrx_word' id='word_1_197' title='bbox 224 3125 304 3174; x_wconf 88' lang='lat' dir='ltr'>Hanc</span> <span class='ocrx_word' id='word_1_198' title='bbox 327 3124 398 3173; x_wconf 87' lang='lat' dir='ltr'>enirn</span> <span class='ocrx_word' id='word_1_199' title='bbox 419 3122 600 3182; x_wconf 79' lang='lat' dir='ltr'>sententiam,</span> <span class='ocrx_word' id='word_1_200' title='bbox 618 3136 699 3185; x_wconf 85' lang='lat' dir='ltr'>qnam</span> <span class='ocrx_word' id='word_1_201' title='bbox 719 3119 768 3168; x_wconf 86' lang='lat' dir='ltr'>dn·</span> 
     </span>
     <span class='ocr_line' id='line_1_40' title="bbox 226 3188 766 3256; baseline -0.013 -13"><span class='ocrx_word' id='word_1_202' title='bbox 226 3193 289 3243; x_wconf 86' lang='lat' dir='ltr'>dum</span> <span class='ocrx_word' id='word_1_203' title='bbox 307 3192 446 3256; x_wconf 80' lang='lat' dir='ltr'>professus</span> <span class='ocrx_word' id='word_1_204' title='bbox 466 3207 539 3242; x_wconf 86' lang='lat' dir='ltr'>eram</span> <span class='ocrx_word' id='word_1_205' title='bbox 561 3192 588 3239; x_wconf 90' lang='lat' dir='ltr'>in</span> <span class='ocrx_word' id='word_1_206' title='bbox 606 3189 721 3240; x_wconf 87' lang='lat' dir='ltr'>Jahrbb.</span> <span class='ocrx_word' id='word_1_207' title='bbox 747 3188 766 3238; x_wconf 85' lang='lat' dir='ltr'>f.</span> 
     </span>
     <span class='ocr_line' id='line_1_41' title="bbox 225 3256 765 3325; baseline -0.009 -13"><span class='ocrx_word' id='word_1_208' title='bbox 225 3262 324 3315; x_wconf 88' lang='lat' dir='ltr'>Philol.</span> <span class='ocrx_word' id='word_1_209' title='bbox 341 3278 368 3313; x_wconf 89' lang='grc' dir='ltr'>ιι.</span> <span class='ocrx_word' id='word_1_210' title='bbox 380 3261 500 3325; x_wconf 85' lang='lat' dir='ltr'>Paedug.</span> <span class='ocrx_word' id='word_1_211' title='bbox 515 3258 576 3311; x_wconf 87' lang='lat' dir='ltr'>Vol.</span> <span class='ocrx_word' id='word_1_212' title='bbox 591 3261 652 3310; x_wconf 88' lang='lat' dir='ltr'>LII.</span> <span class='ocrx_word' id='word_1_213' title='bbox 667 3275 693 3323; x_wconf 90' lang='lat' dir='ltr'>p.</span> <span class='ocrx_word' id='word_1_214' title='bbox 704 3256 765 3319; x_wconf 88' lang='grc'><strong>398,</strong></span> 
     </span>
     <span class='ocr_line' id='line_1_42' title="bbox 226 3331 768 3393; baseline -0.006 -12"><span class='ocrx_word' id='word_1_215' title='bbox 226 3332 315 3383; x_wconf 86' lang='lat' dir='ltr'>adlruc</span> <span class='ocrx_word' id='word_1_216' title='bbox 333 3332 405 3382; x_wconf 88' lang='lat' dir='ltr'>tueri</span> <span class='ocrx_word' id='word_1_217' title='bbox 423 3331 531 3389; x_wconf 88' lang='lat' dir='ltr'>malim,</span> <span class='ocrx_word' id='word_1_218' title='bbox 557 3344 637 3393; x_wconf 89' lang='lat' dir='ltr'>quam</span> <span class='ocrx_word' id='word_1_219' title='bbox 656 3344 703 3379; x_wconf 87' lang='lat' dir='ltr'>eos</span> <span class='ocrx_word' id='word_1_220' title='bbox 725 3344 768 3378; x_wconf 88' lang='lat' dir='ltr'>se·</span> 
     </span>
     <span class='ocr_line' id='line_1_43' title="bbox 225 3400 767 3467; baseline -0.002 -18"><span class='ocrx_word' id='word_1_221' title='bbox 225 3403 289 3465; x_wconf 90' lang='lat' dir='ltr'>qui,</span> <span class='ocrx_word' id='word_1_222' title='bbox 322 3402 368 3467; x_wconf 91' lang='lat' dir='ltr'>qui</span> <span class='ocrx_word' id='word_1_223' title='bbox 395 3400 530 3450; x_wconf 79' lang='lat' dir='ltr'>Herodoti</span> <span class='ocrx_word' id='word_1_224' title='bbox 556 3400 716 3463; x_wconf 88' lang='lat' dir='ltr'>Pergamum</span> <span class='ocrx_word' id='word_1_225' title='bbox 744 3413 767 3448; x_wconf 90' lang='lat' dir='ltr'>s.</span> 
     </span>
     <span class='ocr_line' id='line_1_44' title="bbox 225 3468 766 3532; baseline -0.009 -11"><span class='ocrx_word' id='word_1_226' title='bbox 225 3472 305 3521; x_wconf 90' lang='lat' dir='ltr'>Ilium</span> <span class='ocrx_word' id='word_1_227' title='bbox 331 3470 432 3521; x_wconf 91' lang='lat' dir='ltr'>nullum</span> <span class='ocrx_word' id='word_1_228' title='bbox 459 3468 533 3520; x_wconf 87' lang='lat' dir='ltr'>alind</span> <span class='ocrx_word' id='word_1_229' title='bbox 562 3483 623 3519; x_wconf 90' lang='lat' dir='ltr'>esse</span> <span class='ocrx_word' id='word_1_230' title='bbox 653 3472 766 3532; x_wconf 87' lang='lat' dir='ltr'>ponunt,</span> 
     </span>
     <span class='ocr_line' id='line_1_45' title="bbox 225 3538 769 3603; baseline -0.009 -13"><span class='ocrx_word' id='word_1_231' title='bbox 225 3541 280 3591; x_wconf 91' lang='lat' dir='ltr'>nisi</span> <span class='ocrx_word' id='word_1_232' title='bbox 292 3539 371 3590; x_wconf 88' lang='lat' dir='ltr'>Ilium</span> <span class='ocrx_word' id='word_1_233' title='bbox 386 3541 521 3590; x_wconf 87' lang='lat' dir='ltr'>recentius</span> <span class='ocrx_word' id='word_1_234' title='bbox 537 3539 563 3587; x_wconf 93' lang='lat' dir='ltr'>in</span> <span class='ocrx_word' id='word_1_235' title='bbox 576 3538 690 3603; x_wconf 74' lang='lat' dir='ltr'>planitie</span> <span class='ocrx_word' id='word_1_236' title='bbox 704 3553 769 3587; x_wconf 89' lang='lat' dir='ltr'>con-</span> 
     </span>
     <span class='ocr_line' id='line_1_46' title="bbox 227 3606 768 3674; baseline -0.009 -14"><span class='ocrx_word' id='word_1_237' title='bbox 227 3611 312 3660; x_wconf 88' lang='lat' dir='ltr'>ditum</span> <span class='ocrx_word' id='word_1_238' title='bbox 334 3611 401 3660; x_wconf 87' lang='lat' dir='ltr'>mari</span> <span class='ocrx_word' id='word_1_239' title='bbox 426 3609 539 3674; x_wconf 88' lang='lat' dir='ltr'>propius</span> <span class='ocrx_word' id='word_1_240' title='bbox 559 3623 613 3657; x_wconf 89' lang='lat' dir='ltr'>nou</span> <span class='ocrx_word' id='word_1_241' title='bbox 635 3606 727 3671; x_wconf 89' lang='lat' dir='ltr'>procul</span> <span class='ocrx_word' id='word_1_242' title='bbox 750 3622 768 3655; x_wconf 88' lang='lat' dir='ltr'>a</span> 
     </span>
     <span class='ocr_line' id='line_1_47' title="bbox 225 3674 768 3739; baseline -0.007 -9"><span class='ocrx_word' id='word_1_243' title='bbox 225 3683 304 3739; x_wconf 84' lang='lat' dir='ltr'>vico,</span> <span class='ocrx_word' id='word_1_244' title='bbox 321 3681 366 3730; x_wconf 89' lang='lat' dir='ltr'>cui</span> <span class='ocrx_word' id='word_1_245' title='bbox 381 3696 453 3730; x_wconf 91' lang='lat' dir='ltr'>nunc</span> <span class='ocrx_word' id='word_1_246' title='bbox 469 3694 565 3729; x_wconf 90' lang='lat' dir='ltr'>nomen</span> <span class='ocrx_word' id='word_1_247' title='bbox 582 3676 715 3728; x_wconf 64' lang='lat' dir='ltr'>matriolas</span> <span class='ocrx_word' id='word_1_248' title='bbox 731 3674 768 3734; x_wconf 81' lang='grc' dir='ltr'>(ν.</span> 
     </span>
     <span class='ocr_line' id='line_1_48' title="bbox 226 3746 768 3800; baseline -0.007 -2"><span class='ocrx_word' id='word_1_249' title='bbox 226 3750 432 3800; x_wconf 86' lang='lat' dir='ltr'>Erkenbrecher</span> <span class='ocrx_word' id='word_1_250' title='bbox 445 3750 485 3798; x_wconf 89' lang='lat' dir='ltr'>in:</span> <span class='ocrx_word' id='word_1_251' title='bbox 505 3749 574 3798; x_wconf 88' lang='lat' dir='ltr'>Mus.</span> <span class='ocrx_word' id='word_1_252' title='bbox 587 3746 673 3799; x_wconf 83' lang='lat' dir='ltr'>Rhea.</span> <span class='ocrx_word' id='word_1_253' title='bbox 688 3748 721 3797; x_wconf 90' lang='lat' dir='ltr'>N.</span> <span class='ocrx_word' id='word_1_254' title='bbox 737 3747 768 3795; x_wconf 82' lang='lat' dir='ltr'>F.</span> 
     </span>
     <span class='ocr_line' id='line_1_49' title="bbox 228 3816 769 3884; baseline -0.006 -16"><span class='ocrx_word' id='word_1_255' title='bbox 228 3819 264 3868; x_wconf 94' lang='lat' dir='ltr'>II.</span> <span class='ocrx_word' id='word_1_256' title='bbox 283 3835 309 3883; x_wconf 90' lang='lat' dir='ltr'>p.</span> <span class='ocrx_word' id='word_1_257' title='bbox 328 3820 339 3869; x_wconf 93' lang='grc'>1</span> <span class='ocrx_word' id='word_1_258' title='bbox 355 3835 430 3884; x_wconf 88' lang='lat' dir='ltr'>seqq.</span> <span class='ocrx_word' id='word_1_259' title='bbox 454 3817 578 3882; x_wconf 86' lang='lat' dir='ltr'>inprimis</span> <span class='ocrx_word' id='word_1_260' title='bbox 592 3833 618 3881; x_wconf 90' lang='lat' dir='ltr'>p.</span> <span class='ocrx_word' id='word_1_261' title='bbox 635 3816 669 3867; x_wconf 82' lang='lat'>30</span> <span class='ocrx_word' id='word_1_262' title='bbox 683 3831 769 3879; x_wconf 83' lang='lat' dir='ltr'>seqq,</span> 
     </span>
     <span class='ocr_line' id='line_1_50' title="bbox 227 3886 767 3939; baseline -0.007 0"><span class='ocrx_word' id='word_1_263' title='bbox 227 3889 279 3939; x_wconf 90' lang='lat' dir='ltr'>Iul.</span> <span class='ocrx_word' id='word_1_264' title='bbox 296 3890 403 3939; x_wconf 79' lang='lat' dir='ltr'>Brenn:</span> <span class='ocrx_word' id='word_1_265' title='bbox 424 3889 524 3937; x_wconf 89' lang='lat' dir='ltr'>Homer</span> <span class='ocrx_word' id='word_1_266' title='bbox 540 3902 566 3936; x_wconf 90' lang='grc' dir='ltr'>ιι.</span> <span class='ocrx_word' id='word_1_267' title='bbox 584 3886 643 3936; x_wconf 82' lang='grc' dir='ltr'>ιοίιι</span> <span class='ocrx_word' id='word_1_268' title='bbox 655 3886 767 3937; x_wconf 83' lang='lat' dir='ltr'>Zeitalt.</span> 
     </span>
     <span class='ocr_line' id='line_1_51' title="bbox 228 3954 769 4023; baseline -0.009 -14"><span class='ocrx_word' id='word_1_269' title='bbox 228 3975 254 4023; x_wconf 89' lang='lat' dir='ltr'>p.</span> <span class='ocrx_word' id='word_1_270' title='bbox 271 3959 302 4009; x_wconf 90' lang='lat' dir='ltr'>to</span> <span class='ocrx_word' id='word_1_271' title='bbox 315 3958 401 4023; x_wconf 79' lang='lat' dir='ltr'>seq.);</span> <span class='ocrx_word' id='word_1_272' title='bbox 420 3974 470 4007; x_wconf 90' lang='lat' dir='ltr'>nec</span> <span class='ocrx_word' id='word_1_273' title='bbox 487 3957 603 4022; x_wconf 91' lang='lat' dir='ltr'>denique</span> <span class='ocrx_word' id='word_1_274' title='bbox 619 3956 709 4020; x_wconf 89' lang='lat' dir='ltr'>placet</span> <span class='ocrx_word' id='word_1_275' title='bbox 721 3954 769 4005; x_wconf 92' lang='lat' dir='ltr'>Ul-</span> 
     </span>
     <span class='ocr_line' id='line_1_52' title="bbox 228 4025 769 4092; baseline -0.002 -16"><span class='ocrx_word' id='word_1_276' title='bbox 228 4028 321 4078; x_wconf 77' lang='lat' dir='ltr'>riohsii</span> <span class='ocrx_word' id='word_1_277' title='bbox 335 4028 471 4078; x_wconf 88' lang='lat' dir='ltr'>sententia</span> <span class='ocrx_word' id='word_1_278' title='bbox 490 4026 572 4092; x_wconf 87' lang='lat' dir='ltr'>(Mus.</span> <span class='ocrx_word' id='word_1_279' title='bbox 589 4025 675 4079; x_wconf 87' lang='lat' dir='ltr'>Rhen.</span> <span class='ocrx_word' id='word_1_280' title='bbox 690 4027 723 4075; x_wconf 92' lang='lat' dir='ltr'>N.</span> <span class='ocrx_word' id='word_1_281' title='bbox 737 4025 769 4075; x_wconf 85' lang='lat' dir='ltr'>F.</span> 
     </span>
     <span class='ocr_line' id='line_1_53' title="bbox 229 4094 771 4163; baseline -0.009 -15"><span class='ocrx_word' id='word_1_282' title='bbox 229 4099 240 4148; x_wconf 89' lang='lat'>1</span> <span class='ocrx_word' id='word_1_283' title='bbox 246 4098 280 4148; x_wconf 89' lang='grc' dir='ltr'>ΙΙ.</span> <span class='ocrx_word' id='word_1_284' title='bbox 294 4115 317 4163; x_wconf 89' lang='lat' dir='ltr'>p.</span> <span class='ocrx_word' id='word_1_285' title='bbox 334 4099 384 4149; x_wconf 74' lang='lat'>572</span> <span class='ocrx_word' id='word_1_286' title='bbox 397 4094 501 4163; x_wconf 81' lang='lat' dir='ltr'>seqq),</span> <span class='ocrx_word' id='word_1_287' title='bbox 517 4099 562 4162; x_wconf 91' lang='lat' dir='ltr'>qui</span> <span class='ocrx_word' id='word_1_288' title='bbox 576 4097 685 4146; x_wconf 82' lang='lat' dir='ltr'>Troiam</span> <span class='ocrx_word' id='word_1_289' title='bbox 699 4095 771 4145; x_wconf 89' lang='lat' dir='ltr'>anti·</span> 
     </span>
     <span class='ocr_line' id='line_1_54' title="bbox 229 4166 769 4233; baseline -0.007 -18"><span class='ocrx_word' id='word_1_290' title='bbox 229 4184 309 4233; x_wconf 82' lang='lat' dir='ltr'>quam</span> <span class='ocrx_word' id='word_1_291' title='bbox 324 4184 346 4217; x_wconf 89' lang='lat' dir='ltr'>s.</span> <span class='ocrx_word' id='word_1_292' title='bbox 358 4170 518 4233; x_wconf 82' lang='lat' dir='ltr'>Pergamum</span> <span class='ocrx_word' id='word_1_293' title='bbox 533 4183 564 4217; x_wconf 89' lang='lat' dir='ltr'>eo</span> <span class='ocrx_word' id='word_1_294' title='bbox 578 4166 639 4216; x_wconf 89' lang='lat' dir='ltr'>loco</span> <span class='ocrx_word' id='word_1_295' title='bbox 653 4166 769 4229; x_wconf 84' lang='lat' dir='ltr'>quaerit,</span> 
     </span>
     <span class='ocr_line' id='line_1_55' title="bbox 229 4236 769 4301; baseline -0.006 -14"><span class='ocrx_word' id='word_1_296' title='bbox 229 4254 281 4301; x_wconf 92' lang='lat' dir='ltr'>quo</span> <span class='ocrx_word' id='word_1_297' title='bbox 309 4254 379 4287; x_wconf 91' lang='lat' dir='ltr'>nunc</span> <span class='ocrx_word' id='word_1_298' title='bbox 408 4239 486 4288; x_wconf 83' lang='lat' dir='ltr'>vicus</span> <span class='ocrx_word' id='word_1_299' title='bbox 516 4236 721 4286; x_wconf 78' lang='lat' dir='ltr'>Alatscbi-Kioi</span> <span class='ocrx_word' id='word_1_300' title='bbox 747 4249 769 4284; x_wconf 86' lang='lat' dir='ltr'>a.</span> 
     </span>
     <span class='ocr_line' id='line_1_56' title="bbox 230 4303 770 4367; baseline -0.007 -11"><span class='ocrx_word' id='word_1_301' title='bbox 230 4307 417 4367; x_wconf 81' lang='lat' dir='ltr'>Atrik-Kioi‚</span> <span class='ocrx_word' id='word_1_302' title='bbox 443 4312 563 4357; x_wconf 83' lang='lat' dir='ltr'>remotus</span> <span class='ocrx_word' id='word_1_303' title='bbox 583 4306 663 4354; x_wconf 88' lang='lat' dir='ltr'>nnius</span> <span class='ocrx_word' id='word_1_304' title='bbox 686 4303 770 4353; x_wconf 83' lang='lat' dir='ltr'>horne</span> 
     </span>
     <span class='ocr_line' id='line_1_57' title="bbox 229 4374 770 4442; baseline -0.007 -16"><span class='ocrx_word' id='word_1_305' title='bbox 229 4378 320 4442; x_wconf 85' lang='lat' dir='ltr'>spatio</span> <span class='ocrx_word' id='word_1_306' title='bbox 343 4393 359 4426; x_wconf 86' lang='lat' dir='ltr'>a</span> <span class='ocrx_word' id='word_1_307' title='bbox 382 4379 443 4427; x_wconf 81' lang='lat' dir='ltr'>vico</span> <span class='ocrx_word' id='word_1_308' title='bbox 465 4374 666 4439; x_wconf 80' lang='lat' dir='ltr'>Bunarbesclri‚</span> <span class='ocrx_word' id='word_1_309' title='bbox 690 4388 770 4438; x_wconf 90' lang='lat' dir='ltr'>quem</span> 
     </span>
    </p>
   </div>
   <div class='ocr_carea' id='block_1_7' title="bbox 804 752 1362 4441">
    <p class='ocr_par' dir='ltr' id='par_1_8' title="bbox 804 752 1362 4441">
     <span class='ocr_line' id='line_1_58' title="bbox 804 752 1348 805; baseline -0.011 0"><span class='ocrx_word' id='word_1_310' title='bbox 804 753 1002 805; x_wconf 83' lang='lat' dir='ltr'>Scamandrise</span> <span class='ocrx_word' id='word_1_311' title='bbox 1012 755 1113 804; x_wconf 88' lang='lat' dir='ltr'>veteris</span> <span class='ocrx_word' id='word_1_312' title='bbox 1122 752 1211 802; x_wconf 82' lang='lat' dir='ltr'>locum</span> <span class='ocrx_word' id='word_1_313' title='bbox 1225 752 1348 805; x_wconf 80' lang='lat' dir='ltr'>obtmere</span> 
     </span>
     <span class='ocr_line' id='line_1_59' title="bbox 804 822 1351 890; baseline -0.007 -16"><span class='ocrx_word' id='word_1_314' title='bbox 804 829 893 890; x_wconf 82' lang='lat' dir='ltr'>putat.</span> <span class='ocrx_word' id='word_1_315' title='bbox 935 824 990 874; x_wconf 82' lang='lat' dir='ltr'>Sed</span> <span class='ocrx_word' id='word_1_316' title='bbox 1013 823 1082 874; x_wconf 90' lang='lat' dir='ltr'>baec</span> <span class='ocrx_word' id='word_1_317' title='bbox 1098 823 1206 887; x_wconf 80' lang='lat' dir='ltr'>longius</span> <span class='ocrx_word' id='word_1_318' title='bbox 1223 822 1351 888; x_wconf 78' lang='lat' dir='ltr'>persequi</span> 
     </span>
     <span class='ocr_line' id='line_1_60' title="bbox 805 891 1351 958; baseline -0.011 -13"><span class='ocrx_word' id='word_1_319' title='bbox 805 895 840 945; x_wconf 87' lang='lat' dir='ltr'>ab</span> <span class='ocrx_word' id='word_1_320' title='bbox 851 893 984 945; x_wconf 87' lang='lat' dir='ltr'>Herodoti</span> <span class='ocrx_word' id='word_1_321' title='bbox 995 894 1220 958; x_wconf 79' lang='lat' dir='ltr'>interpretatione</span> <span class='ocrx_word' id='word_1_322' title='bbox 1232 891 1351 942; x_wconf 89' lang='lat' dir='ltr'>alienum</span> 
     </span>
     <span class='ocr_line' id='line_1_61' title="bbox 804 962 1353 1029; baseline -0.009 -14"><span class='ocrx_word' id='word_1_323' title='bbox 804 963 925 1015; x_wconf 87' lang='lat' dir='ltr'>videtur:</span> <span class='ocrx_word' id='word_1_324' title='bbox 944 966 989 1029; x_wconf 92' lang='lat' dir='ltr'>qui</span> <span class='ocrx_word' id='word_1_325' title='bbox 1001 962 1109 1027; x_wconf 86' lang='lat' dir='ltr'>singula</span> <span class='ocrx_word' id='word_1_326' title='bbox 1119 978 1285 1027; x_wconf 82' lang='lat' dir='ltr'>cognoscere</span> <span class='ocrx_word' id='word_1_327' title='bbox 1295 970 1353 1010; x_wconf 88' lang='lat' dir='ltr'>etu-</span> 
     </span>
     <span class='ocr_line' id='line_1_62' title="bbox 806 1032 1352 1098; baseline -0.009 -14"><span class='ocrx_word' id='word_1_328' title='bbox 806 1035 883 1094; x_wconf 85' lang='lat' dir='ltr'>deat,</span> <span class='ocrx_word' id='word_1_329' title='bbox 912 1033 996 1082; x_wconf 90' lang='lat' dir='ltr'>adeat</span> <span class='ocrx_word' id='word_1_330' title='bbox 1016 1048 1085 1098; x_wconf 89' lang='lat' dir='ltr'>quae</span> <span class='ocrx_word' id='word_1_331' title='bbox 1102 1032 1218 1083; x_wconf 89' lang='lat' dir='ltr'>collecta</span> <span class='ocrx_word' id='word_1_332' title='bbox 1238 1032 1352 1094; x_wconf 86' lang='lat' dir='ltr'>praebet</span> 
     </span>
     <span class='ocr_line' id='line_1_63' title="bbox 806 1071 1354 1167; baseline -0.008 -14"><span class='ocrx_word' id='word_1_333' title='bbox 806 1105 839 1154; x_wconf 89' lang='lat' dir='ltr'>de</span> <span class='ocrx_word' id='word_1_334' title='bbox 853 1071 895 1152; x_wconf 84' lang='lat' dir='ltr'>his</span> <span class='ocrx_word' id='word_1_335' title='bbox 907 1103 1060 1167; x_wconf 84' lang='lat' dir='ltr'>Forbiger</span> <span class='ocrx_word' id='word_1_336' title='bbox 1053 1118 1095 1152; x_wconf 87' lang='lat' dir='ltr'>rn:</span> <span class='ocrx_word' id='word_1_337' title='bbox 1112 1102 1208 1166; x_wconf 82' lang='lat' dir='ltr'>Pauly&#39;</span> <span class='ocrx_word' id='word_1_338' title='bbox 1211 1118 1224 1151; x_wconf 92' lang='lat' dir='ltr'>s</span> <span class='ocrx_word' id='word_1_339' title='bbox 1237 1101 1354 1151; x_wconf 85' lang='lat' dir='ltr'>Realeu·</span> 
     </span>
     <span class='ocr_line' id='line_1_64' title="bbox 806 1172 1354 1238; baseline -0.009 -13"><span class='ocrx_word' id='word_1_340' title='bbox 806 1172 965 1238; x_wconf 81' lang='lat' dir='ltr'>oyclopaed.</span> <span class='ocrx_word' id='word_1_341' title='bbox 983 1173 1037 1231; x_wconf 87' lang='lat' dir='ltr'>Vl,</span> <span class='ocrx_word' id='word_1_342' title='bbox 1053 1174 1078 1221; x_wconf 76' lang='lat'>2.</span> <span class='ocrx_word' id='word_1_343' title='bbox 1098 1188 1125 1236; x_wconf 93' lang='lat' dir='ltr'>p</span> <span class='ocrx_word' id='word_1_344' title='bbox 1142 1172 1208 1222; x_wconf 79' lang='lat' dir='ltr'>auu</span> <span class='ocrx_word' id='word_1_345' title='bbox 1230 1186 1305 1235; x_wconf 87' lang='lat' dir='ltr'>seqq.</span> <span class='ocrx_word' id='word_1_346' title='bbox 1325 1175 1354 1220; x_wconf 85' lang='lat' dir='ltr'>et</span> 
     </span>
     <span class='ocr_line' id='line_1_65' title="bbox 806 1240 1353 1307; baseline -0.004 -15"><span class='ocrx_word' id='word_1_347' title='bbox 806 1243 915 1293; x_wconf 87' lang='lat' dir='ltr'>Handb.</span> <span class='ocrx_word' id='word_1_348' title='bbox 930 1242 955 1292; x_wconf 91' lang='lat' dir='ltr'>d</span> <span class='ocrx_word' id='word_1_349' title='bbox 973 1242 1021 1291; x_wconf 87' lang='lat' dir='ltr'>alt.</span> <span class='ocrx_word' id='word_1_350' title='bbox 1037 1242 1136 1307; x_wconf 87' lang='lat' dir='ltr'>Geogr</span> <span class='ocrx_word' id='word_1_351' title='bbox 1152 1241 1190 1294; x_wconf 93' lang='lat' dir='ltr'>II.</span> <span class='ocrx_word' id='word_1_352' title='bbox 1211 1256 1274 1305; x_wconf 86' lang='lat' dir='ltr'>pag.</span> <span class='ocrx_word' id='word_1_353' title='bbox 1292 1240 1353 1292; x_wconf 81' lang='grc'><strong>149.</strong></span> 
     </span>
     <span class='ocr_line' id='line_1_66' title="bbox 808 1310 1355 1391; baseline -0.007 -29"><span class='ocrx_word' id='word_1_354' title='bbox 808 1312 888 1374; x_wconf 82' lang='lat' dir='ltr'>Quod</span> <span class='ocrx_word' id='word_1_355' title='bbox 906 1327 956 1362; x_wconf 93' lang='lat' dir='ltr'>nos</span> <span class='ocrx_word' id='word_1_356' title='bbox 972 1312 1126 1391; x_wconf 87' lang='lat' dir='ltr'>posuimus,</span> <span class='ocrx_word' id='word_1_357' title='bbox 1148 1311 1263 1375; x_wconf 85' lang='lat' dir='ltr'>probare</span> <span class='ocrx_word' id='word_1_358' title='bbox 1279 1310 1355 1359; x_wconf 85' lang='lat' dir='ltr'>vide-</span> 
     </span>
     <span class='ocr_line' id='line_1_67' title="bbox 807 1370 1355 1446; baseline -0.009 -14"><span class='ocrx_word' id='word_1_359' title='bbox 807 1389 852 1432; x_wconf 90' lang='lat' dir='ltr'>tur</span> <span class='ocrx_word' id='word_1_360' title='bbox 863 1381 905 1432; x_wconf 88' lang='lat' dir='ltr'>vel</span> <span class='ocrx_word' id='word_1_361' title='bbox 915 1382 1025 1432; x_wconf 84' lang='lat' dir='ltr'>verbum</span> <span class='ocrx_word' id='word_1_362' title='bbox 1036 1370 1134 1446; x_wconf 72' lang='grc' dir='ltr'><em>ἀνέβη,</em></span> <span class='ocrx_word' id='word_1_363' title='bbox 1149 1381 1184 1430; x_wconf 88' lang='lat' dir='ltr'>ad</span> <span class='ocrx_word' id='word_1_364' title='bbox 1196 1380 1284 1431; x_wconf 88' lang='lat' dir='ltr'>locum</span> <span class='ocrx_word' id='word_1_365' title='bbox 1297 1380 1355 1429; x_wconf 88' lang='lat' dir='ltr'>edi</span> 
     </span>
     <span class='ocr_line' id='line_1_68' title="bbox 809 1450 1353 1511; baseline -0.008 -9"><span class='ocrx_word' id='word_1_366' title='bbox 809 1452 924 1511; x_wconf 86' lang='lat' dir='ltr'>tiorem,</span> <span class='ocrx_word' id='word_1_367' title='bbox 956 1452 1015 1502; x_wconf 83' lang='lat' dir='ltr'>aire</span> <span class='ocrx_word' id='word_1_368' title='bbox 1039 1450 1137 1502; x_wconf 84' lang='lat' dir='ltr'>collem</span> <span class='ocrx_word' id='word_1_369' title='bbox 1165 1451 1225 1501; x_wconf 84' lang='lat' dir='ltr'>sire</span> <span class='ocrx_word' id='word_1_370' title='bbox 1251 1465 1353 1507; x_wconf 86' lang='lat' dir='ltr'>arcem,</span> 
     </span>
     <span class='ocr_line' id='line_1_69' title="bbox 808 1488 1354 1587; baseline -0.004 -16"><span class='ocrx_word' id='word_1_371' title='bbox 808 1537 886 1587; x_wconf 89' lang='lat' dir='ltr'>quem</span> <span class='ocrx_word' id='word_1_372' title='bbox 901 1488 1005 1571; x_wconf 81' lang='lat' dir='ltr'>Xerxes</span> <span class='ocrx_word' id='word_1_373' title='bbox 1023 1520 1159 1582; x_wconf 86' lang='lat' dir='ltr'>escendit,</span> <span class='ocrx_word' id='word_1_374' title='bbox 1179 1521 1277 1585; x_wconf 88' lang='lat' dir='ltr'>utique</span> <span class='ocrx_word' id='word_1_375' title='bbox 1293 1535 1354 1583; x_wconf 87' lang='lat' dir='ltr'>spe-</span> 
     </span>
     <span class='ocr_line' id='line_1_70' title="bbox 809 1557 1353 1651; baseline -0.007 -9"><span class='ocrx_word' id='word_1_376' title='bbox 809 1596 898 1642; x_wconf 87' lang='lat' dir='ltr'>ctans.</span> <span class='ocrx_word' id='word_1_377' title='bbox 921 1590 1113 1641; x_wconf 84' lang='lat' dir='ltr'>Commorerat</span> <span class='ocrx_word' id='word_1_378' title='bbox 1126 1557 1216 1640; x_wconf 72' lang='lat' dir='ltr'>alitem</span> <span class='ocrx_word' id='word_1_379' title='bbox 1225 1590 1353 1651; x_wconf 81' lang='lat' dir='ltr'>Xerxem,</span> 
     </span>
     <span class='ocr_line' id='line_1_71' title="bbox 809 1658 1356 1724; baseline -0.006 -14"><span class='ocrx_word' id='word_1_380' title='bbox 809 1667 841 1711; x_wconf 91' lang='lat' dir='ltr'>ut</span> <span class='ocrx_word' id='word_1_381' title='bbox 863 1659 1060 1721; x_wconf 86' lang='lat' dir='ltr'>adscenderet,</span> <span class='ocrx_word' id='word_1_382' title='bbox 1094 1662 1155 1724; x_wconf 85' lang='lat' dir='ltr'>ipsa</span> <span class='ocrx_word' id='word_1_383' title='bbox 1180 1660 1233 1710; x_wconf 87' lang='lat' dir='ltr'>loci</span> <span class='ocrx_word' id='word_1_384' title='bbox 1257 1658 1356 1709; x_wconf 90' lang='lat' dir='ltr'>nobili·</span> 
     </span>
     <span class='ocr_line' id='line_1_72' title="bbox 810 1696 1353 1793; baseline -0.006 -14"><span class='ocrx_word' id='word_1_385' title='bbox 810 1736 866 1780; x_wconf 86' lang='lat' dir='ltr'>tas:</span> <span class='ocrx_word' id='word_1_386' title='bbox 888 1696 1077 1780; x_wconf 81' lang='lat' dir='ltr'>excitaverarit</span> <span class='ocrx_word' id='word_1_387' title='bbox 1092 1730 1238 1780; x_wconf 87' lang='lat' dir='ltr'>Persarum</span> <span class='ocrx_word' id='word_1_388' title='bbox 1262 1743 1353 1793; x_wconf 87' lang='lat' dir='ltr'>regem</span> 
     </span>
     <span class='ocr_line' id='line_1_73' title="bbox 810 1799 1355 1864; baseline -0.007 -14"><span class='ocrx_word' id='word_1_389' title='bbox 810 1801 908 1851; x_wconf 84' lang='lat' dir='ltr'>Graeci</span> <span class='ocrx_word' id='word_1_390' title='bbox 923 1799 1014 1861; x_wconf 89' lang='lat' dir='ltr'>multi,</span> <span class='ocrx_word' id='word_1_391' title='bbox 1035 1800 1080 1863; x_wconf 89' lang='lat' dir='ltr'>qui</span> <span class='ocrx_word' id='word_1_392' title='bbox 1098 1801 1184 1864; x_wconf 90' lang='lat' dir='ltr'>ipsius</span> <span class='ocrx_word' id='word_1_393' title='bbox 1204 1799 1355 1850; x_wconf 86' lang='lat' dir='ltr'>exercitum</span> 
     </span>
     <span class='ocr_line' id='line_1_74' title="bbox 810 1868 1355 1934; baseline -0.004 -15"><span class='ocrx_word' id='word_1_394' title='bbox 810 1870 995 1934; x_wconf 81' lang='lat' dir='ltr'>sequebantur</span> <span class='ocrx_word' id='word_1_395' title='bbox 1013 1874 1097 1934; x_wconf 86' lang='lat' dir='ltr'>atque</span> <span class='ocrx_word' id='word_1_396' title='bbox 1123 1871 1151 1919; x_wconf 90' lang='lat' dir='ltr'>in</span> <span class='ocrx_word' id='word_1_397' title='bbox 1171 1870 1258 1933; x_wconf 86' lang='lat' dir='ltr'>ipsius</span> <span class='ocrx_word' id='word_1_398' title='bbox 1282 1868 1355 1931; x_wconf 79' lang='lat' dir='ltr'>regis</span> 
     </span>
     <span class='ocr_line' id='line_1_75' title="bbox 813 1938 1356 2000; baseline -0.006 -11"><span class='ocrx_word' id='word_1_399' title='bbox 813 1941 1042 2000; x_wconf 65' lang='lat' dir='ltr'>comminuerent,</span> <span class='ocrx_word' id='word_1_400' title='bbox 1055 1938 1107 1988; x_wconf 90' lang='lat' dir='ltr'>loci</span> <span class='ocrx_word' id='word_1_401' title='bbox 1122 1938 1289 1989; x_wconf 83' lang='lat' dir='ltr'>carminibus</span> <span class='ocrx_word' id='word_1_402' title='bbox 1300 1938 1356 1987; x_wconf 87' lang='lat' dir='ltr'>Ho-</span> 
     </span>
     <span class='ocr_line' id='line_1_76' title="bbox 812 2009 1355 2060; baseline -0.006 -1"><span class='ocrx_word' id='word_1_403' title='bbox 812 2010 921 2060; x_wconf 90' lang='lat' dir='ltr'>mericis</span> <span class='ocrx_word' id='word_1_404' title='bbox 935 2009 1067 2059; x_wconf 86' lang='lat' dir='ltr'>celebrati</span> <span class='ocrx_word' id='word_1_405' title='bbox 1080 2009 1149 2058; x_wconf 91' lang='lat' dir='ltr'>bene</span> <span class='ocrx_word' id='word_1_406' title='bbox 1163 2023 1294 2058; x_wconf 85' lang='lat' dir='ltr'>memores</span> <span class='ocrx_word' id='word_1_407' title='bbox 1308 2023 1355 2056; x_wconf 87' lang='lat' dir='ltr'>ne-</span> 
     </span>
     <span class='ocr_line' id='line_1_77' title="bbox 812 2078 1356 2143; baseline -0.011 -14"><span class='ocrx_word' id='word_1_408' title='bbox 812 2095 865 2143; x_wconf 90' lang='lat' dir='ltr'>que</span> <span class='ocrx_word' id='word_1_409' title='bbox 877 2078 945 2128; x_wconf 88' lang='lat' dir='ltr'>adeo</span> <span class='ocrx_word' id='word_1_410' title='bbox 962 2078 1042 2128; x_wconf 86' lang='lat' dir='ltr'>inscii</span> <span class='ocrx_word' id='word_1_411' title='bbox 1053 2079 1111 2128; x_wconf 89' lang='lat' dir='ltr'>eius</span> <span class='ocrx_word' id='word_1_412' title='bbox 1127 2079 1282 2142; x_wconf 86' lang='lat' dir='ltr'>opinionis,</span> <span class='ocrx_word' id='word_1_413' title='bbox 1301 2091 1356 2140; x_wconf 91' lang='lat' dir='ltr'>qua</span> 
     </span>
     <span class='ocr_line' id='line_1_78' title="bbox 813 2146 1355 2212; baseline -0.009 -14"><span class='ocrx_word' id='word_1_414' title='bbox 813 2150 913 2200; x_wconf 79' lang='lat' dir='ltr'>Persae</span> <span class='ocrx_word' id='word_1_415' title='bbox 923 2164 952 2199; x_wconf 90' lang='lat' dir='ltr'>se</span> <span class='ocrx_word' id='word_1_416' title='bbox 961 2149 1046 2198; x_wconf 91' lang='lat' dir='ltr'>totius</span> <span class='ocrx_word' id='word_1_417' title='bbox 1055 2149 1136 2198; x_wconf 79' lang='lat' dir='ltr'>Asiae</span> <span class='ocrx_word' id='word_1_418' title='bbox 1147 2146 1263 2212; x_wconf 88' lang='lat' dir='ltr'>indeque</span> <span class='ocrx_word' id='word_1_419' title='bbox 1272 2147 1355 2195; x_wconf 84' lang='lat' dir='ltr'>etiam</span> 
     </span>
     <span class='ocr_line' id='line_1_79' title="bbox 814 2216 1357 2280; baseline -0.009 -12"><span class='ocrx_word' id='word_1_420' title='bbox 814 2218 930 2268; x_wconf 85' lang='lat' dir='ltr'>Troadis</span> <span class='ocrx_word' id='word_1_421' title='bbox 949 2217 1073 2268; x_wconf 90' lang='lat' dir='ltr'>dominos</span> <span class='ocrx_word' id='word_1_422' title='bbox 1087 2218 1150 2267; x_wconf 92' lang='lat' dir='ltr'>inde</span> <span class='ocrx_word' id='word_1_423' title='bbox 1167 2217 1201 2266; x_wconf 87' lang='lat' dir='ltr'>ab</span> <span class='ocrx_word' id='word_1_424' title='bbox 1221 2216 1357 2280; x_wconf 87' lang='lat' dir='ltr'>antiquis-</span> 
     </span>
     <span class='ocr_line' id='line_1_80' title="bbox 814 2286 1358 2351; baseline -0.011 -12"><span class='ocrx_word' id='word_1_425' title='bbox 814 2289 883 2339; x_wconf 86' lang='lat' dir='ltr'>sima</span> <span class='ocrx_word' id='word_1_426' title='bbox 896 2292 988 2338; x_wconf 88' lang='lat' dir='ltr'>aetate</span> <span class='ocrx_word' id='word_1_427' title='bbox 1008 2287 1219 2351; x_wconf 84' lang='lat' dir='ltr'>praedicabant:</span> <span class='ocrx_word' id='word_1_428' title='bbox 1240 2286 1296 2340; x_wconf 80' lang='lat' dir='ltr'>rid.</span> <span class='ocrx_word' id='word_1_429' title='bbox 1314 2300 1358 2335; x_wconf 90' lang='lat' dir='ltr'>su·</span> 
     </span>
     <span class='ocr_line' id='line_1_81' title="bbox 814 2355 1357 2422; baseline -0.009 -15"><span class='ocrx_word' id='word_1_430' title='bbox 814 2374 864 2422; x_wconf 87' lang='lat' dir='ltr'>pra</span> <span class='ocrx_word' id='word_1_431' title='bbox 872 2362 943 2408; x_wconf 89' lang='lat' dir='ltr'>nott.</span> <span class='ocrx_word' id='word_1_432' title='bbox 956 2356 991 2405; x_wconf 86' lang='lat' dir='ltr'>ed</span> <span class='ocrx_word' id='word_1_433' title='bbox 1005 2358 1027 2415; x_wconf 88' lang='lat'>1,</span> <span class='ocrx_word' id='word_1_434' title='bbox 1038 2359 1063 2406; x_wconf 80' lang='lat'>4.</span> <span class='ocrx_word' id='word_1_435' title='bbox 1093 2357 1192 2421; x_wconf 85' lang='lat' dir='ltr'>Itaque</span> <span class='ocrx_word' id='word_1_436' title='bbox 1203 2355 1242 2406; x_wconf 93' lang='lat' dir='ltr'>nil</span> <span class='ocrx_word' id='word_1_437' title='bbox 1251 2358 1357 2415; x_wconf 85' lang='lat' dir='ltr'>mirum,</span> 
     </span>
     <span class='ocr_line' id='line_1_82' title="bbox 814 2424 1358 2490; baseline -0.007 -13"><span class='ocrx_word' id='word_1_438' title='bbox 814 2428 931 2477; x_wconf 85' lang='lat' dir='ltr'>Xerxem</span> <span class='ocrx_word' id='word_1_439' title='bbox 950 2428 978 2476; x_wconf 95' lang='lat' dir='ltr'>in</span> <span class='ocrx_word' id='word_1_440' title='bbox 990 2424 1108 2483; x_wconf 81' lang='lat' dir='ltr'>Graecos</span> <span class='ocrx_word' id='word_1_441' title='bbox 1125 2425 1309 2490; x_wconf 81' lang='lat' dir='ltr'>proiecturum</span> <span class='ocrx_word' id='word_1_442' title='bbox 1330 2425 1358 2473; x_wconf 87' lang='lat' dir='ltr'>in</span> 
     </span>
     <span class='ocr_line' id='line_1_83' title="bbox 814 2495 1358 2554; baseline -0.004 -7"><span class='ocrx_word' id='word_1_443' title='bbox 814 2497 887 2547; x_wconf 89' lang='lat' dir='ltr'>hunc</span> <span class='ocrx_word' id='word_1_444' title='bbox 914 2495 1002 2546; x_wconf 89' lang='lat' dir='ltr'>locum</span> <span class='ocrx_word' id='word_1_445' title='bbox 1029 2496 1185 2547; x_wconf 88' lang='lat' dir='ltr'>solemniter</span> <span class='ocrx_word' id='word_1_446' title='bbox 1205 2496 1358 2554; x_wconf 84' lang='lat' dir='ltr'>escendere,</span> 
     </span>
     <span class='ocr_line' id='line_1_84' title="bbox 817 2565 1359 2631; baseline -0.009 -14"><span class='ocrx_word' id='word_1_447' title='bbox 817 2582 895 2631; x_wconf 89' lang='lat' dir='ltr'>quem</span> <span class='ocrx_word' id='word_1_448' title='bbox 909 2565 943 2614; x_wconf 87' lang='lat' dir='ltr'>ad</span> <span class='ocrx_word' id='word_1_449' title='bbox 957 2566 1044 2629; x_wconf 87' lang='lat' dir='ltr'>ipsum</span> <span class='ocrx_word' id='word_1_450' title='bbox 1056 2567 1200 2616; x_wconf 87' lang='lat' dir='ltr'>Persarum</span> <span class='ocrx_word' id='word_1_451' title='bbox 1217 2566 1359 2629; x_wconf 88' lang='lat' dir='ltr'>imperinm</span> 
     </span>
     <span class='ocr_line' id='line_1_85' title="bbox 816 2634 1360 2700; baseline -0.007 -15"><span class='ocrx_word' id='word_1_452' title='bbox 816 2636 880 2685; x_wconf 92' lang='lat' dir='ltr'>olim</span> <span class='ocrx_word' id='word_1_453' title='bbox 900 2636 1066 2700; x_wconf 87' lang='lat' dir='ltr'>pertinuisse</span> <span class='ocrx_word' id='word_1_454' title='bbox 1086 2635 1121 2684; x_wconf 90' lang='lat' dir='ltr'>ab</span> <span class='ocrx_word' id='word_1_455' title='bbox 1136 2636 1232 2685; x_wconf 89' lang='lat' dir='ltr'>iisdem</span> <span class='ocrx_word' id='word_1_456' title='bbox 1248 2634 1360 2684; x_wconf 79' lang='lat' dir='ltr'>Graecis</span> 
     </span>
     <span class='ocr_line' id='line_1_86' title="bbox 817 2705 1359 2765; baseline -0.007 -10"><span class='ocrx_word' id='word_1_457' title='bbox 817 2706 880 2756; x_wconf 92' lang='lat' dir='ltr'>olim</span> <span class='ocrx_word' id='word_1_458' title='bbox 904 2705 1023 2755; x_wconf 89' lang='lat' dir='ltr'>dirutum</span> <span class='ocrx_word' id='word_1_459' title='bbox 1042 2705 1185 2763; x_wconf 85' lang='lat' dir='ltr'>ferebant;</span> <span class='ocrx_word' id='word_1_460' title='bbox 1205 2720 1255 2754; x_wconf 89' lang='lat' dir='ltr'>nec</span> <span class='ocrx_word' id='word_1_461' title='bbox 1272 2705 1359 2765; x_wconf 79' lang='lat' dir='ltr'>magis</span> 
     </span>
     <span class='ocr_line' id='line_1_87' title="bbox 816 2774 1360 2835; baseline -0.006 -10"><span class='ocrx_word' id='word_1_462' title='bbox 816 2777 927 2835; x_wconf 85' lang='lat' dir='ltr'>mirum,</span> <span class='ocrx_word' id='word_1_463' title='bbox 941 2790 1020 2825; x_wconf 87' lang='lat' dir='ltr'>sacra</span> <span class='ocrx_word' id='word_1_464' title='bbox 1031 2774 1164 2825; x_wconf 88' lang='lat' dir='ltr'>solemnia</span> <span class='ocrx_word' id='word_1_465' title='bbox 1178 2774 1215 2823; x_wconf 91' lang='lat' dir='ltr'>ibi</span> <span class='ocrx_word' id='word_1_466' title='bbox 1230 2775 1360 2825; x_wconf 86' lang='lat' dir='ltr'>instituta</span> 
     </span>
     <span class='ocr_line' id='line_1_88' title="bbox 817 2843 1360 2909; baseline -0.004 -15"><span class='ocrx_word' id='word_1_467' title='bbox 817 2845 903 2894; x_wconf 83' lang='lat' dir='ltr'>fuisse</span> <span class='ocrx_word' id='word_1_468' title='bbox 925 2859 941 2892; x_wconf 86' lang='lat' dir='ltr'>a</span> <span class='ocrx_word' id='word_1_469' title='bbox 959 2844 1047 2895; x_wconf 86' lang='lat' dir='ltr'>Xerxe</span> <span class='ocrx_word' id='word_1_470' title='bbox 1068 2843 1122 2895; x_wconf 91' lang='lat' dir='ltr'>loci</span> <span class='ocrx_word' id='word_1_471' title='bbox 1141 2845 1308 2909; x_wconf 87' lang='lat' dir='ltr'>antiquitate</span> <span class='ocrx_word' id='word_1_472' title='bbox 1331 2848 1360 2893; x_wconf 90' lang='lat' dir='ltr'>et</span> 
     </span>
     <span class='ocr_line' id='line_1_89' title="bbox 817 2912 1359 2980; baseline -0.006 -16"><span class='ocrx_word' id='word_1_473' title='bbox 817 2914 980 2965; x_wconf 84' lang='lat' dir='ltr'>celebritate</span> <span class='ocrx_word' id='word_1_474' title='bbox 1003 2918 1151 2964; x_wconf 82' lang='lat' dir='ltr'>commoto:</span> <span class='ocrx_word' id='word_1_475' title='bbox 1176 2930 1259 2980; x_wconf 82' lang='lat' dir='ltr'>quare</span> <span class='ocrx_word' id='word_1_476' title='bbox 1277 2912 1359 2963; x_wconf 90' lang='lat' dir='ltr'>nolim</span> 
     </span>
     <span class='ocr_line' id='line_1_90' title="bbox 818 2983 1361 3035; baseline -0.006 -1"><span class='ocrx_word' id='word_1_477' title='bbox 818 2985 927 3035; x_wconf 85' lang='lat' dir='ltr'>credere</span> <span class='ocrx_word' id='word_1_478' title='bbox 943 2983 1011 3034; x_wconf 90' lang='lat' dir='ltr'>haec</span> <span class='ocrx_word' id='word_1_479' title='bbox 1026 2999 1043 3032; x_wconf 91' lang='lat' dir='ltr'>a</span> <span class='ocrx_word' id='word_1_480' title='bbox 1056 2984 1170 3034; x_wconf 85' lang='lat' dir='ltr'>Graecis</span> <span class='ocrx_word' id='word_1_481' title='bbox 1184 2998 1243 3033; x_wconf 89' lang='lat' dir='ltr'>esse</span> <span class='ocrx_word' id='word_1_482' title='bbox 1255 2983 1318 3033; x_wconf 83' lang='lat' dir='ltr'>ficta</span> <span class='ocrx_word' id='word_1_483' title='bbox 1332 2987 1361 3032; x_wconf 87' lang='lat' dir='ltr'>et</span> 
     </span>
     <span class='ocr_line' id='line_1_91' title="bbox 818 3051 1361 3118; baseline -0.006 -15"><span class='ocrx_word' id='word_1_484' title='bbox 818 3054 852 3103; x_wconf 90' lang='lat' dir='ltr'>ab</span> <span class='ocrx_word' id='word_1_485' title='bbox 871 3053 966 3103; x_wconf 88' lang='lat' dir='ltr'>iisdem</span> <span class='ocrx_word' id='word_1_486' title='bbox 986 3053 1101 3118; x_wconf 86' lang='lat' dir='ltr'>probata</span> <span class='ocrx_word' id='word_1_487' title='bbox 1116 3053 1206 3103; x_wconf 87' lang='lat' dir='ltr'>Persis</span> <span class='ocrx_word' id='word_1_488' title='bbox 1224 3051 1361 3103; x_wconf 89' lang='lat' dir='ltr'>nonnullis</span> 
     </span>
     <span class='ocr_line' id='line_1_92' title="bbox 817 3121 1361 3185; baseline -0.006 -12"><span class='ocrx_word' id='word_1_489' title='bbox 817 3124 884 3173; x_wconf 89' lang='lat' dir='ltr'>viris</span> <span class='ocrx_word' id='word_1_490' title='bbox 898 3123 1002 3184; x_wconf 82' lang='lat' dir='ltr'>doctis,</span> <span class='ocrx_word' id='word_1_491' title='bbox 1018 3129 1049 3172; x_wconf 90' lang='lat' dir='ltr'>ut</span> <span class='ocrx_word' id='word_1_492' title='bbox 1065 3123 1169 3172; x_wconf 83' lang='lat' dir='ltr'>iudicat</span> <span class='ocrx_word' id='word_1_493' title='bbox 1185 3121 1361 3185; x_wconf 83' lang='lat' dir='ltr'>Sengebusch</span> 
     </span>
     <span class='ocr_line' id='line_1_93' title="bbox 817 3193 1358 3257; baseline 0.007 -15"><span class='ocrx_word' id='word_1_494' title='bbox 817 3194 860 3243; x_wconf 90' lang='lat' dir='ltr'>iu:</span> <span class='ocrx_word' id='word_1_495' title='bbox 886 3193 1034 3243; x_wconf 86' lang='lat' dir='ltr'>Dissertat.</span> <span class='ocrx_word' id='word_1_496' title='bbox 1052 3193 1204 3243; x_wconf 81' lang='lat' dir='ltr'>Homerico.</span> <span class='ocrx_word' id='word_1_497' title='bbox 1229 3193 1313 3257; x_wconf 89' lang='lat' dir='ltr'>prior.</span> <span class='ocrx_word' id='word_1_498' title='bbox 1332 3208 1358 3256; x_wconf 83' lang='lat' dir='ltr'>p.</span> 
     </span>
     <span class='ocr_line' id='line_1_94' title="bbox 822 3260 1360 3327; baseline 0 -15"><span class='ocrx_word' id='word_1_499' title='bbox 822 3264 878 3313; x_wconf 78' lang='grc'><strong>145.</strong></span> <span class='ocrx_word' id='word_1_500' title='bbox 895 3288 927 3297; x_wconf 96' lang='grc'>-</span> <span class='ocrx_word' id='word_1_501' title='bbox 947 3264 989 3312; x_wconf 91' lang='lat' dir='ltr'>De</span> <span class='ocrx_word' id='word_1_502' title='bbox 1003 3260 1054 3312; x_wconf 91' lang='lat' dir='ltr'>Ilio</span> <span class='ocrx_word' id='word_1_503' title='bbox 1073 3263 1226 3314; x_wconf 83' lang='lat' dir='ltr'>recentiore</span> <span class='ocrx_word' id='word_1_504' title='bbox 1239 3268 1301 3327; x_wconf 82' lang='lat' dir='ltr'>post</span> <span class='ocrx_word' id='word_1_505' title='bbox 1315 3278 1360 3312; x_wconf 85' lang='lat' dir='ltr'>re·</span> 
     </span>
     <span class='ocr_line' id='line_1_95' title="bbox 818 3331 1359 3396; baseline 0 -16"><span class='ocrx_word' id='word_1_506' title='bbox 818 3337 862 3382; x_wconf 86' lang='lat' dir='ltr'>tus</span> <span class='ocrx_word' id='word_1_507' title='bbox 883 3331 962 3380; x_wconf 88' lang='lat' dir='ltr'>Ilium</span> <span class='ocrx_word' id='word_1_508' title='bbox 985 3333 1093 3382; x_wconf 84' lang='lat' dir='ltr'>condito</span> <span class='ocrx_word' id='word_1_509' title='bbox 1117 3333 1144 3382; x_wconf 89' lang='lat' dir='ltr'>iu</span> <span class='ocrx_word' id='word_1_510' title='bbox 1165 3332 1282 3396; x_wconf 80' lang='lat' dir='ltr'>planitie</span> <span class='ocrx_word' id='word_1_511' title='bbox 1304 3332 1359 3383; x_wconf 86' lang='lat' dir='ltr'>rid.</span> 
     </span>
     <span class='ocr_line' id='line_1_96' title="bbox 818 3400 1359 3467; baseline -0.004 -16"><span class='ocrx_word' id='word_1_512' title='bbox 818 3401 908 3451; x_wconf 81' lang='lat' dir='ltr'>Strab.</span> <span class='ocrx_word' id='word_1_513' title='bbox 922 3401 1000 3452; x_wconf 84' lang='lat' dir='ltr'>XIII.</span> <span class='ocrx_word' id='word_1_514' title='bbox 1023 3417 1087 3466; x_wconf 86' lang='lat' dir='ltr'>pag.</span> <span class='ocrx_word' id='word_1_515' title='bbox 1100 3400 1151 3453; x_wconf 83' lang='grc'>593</span> <span class='ocrx_word' id='word_1_516' title='bbox 1166 3417 1224 3467; x_wconf 85' lang='lat' dir='ltr'>seq.</span> <span class='ocrx_word' id='word_1_517' title='bbox 1241 3402 1288 3453; x_wconf 86' lang='lat' dir='ltr'>oot</span> <span class='ocrx_word' id='word_1_518' title='bbox 1304 3417 1359 3465; x_wconf 84' lang='lat' dir='ltr'>seq.</span> 
     </span>
     <span class='ocr_line' id='line_1_97' title="bbox 819 3470 1358 3537; baseline 0 -17"><span class='ocrx_word' id='word_1_519' title='bbox 819 3475 847 3520; x_wconf 89' lang='lat' dir='ltr'>et</span> <span class='ocrx_word' id='word_1_520' title='bbox 861 3486 931 3534; x_wconf 89' lang='lat' dir='ltr'>qnae</span> <span class='ocrx_word' id='word_1_521' title='bbox 945 3470 1065 3521; x_wconf 82' lang='lat' dir='ltr'>Boeclsh.</span> <span class='ocrx_word' id='word_1_522' title='bbox 1079 3473 1106 3520; x_wconf 92' lang='lat' dir='ltr'>in</span> <span class='ocrx_word' id='word_1_523' title='bbox 1121 3472 1201 3537; x_wconf 82' lang='lat' dir='ltr'>Corp.</span> <span class='ocrx_word' id='word_1_524' title='bbox 1219 3473 1358 3536; x_wconf 82' lang='lat' dir='ltr'>inscriptt.</span> 
     </span>
     <span class='ocr_line' id='line_1_98' title="bbox 819 3541 1360 3606; baseline -0.002 -15"><span class='ocrx_word' id='word_1_525' title='bbox 819 3542 932 3593; x_wconf 86' lang='lat' dir='ltr'>Graece.</span> <span class='ocrx_word' id='word_1_526' title='bbox 951 3542 984 3593; x_wconf 87' lang='lat' dir='ltr'>T.</span> <span class='ocrx_word' id='word_1_527' title='bbox 1003 3542 1041 3592; x_wconf 92' lang='lat' dir='ltr'>II.</span> <span class='ocrx_word' id='word_1_528' title='bbox 1058 3557 1084 3605; x_wconf 89' lang='lat' dir='ltr'>p.</span> <span class='ocrx_word' id='word_1_529' title='bbox 1103 3541 1156 3591; x_wconf 81' lang='lat'>878</span> <span class='ocrx_word' id='word_1_530' title='bbox 1172 3558 1229 3605; x_wconf 85' lang='lat' dir='ltr'>seq.</span> <span class='ocrx_word' id='word_1_531' title='bbox 1253 3541 1301 3606; x_wconf 90' lang='lat' dir='ltr'>(ad</span> <span class='ocrx_word' id='word_1_532' title='bbox 1319 3556 1360 3590; x_wconf 90' lang='lat' dir='ltr'>nr.</span> 
     </span>
     <span class='ocr_line' id='line_1_99' title="bbox 819 3609 1359 3676; baseline 0 -14"><span class='ocrx_word' id='word_1_533' title='bbox 819 3609 899 3673; x_wconf 84' lang='grc'><strong>3595)</strong></span> <span class='ocrx_word' id='word_1_534' title='bbox 924 3614 951 3659; x_wconf 88' lang='lat' dir='ltr'>et</span> <span class='ocrx_word' id='word_1_535' title='bbox 968 3610 1101 3676; x_wconf 83' lang='lat' dir='ltr'>Forbiger</span> <span class='ocrx_word' id='word_1_536' title='bbox 1120 3610 1138 3660; x_wconf 87' lang='lat' dir='ltr'>l.</span> <span class='ocrx_word' id='word_1_537' title='bbox 1159 3610 1177 3664; x_wconf 88' lang='grc'>1.</span> <span class='ocrx_word' id='word_1_538' title='bbox 1200 3611 1359 3662; x_wconf 85' lang='lat' dir='ltr'>attulerunt.</span> 
     </span>
     <span class='ocr_line' id='line_1_100' title="bbox 820 3679 1361 3746; baseline 0 -17"><span class='ocrx_word' id='word_1_539' title='bbox 820 3679 900 3742; x_wconf 80' lang='lat' dir='ltr'>Quod</span> <span class='ocrx_word' id='word_1_540' title='bbox 918 3695 982 3729; x_wconf 84' lang='lat' dir='ltr'>vero</span> <span class='ocrx_word' id='word_1_541' title='bbox 1001 3680 1137 3730; x_wconf 89' lang='lat' dir='ltr'>Herodoti</span> <span class='ocrx_word' id='word_1_542' title='bbox 1156 3685 1247 3732; x_wconf 82' lang='lat' dir='ltr'>aetate</span> <span class='ocrx_word' id='word_1_543' title='bbox 1261 3682 1361 3746; x_wconf 85' lang='lat' dir='ltr'>Perga·</span> 
     </span>
     <span class='ocr_line' id='line_1_101' title="bbox 821 3749 1362 3811; baseline 0.002 -13"><span class='ocrx_word' id='word_1_544' title='bbox 821 3767 906 3811; x_wconf 86' lang='lat' dir='ltr'>mum,</span> <span class='ocrx_word' id='word_1_545' title='bbox 920 3750 998 3800; x_wconf 88' lang='lat' dir='ltr'>cuius</span> <span class='ocrx_word' id='word_1_546' title='bbox 1010 3749 1166 3801; x_wconf 81' lang='lat' dir='ltr'>Alexander</span> <span class='ocrx_word' id='word_1_547' title='bbox 1175 3750 1290 3801; x_wconf 86' lang='lat' dir='ltr'>Macedo</span> <span class='ocrx_word' id='word_1_548' title='bbox 1306 3749 1362 3799; x_wconf 91' lang='lat' dir='ltr'>nul·</span> 
     </span>
     <span class='ocr_line' id='line_1_102' title="bbox 820 3819 1362 3886; baseline 0.002 -18"><span class='ocrx_word' id='word_1_549' title='bbox 820 3819 862 3868; x_wconf 87' lang='lat' dir='ltr'>las</span> <span class='ocrx_word' id='word_1_550' title='bbox 875 3819 996 3884; x_wconf 89' lang='lat' dir='ltr'>reperire</span> <span class='ocrx_word' id='word_1_551' title='bbox 1010 3821 1101 3884; x_wconf 91' lang='lat' dir='ltr'>potuit</span> <span class='ocrx_word' id='word_1_552' title='bbox 1112 3820 1257 3886; x_wconf 80' lang='lat' dir='ltr'>reliquias,</span> <span class='ocrx_word' id='word_1_553' title='bbox 1275 3820 1362 3871; x_wconf 89' lang='lat' dir='ltr'>adlmc</span> 
     </span>
     <span class='ocr_line' id='line_1_103' title="bbox 820 3888 1359 3941; baseline 0.004 -4"><span class='ocrx_word' id='word_1_554' title='bbox 820 3891 932 3941; x_wconf 87' lang='lat' dir='ltr'>stetisse</span> <span class='ocrx_word' id='word_1_555' title='bbox 946 3888 997 3939; x_wconf 87' lang='lat' dir='ltr'>lroc</span> <span class='ocrx_word' id='word_1_556' title='bbox 1012 3906 1045 3940; x_wconf 85' lang='lat' dir='ltr'>ex</span> <span class='ocrx_word' id='word_1_557' title='bbox 1061 3889 1122 3939; x_wconf 91' lang='lat' dir='ltr'>loco</span> <span class='ocrx_word' id='word_1_558' title='bbox 1134 3892 1247 3941; x_wconf 82' lang='lat' dir='ltr'>coniicit</span> <span class='ocrx_word' id='word_1_559' title='bbox 1260 3892 1359 3941; x_wconf 81' lang='lat' dir='ltr'>Kreas:</span> 
     </span>
     <span class='ocr_line' id='line_1_104' title="bbox 819 3959 1361 4025; baseline 0.002 -16"><span class='ocrx_word' id='word_1_560' title='bbox 819 3959 910 4010; x_wconf 89' lang='lat' dir='ltr'>Ueber</span> <span class='ocrx_word' id='word_1_561' title='bbox 934 3959 1081 4010; x_wconf 85' lang='lat' dir='ltr'>Herodot&#39;s</span> <span class='ocrx_word' id='word_1_562' title='bbox 1106 3959 1292 4025; x_wconf 82' lang='lat' dir='ltr'>Ausmessung</span> <span class='ocrx_word' id='word_1_563' title='bbox 1315 3960 1361 4010; x_wconf 93' lang='lat' dir='ltr'>des</span> 
     </span>
     <span class='ocr_line' id='line_1_105' title="bbox 819 4029 1360 4095; baseline 0 -16"><span class='ocrx_word' id='word_1_564' title='bbox 819 4029 900 4079; x_wconf 89' lang='grc' dir='ltr'><strong>Ροιι1.</strong></span> <span class='ocrx_word' id='word_1_565' title='bbox 912 4033 965 4081; x_wconf 86' lang='lat' dir='ltr'>eto.</span> <span class='ocrx_word' id='word_1_566' title='bbox 979 4044 1043 4094; x_wconf 86' lang='lat' dir='ltr'>pag.</span> <span class='ocrx_word' id='word_1_567' title='bbox 1057 4029 1105 4091; x_wconf 84' lang='lat'>67,</span> <span class='ocrx_word' id='word_1_568' title='bbox 1122 4046 1218 4081; x_wconf 82' lang='lat' dir='ltr'>vereor</span> <span class='ocrx_word' id='word_1_569' title='bbox 1230 4030 1360 4095; x_wconf 84' lang='lat' dir='ltr'>equidem,</span> 
     </span>
     <span class='ocr_line' id='line_1_106' title="bbox 821 4100 1361 4150; baseline 0.004 -4"><span class='ocrx_word' id='word_1_570' title='bbox 821 4102 852 4147; x_wconf 93' lang='lat' dir='ltr'>ut</span> <span class='ocrx_word' id='word_1_571' title='bbox 866 4104 940 4150; x_wconf 87' lang='lat' dir='ltr'>reete</span> <span class='ocrx_word' id='word_1_572' title='bbox 952 4100 1109 4148; x_wconf 87' lang='lat' dir='ltr'>coniecerit.</span> <span class='ocrx_word' id='word_1_573' title='bbox 1135 4101 1205 4149; x_wconf 89' lang='lat' dir='ltr'>Nam</span> <span class='ocrx_word' id='word_1_574' title='bbox 1217 4100 1294 4150; x_wconf 88' lang='lat' dir='ltr'>locus</span> <span class='ocrx_word' id='word_1_575' title='bbox 1305 4105 1361 4149; x_wconf 87' lang='lat' dir='ltr'>tan·</span> 
     </span>
     <span class='ocr_line' id='line_1_107' title="bbox 821 4168 1362 4234; baseline 0.002 -18"><span class='ocrx_word' id='word_1_576' title='bbox 821 4173 878 4217; x_wconf 92' lang='lat' dir='ltr'>tum</span> <span class='ocrx_word' id='word_1_577' title='bbox 891 4168 938 4218; x_wconf 87' lang='lat' dir='ltr'>hic</span> <span class='ocrx_word' id='word_1_578' title='bbox 954 4169 1108 4231; x_wconf 85' lang='lat' dir='ltr'>iudicatur,</span> <span class='ocrx_word' id='word_1_579' title='bbox 1130 4170 1157 4218; x_wconf 93' lang='lat' dir='ltr'>in</span> <span class='ocrx_word' id='word_1_580' title='bbox 1173 4186 1251 4234; x_wconf 88' lang='lat' dir='ltr'>quem</span> <span class='ocrx_word' id='word_1_581' title='bbox 1271 4184 1362 4221; x_wconf 88' lang='lat' dir='ltr'>escen-</span> 
     </span>
     <span class='ocr_line' id='line_1_108' title="bbox 820 4236 1361 4298; baseline 0.004 -12"><span class='ocrx_word' id='word_1_582' title='bbox 820 4236 890 4287; x_wconf 87' lang='lat' dir='ltr'>derit</span> <span class='ocrx_word' id='word_1_583' title='bbox 904 4240 1048 4289; x_wconf 87' lang='lat' dir='ltr'>Persarum</span> <span class='ocrx_word' id='word_1_584' title='bbox 1063 4253 1126 4298; x_wconf 82' lang='lat' dir='ltr'>rex,</span> <span class='ocrx_word' id='word_1_585' title='bbox 1151 4255 1201 4289; x_wconf 89' lang='lat' dir='ltr'>nee</span> <span class='ocrx_word' id='word_1_586' title='bbox 1214 4239 1270 4290; x_wconf 89' lang='lat' dir='ltr'>ullo</span> <span class='ocrx_word' id='word_1_587' title='bbox 1284 4238 1361 4290; x_wconf 90' lang='lat' dir='ltr'>modo</span> 
     </span>
     <span class='ocr_line' id='line_1_109' title="bbox 821 4308 1362 4370; baseline 0.009 -17"><span class='ocrx_word' id='word_1_588' title='bbox 821 4308 978 4370; x_wconf 88' lang='lat' dir='ltr'>quaeritur,</span> <span class='ocrx_word' id='word_1_589' title='bbox 998 4324 1060 4358; x_wconf 87' lang='lat' dir='ltr'>num</span> <span class='ocrx_word' id='word_1_590' title='bbox 1074 4308 1172 4359; x_wconf 81' lang='lat' dir='ltr'>rudera</span> <span class='ocrx_word' id='word_1_591' title='bbox 1187 4309 1277 4360; x_wconf 86' lang='lat' dir='ltr'>adhuc</span> <span class='ocrx_word' id='word_1_592' title='bbox 1294 4309 1362 4359; x_wconf 87' lang='lat' dir='ltr'>anti·</span> 
     </span>
     <span class='ocr_line' id='line_1_110' title="bbox 821 4378 1254 4441; baseline 0.005 -15"><span class='ocrx_word' id='word_1_593' title='bbox 821 4392 889 4441; x_wconf 85' lang='lat' dir='ltr'>quse</span> <span class='ocrx_word' id='word_1_594' title='bbox 902 4378 975 4429; x_wconf 87' lang='lat' dir='ltr'>ercis</span> <span class='ocrx_word' id='word_1_595' title='bbox 990 4379 1147 4429; x_wconf 80' lang='lat' dir='ltr'>exstiterint</span> <span class='ocrx_word' id='word_1_596' title='bbox 1159 4395 1254 4430; x_wconf 88' lang='lat' dir='ltr'>necne.</span> 
     </span>
    </p>
   </div>
   <div class='ocr_carea' id='block_1_8' title="bbox 0 0 1554 5134">
    <p class='ocr_par' dir='ltr' id='par_1_9' title="bbox 0 0 1554 5134">
     <span class='ocr_line' id='line_1_111' title="bbox 0 0 1554 5134; baseline 0 0"><span class='ocrx_word' id='word_1_597' title='bbox 0 0 1554 5134; x_wconf 95' lang='lat' dir='ltr'> </span> 
     </span>
    </p>
   </div>
  </div>
 </body>
</html>
