3008 5128
481 411 853 477 TERPSICHORE.
876 415 915 479 V.
938 426 981 482 οἳ.
1258 414 1297 483 85

154 584 239 677 μὸς,
253 582 332 658 orlei
347 588 384 659 ἐν
398 591 460 659 τού
472 586 578 660 αύτού
591 591 693 678 ὀίων·
715 586 734 660 ὁ
748 590 811 680 μὲν
823 588 888 682 γάρ
901 590 1060 682 πρότερος
1074 592 1186 666 αύτοῖν
1197 580 1297 669 κατα·

155 694 292 780 λεχθεὶς
314 694 347 775 ἐξ
367 689 549 783 Ἀρμενίσον
570 697 656 783 ῥέει,
682 691 701 764 ὁ
724 693 757 765 ‹l'
780 695 922 781 ὕστερον
941 701 978 767 ἐκ
991 706 1188 787 Ματιηνῶν.
1220 698 1238 771 ὁ
1261 704 1297 773 δὲ

153 800 313 883 τέταρτος
332 801 401 866 τάν
421 804 580 889 ποταμῶν
599 796 727 888 οὔνομα
746 808 813 888 ἔχει
833 800 984 888 Γύνδης,
1012 802 1071 872 τὸν
1091 809 1204 891 Κύρος
1229 810 1295 877 διέ-

154 904 246 988 λαβί
256 928 330 970 κοτε
345 905 378 981 ἐς
394 899 559 991 διώρυχας
577 903 734 992 ἑξήκοντα
752 906 808 973 καὶ
822 913 1019 993 τριηκοσίας.
1056 904 1109 976 Ἐκ
1125 909 1161 978 δὲ
1175 909 1296 999 ταύτης

154 1009 218 1091 τῆς
240 1001 410 1093 Ἀρμενίης
430 1006 626 1094 ἐσβάλλοντα
646 1011 679 1087 ἐς
698 1006 759 1097 τὴν
780 1007 961 1098 Ματιηνὴν
979 1013 1044 1098 γῆν
1063 1021 1211 1101 σταθμοί
1231 1020 1295 1083 είσι

155 1112 312 1196 τέσσερες
331 1163 437 1179 .......
458 1113 494 1179 ἐκ
517 1111 554 1180 dl
575 1110 697 1201 ταύτης
719 1116 752 1192 ἐς
769 1110 830 1200 τὴν
845 1120 988 1201 Κισσίην
1006 1112 1119 1204 χώρην
1136 1125 1293 1205 μεταβαί-

155 1239 255 1281 νοντι
275 1217 395 1281 ἔνδικοι
414 1216 578 1303 σταθμοὶ,
606 1215 818 1304 παρασάγγαι
838 1217 875 1286 dl
897 1215 957 1286 δύο
978 1220 1033 1286 καὶ
1052 1219 1294 1308 τεσσεράκοντα

155 1317 216 1384 καὶ
229 1313 331 1405 ἥμισύ
345 1319 414 1386 ἐστι
428 1319 482 1386 ἐπὶ
495 1317 645 1408 ποταμὸν
658 1318 835 1409 Χοάσπην,
861 1318 957 1390 ἐόντα
972 1323 1027 1390 καὶ
1046 1327 1163 1392 τοῦτον
1176 1345 1291 1412 νηυσι-

154 1423 321 1508 πίρητον,
349 1416 405 1489 ἐπ’
427 1410 590 1511 ᾦΣούσα
617 1422 713 1503 πόλις
739 1423 943 1494 πεπόλισται.
985 1415 1088 1494 Ούτοι
1113 1433 1149 1497 oi
1172 1427 1294 1508 πάντες

154 1530 308 1613 σταθμοί
323 1527 521 1594 restinctura
541 1528 596 1594 καὶ
611 1525 737 1597 ἑκατόν.
773 1516 967 1616 καταγωγαί
979 1530 1041 1617 μέν
1055 1557 1120 1599 νυν
1134 1536 1294 1621 σταθμῶν

152 1691 270 1743 Handb.
281 1691 308 1742 d.
318 1690 367 1741 alt.
378 1690 475 1756 lleogr.
486 1692 524 1743 11.
536 1709 563 1758 p.
572 1692 632 1745 007.
657 1694 700 1745 De
752 1697 794 1746 Tu
808 1697 880 1747 coni.
897 1699 967 1747 nott.
981 1694 1016 1745 ad
1030 1695 1059 1758 1,
1072 1697 1114 1748 72.
1129 1724 1162 1733 —
1179 1696 1221 1748 Ad
1232 1713 1293 1750 ver-

156 1763 264 1828 Gynde.
287 1762 333 1826 qui
352 1766 394 1812 est
413 1761 593 1813 recentiorum
611 1765 701 1827 Diale,
750 1766 815 1816 bnm
827 1760 937 1828 διέλαβε
948 1766 1084 1829 (dissecuit,
1095 1766 1206 1827 didam)
1219 1768 1292 1819 coni.

154 1832 278 1881 diximus
296 1831 332 1882 ad
350 1832 379 1893 I,
398 1831 462 1905 189„
491 1832 585 1885 Zadati
603 1848 701 1883 nomen
751 1837 775 1895 Ι,
791 1835 849 1887 190.
863 1836 922 1887 202.
936 1836 1058 1900 Xenoph.
1075 1836 1172 1902 Cyrop.
1185 1838 1222 1899 V,
1237 1838 1261 1897 l,
1278 1838 1291 1887 l

154 1917 221 1951 num
241 1905 303 1965 post
321 1892 546 1964 ούνομαζαμενος
569 1903 702 1954 exciderit
751 1907 844 1972 ibique
853 1907 1034 1969 Bornemann,
1044 1905 1114 1957 etad
1127 1905 1293 1957 locutionem

153 1972 206 2035 (ci.
221 1970 356 2021 Bobriolr:
376 1970 530 2036 Geograph.
552 1971 578 2023 d.
596 1971 699 2024 Herod.
751 1967 833 2032 πύλις
847 1969 1013 2025 πεπόλισται
1028 1977 1114 2026 altato
1127 1976 1162 2026 ad
1175 1978 1208 2037 V,
1224 1978 1266 2030 14.

154 2058 183 2107 p.
202 2040 263 2102 158)
273 2040 504 2120 supplendumque
515 2046 588 2117 certe
598 2042 650 2104 sit,
665 2057 700 2092 an
788 2042 913 2106 σταθμοί
923 2039 977 2094 aiot
990 2044 1128 2111 τέσσερες]
1143 2047 1211 2097 Post
1222 2045 1291 2098 haee

152 2113 233 2176 prius
254 2109 322 2160 illud
342 2125 431 2167 meros
449 2112 478 2159 in
496 2107 621 2176 Ζαβᾱτῠε
642 2126 700 2161 mu-
750 2116 834 2167 rerba
863 2115 990 2167 laconum
1020 2116 1197 2167 statuendam
1230 2132 1291 2167 esse

154 2181 284 2243 tandum,
309 2182 340 2229 ut
360 2179 497 2231 nonnullis
521 2183 587 2231 viris
611 2181 699 2231 docile
750 2201 827 2237 nemo
837 2201 891 2236 non
904 2185 992 2236 ridetr
1013 2201 1083 2251 quae
1097 2186 1231 2251 quomodo
1245 2203 1290 2237 ex-

153 2251 264 2317 plaeuit
280 2249 328 2313 (ei.
341 2250 464 2315 Kiepert.
482 2267 508 2313 p.
523 2252 586 2313 135,
606 2252 698 2302 Herm.
748 2256 847 2319 plenda
860 2255 985 2305 videatur
997 2257 1063 2305 viris
1076 2255 1173 2317 doctis,
1188 2255 1291 2307 indica·

154 2323 178 2373 I.
194 2322 225 2373 C.
240 2320 448 2370 Weissenborn:
472 2321 571 2371 Ninive
592 2338 618 2372 u.
637 2323 698 2373 sein
747 2325 978 2387 bnntseqnentia.
1005 2324 1115 2375 Elibris
1126 2326 1237 2389 scriptia
1248 2327 1290 2375 ni-

153 2390 264 2442 Gobiet.
275 2389 619 2454 Erfurdt.lss51.p.4not.,
632 2393 698 2443 Gut·
748 2395 786 2445 hil
798 2394 895 2445 auxilii
913 2394 1039 2444 affertur:
1062 2395 1157 2460 Itaque
1173 2393 1290 2446 lacunae

153 2459 434 2525 sohmidinPhiiolog
454 2460 486 2510 X.
494 2459 578 2524 poue
586 2466 614 2510 et
624 2461 696 2525 667).
748 2466 827 2530 signa
836 2463 960 2529 adposui,
972 2462 999 2513 id
1009 2467 1116 2513 tantum
1128 2463 1290 2514 monendum

153 2531 182 2580 id
198 2529 309 2595 quidem
320 2530 347 2579 in
357 2529 444 2581 medio
455 2530 622 2596 relinquam:
641 2537 698 2583 ete·
748 2535 801 2585 hoo
822 2533 990 2593 meursius,
1011 2532 1112 2595 verba,
1138 2548 1209 2598 quse
1227 2537 1291 2597 post

153 2603 211 2651 nim
224 2600 311 2650 verba
324 2601 468 2665 sequentia
480 2593 532 2649 ούκ
543 2590 633 2657 ύοτὸς
644 2595 699 2651 ἐάν
748 2605 818 2655 hano
831 2603 958 2653 lacunam
971 2602 1111 2665 leguntur,
1133 2595 1162 2650 ἐκ
1180 2594 1212 2651 dl
1224 2598 1292 2651 ταύ-

153 2661 286 2733 ποταμός
304 2669 348 2721 rel
366 2671 483 2721 suadere
504 2671 645 2733 videntur,
668 2676 699 2722 ut
748 2690 813 2737 της,
835 2678 959 2737 spectaro
979 2673 1014 2722 ad
1030 2671 1113 2723 verba
1129 2688 1292 2738 praegressa

152 2742 288 2790 intactum
321 2740 504 2804 relinquamus
535 2742 699 2793 antecedens
748 2737 776 2802 ἐς
793 2737 846 2806 τὴν
859 2734 1015 2805 Ματιηνὴν
1027 2739 1091 2805 γῆν.

153 2802 256 2870 danda,
268 2809 339 2873 quod
347 2826 440 2860 omnes
451 2825 557 2876 quoqne
566 2810 699 2875 praebent
784 2802 832 2861 ἐπὶ
854 2803 983 2875 ποταμὸν
998 2807 1141 2873 Χοάσπην
1151 2837 1187 2846 -
1199 2799 1246 2859 ἔπ’
1267 2794 1290 2872 ᾦ

153 2879 219 2930 libri
230 2879 341 2943 scripti:
353 2878 379 2929 id
390 2895 454 2930 vero
465 2885 617 2942 teneamus,
626 2882 699 2946 quod
749 2879 849 2933 Σούσα
858 2873 941 2939 πόλις
950 2872 1128 2945 πεπόλισται]
1140 2879 1225 2931 Simili
1236 2896 1292 2930 mo·

154 2949 191 3001 ad
210 2948 291 2998 iidem
307 2948 442 2999 Herodoti
458 2950 552 3015 ntique
570 2950 697 3015 pertinet,
749 2954 783 3003 do
797 2955 897 3003 Noster
910 2966 994 3016 supra
1007 2952 1041 3013 V,
1054 2950 1102 3000 49:
1122 2941 1152 2999 lv
1168 2951 1204 3015 τῇ
1217 2949 1290 3013 (soil.

154 3019 200 3068 vel
216 3018 307 3069 adhue
324 3023 380 3068 tres
400 3022 508 3070 tentum
525 3021 624 3071 fluvios
642 3036 699 3070 ma·
749 3019 862 3087 Κισσίη)
888 3012 925 3086 δὴ
953 3012 1032 3081 παρὰ
1055 3010 1185 3083 ποταμόν
1207 3012 1290 3068 τόνδε

153 3092 230 3139 iores
252 3089 370 3138 inveniri
395 3089 430 3139 ab
453 3090 558 3140 oriente
576 3090 698 3155 Tigridis
748 3082 890 3155 Χοάσπην
913 3082 1030 3153 κείμενά
1051 3078 1109 3138 ἔστι
1134 3082 1168 3138 τὰ
1191 3086 1290 3138 Σοῦσα

155 3161 186 3209 in
212 3159 285 3208 huno
310 3158 399 3222 ipsum
424 3158 567 3210 influentes
593 3159 656 3209 iude
681 3175 698 3209 a
747 3158 850 3223 ταύτα,
876 3161 910 3211 ad
936 3176 1014 3226 quem
1035 3159 1125 3210 locum
1143 3157 1200 3210 vid.
1219 3175 1291 3224 qnae

153 3228 283 3293 Choaspe
302 3243 388 3293 usque
407 3229 441 3278 ari
465 3229 630 3294 superiorem
651 3230 699 3280 Ti·
748 3231 876 3282 defluvio
890 3236 974 3295 atque
988 3230 1054 3281 urbe
1069 3229 1221 3279 attulimus.

153 3299 244 3363 gridis
266 3312 373 3348 cursum
391 3298 553 3364 eosdemque
571 3304 699 3350 accurate
784 3286 872 3350 Οὗτοι
885 3294 915 3349 oi
925 3291 1030 3357 πάντες
1043 3295 1170 3362 σταθμοί
1181 3290 1235 3347 rior
1248 3290 1292 3347 ἕν-

152 3369 202 3419 lrie
221 3367 341 3417 indicari
366 3384 383 3417 a
399 3368 517 3429 Nostro,
543 3369 589 3433 qui
612 3369 641 3418 in
666 3386 698 3420 eo
749 3367 818 3419 desa
836 3365 883 3419 καί
900 3360 1013 3435 ἑκατὸν]
1033 3370 1135 3431 „Ratio
1155 3383 1209 3417 non
1228 3384 1292 3419 con-

154 3442 265 3489 tentum
283 3436 377 3502 lapsus
389 3437 499 3488 videtur
510 3439 640 3501 Kieperto
660 3438 698 3504 (p.
749 3444 814 3490 stat.
857 3441 1006 3490 Μααιίονσσ
1027 3439 1085 3490 sive
1111 3432 1236 3499 σταθμοὶ
1262 3438 1291 3486 in

155 3509 208 3560 135
221 3505 308 3573 σεεμ),
330 3507 402 3572 quod
423 3513 478 3560 tres
497 3507 581 3558 hosce
601 3510 699 3559 flavios
749 3510 974 3574 praecedentibus
1005 3508 1142 3559 duntaxat
1167 3507 1289 3557 LXXXI.

154 3578 191 3629 ad
205 3576 361 3627 Armeniam
374 3578 508 3640 retuderit,
521 3594 580 3630 oum
592 3579 628 3629 ad
640 3595 698 3629 earn
750 3583 844 3646 Neque
854 3580 983 3631 eonve'rrit
994 3592 1206 3643 parasangarum
1218 3591 1291 3625 suur-

154 3654 257 3700 terram
272 3647 442 3709 pertineant,
462 3663 532 3714 qnae
547 3648 700 3699 Armeniam
752 3666 809 3700 rna:
828 3654 1005 3700 numerantur
1023 3653 1130 3698 tantum
1143 3645 1291 3696 CCCXIII.

155 3735 174 3769 a
190 3716 304 3767 meridie
329 3717 431 3781 exeipit
454 3724 482 3768 et
500 3718 635 3769 Matienes
654 3735 701 3769 no·
752 3717 1292 3782 Quiatnmenparasanyisqrmdrinqeutis

155 3789 229 3838 mine
240 3787 276 3836 ab
287 3785 427 3837 Herodoto
436 3787 604 3851 designatur,
616 3787 700 3853 vulgo
751 3794 779 3841 et
793 3791 983 3853 quinquaqinta.
999 3794 1065 3852 quot
1076 3804 1105 3837 se
1118 3785 1243 3850 posuisse
1255 3784 1291 3837 si·

154 3860 286 3918 Assyriae
301 3856 409 3908 nomine
422 3859 543 3922 cognita.
751 3860 877 3925 gnificat,
900 3861 1028 3909 accurate
1041 3856 1191 3906 stadiorum
1210 3854 1291 3904 colle-

189 3918 219 3988 ἐξ
235 3918 388 3988 Ἀρμενίων
407 3918 475 3992 riter]
498 3926 599 3979 Eodem
620 3928 700 3978 modo
750 3931 807 3981 etio
822 3928 964 3993 congruit,
978 3928 1046 3978 bene
1060 3925 1220 3975 illihabent.
1244 3924 1290 3973 Vi·

152 3999 259 4048 Noster
274 3995 382 4048 locutus
396 4001 438 4047 est
452 3998 474 4059 1,
490 3994 553 4059 180,
568 3997 699 4057 sed1,72
750 4001 791 4049 tia
804 3999 833 4049 in
847 3998 1019 4049 mensionum
1034 4001 1062 4047 et
1076 4009 1291 4062 parasangarum

154 4066 188 4118 de
199 4065 306 4132 Halys:
319 4057 375 4127 ύέει
388 4056 416 4126 ἐξ
427 4057 571 4130 Ἀρμενίον
583 4056 698 4128 ούρεος;
749 4070 884 4131 numeris,
896 4069 954 4120 suis
963 4066 1027 4117 olim
1040 4066 1108 4118 loeis
1118 4066 1189 4115 iuste
1200 4063 1287 4127 signa·

154 4137 257 4202 quibas
267 4136 338 4187 loeis
349 4151 403 4185 non
415 4140 470 4186 tam
485 4135 518 4186 de
527 4137 638 4202 regione
648 4138 698 4187 Ar·
750 4141 801 4200 tis,
823 4139 929 4189 inflicto
945 4137 1076 4197 haerent,
1099 4135 1214 4186 aliorum
1235 4132 1290 4181 for·

154 4206 262 4268 menia,
277 4221 358 4270 qnam
370 4206 403 4255 de
416 4205 554 4256 montibus
564 4206 700 4257 Armeniis
750 4214 826 4259 tasse
836 4212 979 4260 msstorum
990 4206 1091 4257 auxilio
1102 4202 1229 4256 eluenda:
1244 4216 1291 4249 no·

154 4277 200 4341 agi
213 4275 339 4337 credam,
361 4276 416 4326 nisi
430 4277 538 4326 omnino
553 4277 643 4341 gentis
654 4276 700 4327 hio
749 4282 800 4331 stri
811 4279 882 4331 enim
892 4279 919 4328 in
928 4277 1020 4328 eodem
1031 4280 1094 4327 sunt
1103 4271 1190 4325 luto.¹‘
1207 4272 1291 4351 Wes—

154 4361 254 4397 nomen
270 4344 390 4411 intelligi
403 4346 517 4407 debeat,
538 4350 569 4396 nt
589 4362 651 4398 mox
671 4348 699 4396 in
749 4352 865 4412 selina.
901 4349 934 4398 ln
953 4362 1007 4409 quo
1020 4346 1072 4396 viri
1085 4340 1237 4394 doctissimi
1250 4354 1291 4388 m-

155 4416 246 4467 verbis
257 4404 287 4464 ἕιι
297 4413 545 4479 Ματιηνῶν(οί.1,
559 4414 699 4482 leutos),
750 4419 823 4470 dicio
838 4418 911 4468 haud
932 4417 989 4468 seio
1009 4432 1042 4466 an
1057 4416 1093 4466 sit
1114 4410 1290 4477 acquiescen-

155 4501 245 4553 aeqne
265 4501 300 4536 ae
315 4487 353 4546 V,
371 4485 421 4550 49,
441 4486 489 4536 nbi
508 4479 539 4536 ol
552 4478 699 4551 Ἀρμένιοι.
750 4488 824 4554 dum,
834 4488 995 4555 praesertim
1004 4501 1074 4550 oum,
1086 4484 1155 4537 bene
1165 4483 1291 4532 monente
