3046 5134
508 322 775 430 POlrl'llNlrl.
799 369 868 428 Vll.
893 379 935 430 tr.
959 381 1003 433 43.

1260 370 1322 432 519

186 542 294 612 νύκτα
319 539 538 632 ἀναμείναντι
557 551 701 632 βρονταί
719 570 755 612 τε
782 543 838 610 καὶ
858 548 1045 633 πρηστῆρες
1069 547 1321 630 ἐπεσπίπτουσι,

186 655 247 716 καί
256 674 332 716 τινα
346 646 452 718 αὐτοῦ
464 648 569 736 ταύτῃ
583 646 708 735 συχνὸν
720 644 837 734 ὅμιλον
851 652 1064 735 διέφθειραν.
1101 645 1367 736 Ἀπικομένου43

187 751 224 819 db
239 755 299 820 τοῦ
314 757 457 841 στρατοῦ
467 754 520 820 ἐπὶ
531 749 591 820 τὸν
602 751 846 841 Σκάμανδρον,
863 748 900 830 ὃς
915 757 1044 838 πρῶτος
1058 756 1231 838 ποταμῶν,
1248 756 1322 821 ἐπεί

185 881 221 923 τε
244 857 280 923 ἐκ
303 860 466 943 Σαρδίων
485 851 691 945 ὁρμηθέντες
712 860 931 942 ἐπεχείρησαν
952 861 992 945 τῇ
1012 850 1097 947 ddpi,
1127 859 1263 924 ἐπέλιπε
1284 855 1321 924 τὸ

185 960 345 1047 ῥέεθρον,
368 955 445 1028 οὐδ’
461 956 627 1049 ἀπέχρησε
648 964 688 1051 τῇ
702 963 838 1049 στρατιῇ
858 986 892 1027 τε
907 961 961 1026 καὶ
976 973 1061 1026 τοῖσι
1076 957 1209 1047 κτήνεσι
1225 960 1319 1029 ’πινό-

184 1156 231 1207 1ιιι1
245 1158 332 1208 teneri
344 1158 435 1223 velim,
451 1160 581 1211 montium
597 1160 676 1224 qnasi
689 1175 732 1210 se·
779 1159 878 1224 positis
906 1174 968 1209 mox
966 1162 1146 1239 repetuntur
1166 1160 1256 1212 verbis
1272 1152 1319 1211 tut

183 1228 251 1277 riem
274 1243 335 1279 esse
359 1229 435 1279 Idam
459 1230 604 1295 pluresque
629 1229 729 1279 babere
779 1243 882 1278 τουτον
894 1220 972 1294 δη
942 1243 994 1278 τον
1007 1244 1137 1292 ποταμον
1149 1245 1186 1286 aas
1201 1225 1318 1280 ἀπίκετο

184 1303 279 1363 partes
295 1304 323 1348 et
340 1298 467 1361 brachia
493 1300 636 1364 adipsum
653 1314 729 1349 mare
777 1294 897 1363 Ξέρξης.
920 1299 997 1349 (toul
1010 1298 1141 1351 Sebaaler
1156 1300 1190 1349 ad
1201 1301 1317 1366 Dionys

184 1382 271 1431 nsque
282 1374 423 1431 porrecta,
433 1385 481 1434 per
492 1370 662 1434 quaePerais
674 1370 727 1419 iter
777 1368 964 1419 Halicarnass.
991 1369 1033 1419 De
1057 1373 1201 1434 componit.
1222 1373 1315 1423 varbb.

184 1437 339 1487 laciendum
354 1443 426 1501 erat,
447 1440 516 1490 adeo
528 1446 559 1489 ut
570 1441 605 1489 ad
619 1438 725 1489 laevam
777 1455 801 1503 p.
814 1438 873 1500 1111,
884 1455 963 1503 quem
972 1441 1044 1488 citat
1053 1438 1100 1488 Or.
1121 1442 1190 1490 Nam
1200 1438 1318 1491 Sermian-

183 1522 249 1557 sane
264 1506 407 1557 habuerint
422 1508 499 1558 Idam
513 1509 557 1559 vel
574 1513 647 1559 certe
666 1524 725 1559 eam
776 1510 824 1558 der
840 1507 952 1574 (dequo
967 1509 1050 1559 fluvio
1066 1509 1145 1573 plura
1157 1509 1317 1561 'l'zscbuclrc

181 1576 250 1627 ldae
261 1583 379 1640 partem,
391 1592 460 1642 qnae
470 1579 658 1643 longiusmare
669 1593 727 1627 ver·
775 1579 810 1627 ad
821 1577 883 1627 Mel.
898 1580 921 1639 l,
938 1578 978 1627 18.
994 1580 1018 1640 ξ.
1035 1578 1050 1627 3
1066 1583 1136 1629 nott.
1153 1594 1249 1644 exegg.
1262 1581 1315 1643 ΙΙΙ,

182 1662 228 1696 sus
247 1646 452 1699 extendebatur.
485 1650 584 1713 ltaque
599 1649 728 1699 Maudnit
777 1649 802 1698 l.
820 1663 884 1711 pag.
903 1647 954 1699 535
974 1661 1051 1713 seqq.
1073 1653 1101 1698 et
1116 1648 1251 1714 Forbiger
1274 1651 1315 1699 in:

183 1717 381 1777 (Decouvertes
400 1733 434 1766 en
454 1717 564 1768 Troade
585 1720 726 1768 Disserta·
774 1716 884 1767 Haudb.
898 1718 925 1767 d.
939 1717 987 1769 alt.
1004 1717 1158 1782 Geograph.
1172 1719 1210 1770 11.
1224 1734 1250 1782 p.
1266 1720 1317 1769 liS

181 1788 255 1836 tiona
275 1792 327 1840 etc.
342 1787 423 1837 Paris
440 1787 517 1838 1840.
538 1804 564 1852 p.
585 1787 636 1838 219
654 1785 725 1853 seq.)
776 1792 804 1836 et
816 1785 917 1850 Pauly:
942 1785 1203 1851 Realeucyclopaed.
1222 1788 1315 1850 V1,l.

180 1855 258 1904 idam
274 1856 324 1906 hoc
343 1857 403 1906 loco
423 1858 456 1907 de
475 1858 594 1923 Garparo
610 1855 726 1922 intelligi
774 1873 836 1921 pag
852 1857 1058 1923 852².)prirnus,
1075 1873 1108 1907 ex
1121 1873 1173 1922 quo
1185 1857 1315 1907 Sardibus

64 1934 75 1940 ·
180 1925 258 1987 vult,
283 1926 351 1976 Idae
371 1927 483 1976 montis
493 1934 570 1991 parte
591 1926 724 1993 quadam·
775 1927 891 1991 proiecti
908 1926 1012 1978 Persae
1033 1927 1086 1978 iter
1104 1926 1240 1988 fecer-,ant
1267 1928 1316 1976 flu-

180 1993 253 2044 bunc
270 2011 335 2046 vero
354 1994 506 2062 Gargarum
529 1998 563 2047 ad
585 1998 725 2047 sinistram
774 2011 837 2046 vaus
848 1996 934 2046 lmese
946 1997 1061 2058 dicitnr
1078 2011 1123 2061 qm
1133 2002 1229 2061 epotus
1242 1996 1316 2046 dei

180 2056 309 2114 habuerit
324 2081 436 2117 necesse
450 2082 510 2117 esse
529 2067 608 2117 addit
623 2067 725 2117 exerci-
774 2066 857 2126 cerii,
877 2067 1011 2131 cuiusque
1024 2081 1096 2131 aqua
1112 2083 1165 2117 nou
1177 2067 1316 2116 suffecerit

181 2138 226 2184 tus
238 2135 381 2187 Antandro
397 2136 537 2200 profectus
556 2142 584 2188 et
599 2137 661 2187 rude
676 2151 725 2200 per
773 2137 859 2200 copiis
880 2141 964 2201 atquc
985 2136 1122 2189 iumentis
1157 2135 1198 2186 cf.
1216 2136 1313 2201 Heyne

180 2202 337 2268 planitiem,
357 2207 401 2256 cui
422 2221 493 2256 nnnc
514 2222 611 2257 nornen
628 2208 725 2256 Beira·
773 2205 791 2255 l.
806 2205 821 2253 l.
835 2221 897 2270 pag.
911 2207 954 2256 57.
983 2208 1025 2256 Ex
1038 2205 1089 2256 hoc
1100 2211 1189 2257 autern
1200 2206 1281 2256 loco'
1274 2222 1313 2255 ιιι-

181 2272 291 2336 milche,
303 2275 469 2340 fluviumque
481 2274 676 2326 Scamandrum
691 2274 720 2339 (i.
773 2274 860 2339 telligi
874 2280 953 2339 putat
973 2276 1015 2325 vir
1028 2275 1124 2326 doctus
1143 2277 1170 2325 in
1182 2276 1313 2340 preme-

181 2360 205 2395 e.
221 2345 363 2407 Mendere,
382 2350 496 2395 utnunc
510 2343 622 2410 vocant)
642 2345 721 2394 llinm
771 2344 840 2393 ridd.
860 2345 983 2407 Gotting.
1006 2345 1083 2395 1820.
1108 2361 1149 2396 nr.
1171 2346 1227 2396 1111.
1248 2360 1310 2409 pag.

180 2428 275 2464 versus
293 2429 463 2480 progressus.
492 2415 581 2480 Atque
596 2415 666 2464 idem
681 2414 722 2464 ai·
774 2412 839 2467 1907
855 2429 912 2477 seq.
931 2413 1046 2477 (citante
1061 2411 1138 2479 Ca),
1157 2416 1210 2463 iam
1226 2415 1313 2463 Hero-

179 2484 335 2533 firmaverat
347 2484 446 2534 Clarke
466 2484 592 2548 (Travels
611 2490 663 2535 etc.
682 2484 720 2543 11,
771 2483 829 2532 doti
847 2498 917 2534 aevo
934 2483 1040 2533 Simoin
1059 2484 1170 2533 fluvium
1189 2484 1312 2533 Homeri·

182 2554 205 2605 l.
219 2568 245 2616 p.
263 2552 320 2607 137.
338 2552 413 2620 170),
432 2569 492 2604 cum
507 2555 544 2615 is,
567 2555 614 2619 qui
630 2570 645 2602 a
659 2555 720 2603 sinu
770 2567 829 2601 cum
848 2554 875 2601 in
888 2552 1083 2603 Scamandrum
1100 2553 1185 2603 fuisse
1198 2569 1310 2602 conver-

178 2623 376 2687 lldrumytteno
391 2625 426 2674 ad
440 2623 646 2689 Hellespontum
667 2625 720 2673 iter
768 2637 838 2672 sum:
850 2622 974 2687 idemque
984 2622 1257 2672 contenditMauduit
1267 2622 1309 2673 tt.

179 2693 278 2755 iaciat,
292 2708 402 2743 necessa
413 2694 449 2745 sit
460 2692 493 2743 ad
503 2692 609 2744 laevam
619 2693 720 2743 babeat
768 2706 831 2755 pag.
839 2691 898 2751 tid,
909 2707 968 2740 cum
979 2692 1082 2741 rivulus
1093 2697 1190 2756 epotus
1200 2692 1308 2741 minime

178 2763 311 2812 montium
321 2764 386 2814 Idae
397 2765 493 2818 seriem
506 2763 720 2829 ipsumqueGar-
767 2760 933 2810 Scamander
943 2777 1004 2812 essa
1014 2765 1140 2825 potuerit,
1153 2760 1199 2811 sed
1210 2761 1308 2812 Simois

177 2848 282 2897 garum.
768 2830 864 2893 fuerit,
879 2832 906 2880 in
920 2845 998 2894 quern
1011 2831 1170 2881 Scamandri
1186 2829 1308 2895 appella-

206 2899 332 2984 'siccarat'
347 2915 375 2951 re
392 2896 440 2950 acl
461 2897 620 2965 πρηστῆρες
639 2891 719 2950 ἔπεσ-

176 2985 313 3020 πιπτονσι
322 2968 408 3021 καὶ
416 2969 459 3020 dri
447 2970 597 3038 φθιιροιν]
607 2972 718 3021 Dotem

177 3057 227 3105 por
229 3057 273 3092 um
283 3045 399 3105 ratione,
408 3057 440 3092 ex
450 3057 504 3106 qua
514 3058 642 3106 praeseus
653 3047 720 3091 tem-

177 3126 227 3175 pus
239 3128 299 3161 mox
311 3112 415 3177 excipit
427 3112 554 3172 noristus,
566 3111 621 3162 rid
632 3110 718 3160 allata

177 3180 211 3229 ad
225 3181 260 3243 V
273 3183 317 3232 55.
340 3182 381 3232 nd
394 3180 500 3245 reliqna
512 3149 582 3230 colis.
593 3180 716 3261 Xenopb.

177 3250 327 3313 Hellen.,1
346 3251 376 3313 3,
394 3242 490 3302 Ιὸἐν
511 3248 627 3318 Φωκαίᾳ
647 3246 719 3305 νεώς

175 3318 226 3383 τῆς
241 3289 361 3401 Ἀθηνᾶς
369 3290 550 3384 ἐνεπρήσθη,
565 3334 608 3380 πρ
618 3333 635 3382 η
644 3316 719 3381 στῆ

177 3403 237 3450 ρος
253 3380 438 3452 ε’μιτισόντοςι
462 3389 533 3439 unda
549 3391 654 3452 [ιιίιιιίιιιι
669 3393 717 3438 aut

176 3466 248 3510 certe
263 3460 402 3510 fulminum
416 3460 517 3520 radios,
533 3459 632 3523 quibus
645 3474 714 3524 quae

174 3530 318 3593 sariuntur,
325 3531 505 3580 incenduntur
508 3528 636 3593 ,intelligi
646 3543 715 3591 πρη-

175 3613 280 3662 στηρας
292 3567 376 3666 platet.
401 3601 424 3649 l·
428 3607 438 3648 t
449 3598 522 3652 cons
539 3614 647 3664 quoquc
659 3599 714 3649 He·

174 3669 244 3719 sicd.
257 3670 395 3735 Theogou.
409 3669 474 3730 846,
497 3667 542 3719 ubi
557 3665 714 3730 πρηστῆρες

172 3753 283 3801 ανεμσι.
302 3739 447 3818 Antbolog
462 3738 550 3790 Palat
566 3739 634 3801 VII,
654 3739 711 3799 114,

174 3810 222 3858 ubi
230 3801 366 3892 πρηστὴρ
384 3803 543 3871 anecdotos.
576 3808 681 3857 Plura
675 3824 714 3857 ru-

174 3880 269 3929 renics
285 3880 313 3928 in
326 3879 408 3929 Thes.
422 3878 500 3944 Liog
514 3880 609 3928 Graec
624 3878 670 3929 VI
686 3893 712 3942 p.

175 3949 242 4000 15113
256 3950 300 3999 ed
318 3948 400 3999 Dind.
436 3949 469 3997 In
483 3962 557 4012 seqq
577 3947 611 3996 ad
631 3963 713 3997 vocae

172 4010 264 4068 αντοῦ
277 4033 366 4084 ταυτῃ
382 4018 455 4070 coni.
468 4023 537 4069 nott.
554 4017 589 4067 ad
602 4017 655 4080 IV,
667 4016 710 4070 80

347 4259 412 4310 Gar.
433 4259 540 4310 XLIII.

205 4352 388 4425 Ἀκικομὲνοο
403 4356 435 4411 rt
446 4359 499 4411 rori
512 4358 634 4423 στρατοῦ
646 4376 672 4412 κ.
690 4377 713 4415 r.

171 4432 208 4498 1,]
228 4435 305 4496 Quae
319 4434 381 4499 ipsa
395 4425 518 4498 pluribus
528 4434 619 4484 verbis
632 4433 715 4483 inter-

768 2902 807 2949 tio
820 2905 916 2965 postea
933 2901 1088 2951 transierit:
1111 2900 1182 2965 qnod
1199 2901 1306 2965 qnidam

768 2969 836 3019 mibi
851 2969 923 3019 baud
941 2970 1095 3033 persuasit,
1113 2970 1159 3035 qui
1170 2970 1221 3020 boc
1234 2975 1308 3020 certe

769 3039 828 3089 loco
849 3038 882 3090 da
900 3055 954 3089 nno
970 3039 1153 3102 Scamandro,
1172 3040 1218 3089 cui
1235 3056 1308 3090 nuuc

768 3125 864 3159 nornen
879 3108 1003 3159 Mendera
1018 3109 1066 3168 Su.
1082 3124 1230 3161 sermonem
1246 3126 1307 3160 esse

767 3179 887 3228 arbitror
908 3195 941 3229 ex
958 3180 1007 3240 iis,
1032 3192 1103 3245 quae
1118 3181 1151 3229 de
1170 3179 1221 3229 boc
1235 3181 1306 3242 rivo,

767 3249 814 3312 qui
829 3264 862 3298 ex
876 3249 941 3298 ldae
955 3251 1091 3300 montibus
1102 3248 1247 3311 delabitur,
1260 3250 1307 3300 do·

767 3324 880 3368 cuerunt
906 3325 933 3368 et
957 3321 1064 3383 antiqui
1088 3326 1116 3368 et
1141 3322 1306 3369 recentiores

767 3389 931 3452 scriptores,
952 3391 999 3452 qni
1017 3389 1067 3438 baa
1085 3389 1160 3454 ipsas
1181 3389 1305 3453 regiones

765 3456 982 3521 perlustraruut,
1007 3458 1089 3522 idque
1111 3459 1180 3508 satis
1207 3459 1305 3522 proba·

765 3532 839 3589 runt,
852 3542 911 3576 eum
927 3531 1022 3589 rivum,
1037 3529 1083 3590 qui
1095 3527 1159 3577 olim
1169 3527 1259 3578 Simois
1271 3544 1305 3577 ac

765 3611 837 3646 nunc
854 3597 980 3646 Duorbrel·
999 3612 1021 3646 s.
1034 3596 1144 3646 Drimrrlr
1162 3597 1242 3647 ΤιΙιιιι·
1259 3614 1307 3646 vo·

764 3672 855 3727 catur,
867 3666 947 3731 louge
959 3668 1089 3717 minorem
1104 3683 1179 3728 csse,
1194 3667 1262 3716 adeo
1274 3672 1304 3717 ut

764 3736 880 3786 aestatis
891 3741 1012 3801 tempore
1022 3752 1126 3786 ornnem
1138 3736 1194 3787 fere
1206 3753 1303 3801 aquam

765 3808 888 3865 amittam
902 3820 989 3869 neque
998 3821 1058 3856 cum
1069 3806 1158 3856 adbuc
1169 3822 1229 3856 cum
1238 3806 1304 3856 Sca-

764 3876 877 3925 mandro
890 3876 1018 3939 coniungi
1028 3878 1147 3937 tradunt,
1163 3876 1211 3927 aed
1223 3877 1303 3924 trium

764 3950 870 3995 tantum
881 3945 1068 4011 geographico.
1080 3946 1303 4010 milliarr.spatia

764 4030 900 4065 emensum
914 4017 981 4065 mari
993 4017 1112 4066 misceri:
1128 4014 1276 4067 ridellum
1286 4032 1303 4064 a

764 4085 913 4150 barbigero
925 4085 964 4136 in:
974 4084 1086 4149 Pauly's
1094 4084 1302 4150 Rsalencyelop.

764 4155 855 4218 v1,2.
872 4171 933 4219 pag.
948 4155 1017 4206 ’21511
1033 4171 1089 4220 seq.
1118 4156 1216 4220 Itaque
1230 4154 1303 4218 apud

764 4224 931 4274 Herodotum
945 4224 978 4275 de
992 4240 1045 4274 uno
1057 4224 1239 4285 Scamandro,
1256 4223 1302 4288 qui

765 4293 834 4345 satis
846 4309 972 4359 magnam
990 4309 1120 4359 aquarum
1136 4295 1242 4356 copiam
1258 4292 1302 4343 vel

765 4363 854 4415 madia
864 4368 971 4414 aestate
982 4378 1072 4413 aecum
1085 4363 1156 4413 serre
1167 4363 1265 4414 dicitur
1275 4370 1304 4413 et

765 4435 857 4485 decem
868 4432 924 4484 fera
934 4432 1123 4499 geographico.
1132 4433 1252 4484 milliarr.
1259 4434 1304 4483 iti·
