<?xml version="1.0" encoding="UTF-8"?>
<!DOCTYPE html PUBLIC "-//W3C//DTD XHTML 1.0 Transitional//EN"
    "http://www.w3.org/TR/xhtml1/DTD/xhtml1-transitional.dtd">
<html xmlns="http://www.w3.org/1999/xhtml" xml:lang="en" lang="en">
 <head>
  <title>
</title>
<meta http-equiv="Content-Type" content="text/html;charset=utf-8" />
  <meta name='ocr-system' content='tesseract 3.04.00' />
  <meta name='ocr-capabilities' content='ocr_page ocr_carea ocr_par ocr_line ocrx_word'/>
</head>
<body>
  <div class='ocr_page' id='page_1' title='image "./herodotihalicar03bhgoog_0481.png"; bbox 0 0 3046 5134; ppageno 0'>
   <div class='ocr_carea' id='block_1_1' title="bbox 230 379 927 464">
    <p class='ocr_par' dir='ltr' id='par_1_1' title="bbox 230 379 927 464">
     <span class='ocr_line' id='line_1_1' title="bbox 230 379 927 464; baseline 0.001 -22"><span class='ocrx_word' id='word_1_1' title='bbox 230 381 291 443; x_wconf 72' lang='grc' dir='ltr'><strong>τοι</strong></span> <span class='ocrx_word' id='word_1_2' title='bbox 398 456 401 464; x_wconf 48' lang='grc'>,</span> <span class='ocrx_word' id='word_1_3' title='bbox 664 379 927 444; x_wconf 79' lang='lat' dir='ltr'><strong>aanonorr</strong></span> 
     </span>
    </p>
   </div>
   <div class='ocr_carea' id='block_1_2' title="bbox 133 554 1364 967">
    <p class='ocr_par' dir='ltr' id='par_1_2' title="bbox 231 554 1363 650">
     <span class='ocr_line' id='line_1_2' title="bbox 231 554 1363 650; baseline 0.004 -23"><span class='ocrx_word' id='word_1_4' title='bbox 231 562 262 627; x_wconf 77' lang='lat' dir='ltr'><strong>el</strong></span> <span class='ocrx_word' id='word_1_5' title='bbox 274 554 337 645; x_wconf 82' lang='grc' dir='ltr'><strong>χᾶρ</strong></span> <span class='ocrx_word' id='word_1_6' title='bbox 352 559 407 629; x_wconf 84' lang='grc' dir='ltr'><strong><em>καὶ</em></strong></span> <span class='ocrx_word' id='word_1_7' title='bbox 421 561 672 647; x_wconf 75' lang='grc' dir='ltr'><strong><em>ἐναντιωθῆναί</em></strong></span> <span class='ocrx_word' id='word_1_8' title='bbox 685 582 716 624; x_wconf 90' lang='grc' dir='ltr'><strong>τι</strong></span> <span class='ocrx_word' id='word_1_9' title='bbox 734 557 846 641; x_wconf 76' lang='grc' dir='ltr'><strong><em>θέλει,</em></strong></span> <span class='ocrx_word' id='word_1_10' title='bbox 867 556 1088 647; x_wconf 76' lang='grc' dir='ltr'><strong><em>βεβούλευται</em></strong></span> <span class='ocrx_word' id='word_1_11' title='bbox 1110 561 1172 650; x_wconf 73' lang='grc' dir='ltr'><strong>μὲν</strong></span> <span class='ocrx_word' id='word_1_12' title='bbox 1190 559 1293 632; x_wconf 70' lang='grc' dir='ltr'><strong><em>οὐδὲν</em></strong></span> <span class='ocrx_word' id='word_1_13' title='bbox 1306 565 1363 633; x_wconf 78' lang='grc' dir='ltr'><strong>ἕσ·</strong></span> 
     </span>
    </p>

    <p class='ocr_par' dir='ltr' id='par_1_3' title="bbox 133 648 1361 859">
     <span class='ocr_line' id='line_1_3' title="bbox 133 648 1360 754; baseline 0.005 -23"><span class='ocrx_word' id='word_1_14' title='bbox 133 648 136 656; x_wconf 53' lang='grc'><strong>’</strong></span> <span class='ocrx_word' id='word_1_15' title='bbox 230 685 291 731; x_wconf 91' lang='grc' dir='ltr'><strong>σον</strong></span> <span class='ocrx_word' id='word_1_16' title='bbox 306 654 361 748; x_wconf 86' lang='grc' dir='ltr'><strong>εὖ,</strong></span> <span class='ocrx_word' id='word_1_17' title='bbox 385 666 525 732; x_wconf 81' lang='grc' dir='ltr'><strong>ἕσσωται</strong></span> <span class='ocrx_word' id='word_1_18' title='bbox 540 661 578 731; x_wconf 69' lang='grc' dir='ltr'><strong>δὲ</strong></span> <span class='ocrx_word' id='word_1_19' title='bbox 597 657 664 732; x_wconf 79' lang='grc' dir='ltr'><strong>ὑπὸ</strong></span> <span class='ocrx_word' id='word_1_20' title='bbox 678 664 735 747; x_wconf 79' lang='grc' dir='ltr'><strong>τῆς</strong></span> <span class='ocrx_word' id='word_1_21' title='bbox 748 659 848 748; x_wconf 80' lang='grc' dir='ltr'><strong><em>τύχης</em></strong></span> <span class='ocrx_word' id='word_1_22' title='bbox 861 660 898 730; x_wconf 81' lang='grc' dir='ltr'><strong>τὸ</strong></span> <span class='ocrx_word' id='word_1_23' title='bbox 912 663 1098 753; x_wconf 79' lang='grc' dir='ltr'><strong><em>βούλευμα·</em></strong></span> <span class='ocrx_word' id='word_1_24' title='bbox 1128 661 1147 735; x_wconf 84' lang='grc' dir='ltr'>ὁ</span> <span class='ocrx_word' id='word_1_25' title='bbox 1166 667 1202 736; x_wconf 75' lang='grc' dir='ltr'><strong>δὲ</strong></span> <span class='ocrx_word' id='word_1_26' title='bbox 1218 674 1360 754; x_wconf 81' lang='grc' dir='ltr'><strong><em>βουλευ·</em></strong></span> 
     </span>
     <span class='ocr_line' id='line_1_4' title="bbox 231 759 1361 859; baseline 0.006 -25"><span class='ocrx_word' id='word_1_27' title='bbox 231 766 374 853; x_wconf 84' lang='grc' dir='ltr'><strong><em>σύμευος</em></strong></span> <span class='ocrx_word' id='word_1_28' title='bbox 388 772 548 853; x_wconf 69' lang='grc' dir='ltr'><strong><em>αἰσχροῖς,</em></strong></span> <span class='ocrx_word' id='word_1_29' title='bbox 564 776 597 836; x_wconf 76' lang='grc' dir='ltr'><strong><em>εἴ</em></strong></span> <span class='ocrx_word' id='word_1_30' title='bbox 609 759 674 853; x_wconf 61' lang='lat' dir='ltr'><strong>ote}</strong></span> <span class='ocrx_word' id='word_1_31' title='bbox 689 763 771 852; x_wconf 90' lang='grc' dir='ltr'><strong><em>τύχη</em></strong></span> <span class='ocrx_word' id='word_1_32' title='bbox 786 767 975 853; x_wconf 77' lang='grc' dir='ltr'><strong><em>ἐπίσποιτο,</em></strong></span> <span class='ocrx_word' id='word_1_33' title='bbox 1000 765 1129 857; x_wconf 81' lang='grc' dir='ltr'><strong><em>εὕρημα</em></strong></span> <span class='ocrx_word' id='word_1_34' title='bbox 1148 767 1286 859; x_wconf 75' lang='grc' dir='ltr'><strong><em>εὕρηκε,</em></strong></span> <span class='ocrx_word' id='word_1_35' title='bbox 1305 775 1361 841; x_wconf 77' lang='grc' dir='ltr'><strong>ἕσ-</strong></span> 
     </span>
    </p>

    <p class='ocr_par' dir='ltr' id='par_1_4' title="bbox 197 866 1364 967">
     <span class='ocr_line' id='line_1_5' title="bbox 197 866 1364 967; baseline 0.005 -30"><span class='ocrx_word' id='word_1_36' title='bbox 197 886 213 936; x_wconf 79' lang='grc'><strong>5</strong></span> <span class='ocrx_word' id='word_1_37' title='bbox 232 891 293 939; x_wconf 88' lang='grc' dir='ltr'><strong>σου</strong></span> <span class='ocrx_word' id='word_1_38' title='bbox 307 871 344 940; x_wconf 72' lang='grc' dir='ltr'><strong>δὲ</strong></span> <span class='ocrx_word' id='word_1_39' title='bbox 358 867 460 941; x_wconf 77' lang='grc' dir='ltr'><strong><em>οὐδέν</em></strong></span> <span class='ocrx_word' id='word_1_40' title='bbox 479 875 512 939; x_wconf 83' lang='grc' dir='ltr'><strong>ολ</strong></span> <span class='ocrx_word' id='word_1_41' title='bbox 524 875 634 949; x_wconf 77' lang='grc' dir='ltr'><strong><em>κακῶς</em></strong></span> <span class='ocrx_word' id='word_1_42' title='bbox 648 868 879 958; x_wconf 82' lang='grc' dir='ltr'><strong><em>βεβούλευται.</em></strong></span> <span class='ocrx_word' id='word_1_43' title='bbox 911 866 1008 963; x_wconf 78' lang='grc' dir='ltr'><strong><em>Ὁρᾷς</em></strong></span> <span class='ocrx_word' id='word_1_44' title='bbox 1023 870 1063 942; x_wconf 78' lang='grc' dir='ltr'><strong>τὰ</strong></span> <span class='ocrx_word' id='word_1_45' title='bbox 1077 868 1282 962; x_wconf 75' lang='grc' dir='ltr'><strong><em>ὑπερέχοντα</em></strong></span> <span class='ocrx_word' id='word_1_46' title='bbox 1296 880 1364 967; x_wconf 74' lang='grc' dir='ltr'><strong><em>ζῷα</em></strong></span> 
     </span>
    </p>
   </div>
   <div class='ocr_carea' id='block_1_3' title="bbox 220 1105 1461 4526">
    <p class='ocr_par' dir='ltr' id='par_1_5' title="bbox 220 1105 1461 4526">
     <span class='ocr_line' id='line_1_6' title="bbox 230 1105 1360 1176; baseline 0.002 -18"><span class='ocrx_word' id='word_1_47' title='bbox 230 1115 307 1158; x_wconf 81' lang='lat' dir='ltr'><strong>tecum</strong></span> <span class='ocrx_word' id='word_1_48' title='bbox 320 1114 395 1160; x_wconf 82' lang='grc' dir='ltr'><strong><em>αοιτιι</em></strong></span> <span class='ocrx_word' id='word_1_49' title='bbox 411 1107 565 1162; x_wconf 77' lang='lat' dir='ltr'><strong>deliberata:</strong></span> <span class='ocrx_word' id='word_1_50' title='bbox 582 1106 616 1158; x_wconf 90' lang='lat' dir='ltr'><strong>de</strong></span> <span class='ocrx_word' id='word_1_51' title='bbox 632 1105 771 1156; x_wconf 80' lang='lat' dir='ltr'><strong>locutione</strong></span> <span class='ocrx_word' id='word_1_52' title='bbox 822 1107 968 1160; x_wconf 84' lang='lat' dir='ltr'><strong>enuntiari.</strong></span> <span class='ocrx_word' id='word_1_53' title='bbox 1003 1109 1045 1158; x_wconf 79' lang='lat' dir='ltr'><strong>Tu</strong></span> <span class='ocrx_word' id='word_1_54' title='bbox 1063 1110 1118 1160; x_wconf 84' lang='lat' dir='ltr'><strong>rid.</strong></span> <span class='ocrx_word' id='word_1_55' title='bbox 1137 1112 1178 1173; x_wconf 85' lang='lat' dir='ltr'><strong>V,</strong></span> <span class='ocrx_word' id='word_1_56' title='bbox 1195 1111 1220 1159; x_wconf 97' lang='grc'><strong>4.</strong></span> <span class='ocrx_word' id='word_1_57' title='bbox 1242 1111 1276 1160; x_wconf 82' lang='grc'><strong>24</strong></span> <span class='ocrx_word' id='word_1_58' title='bbox 1294 1111 1360 1176; x_wconf 90' lang='lat' dir='ltr'><strong>ibiq.</strong></span> 
     </span>
     <span class='ocr_line' id='line_1_7' title="bbox 230 1168 1361 1241; baseline 0.005 -16"><span class='ocrx_word' id='word_1_59' title='bbox 230 1168 276 1227; x_wconf 68' lang='lat' dir='ltr'><strong>tut</strong></span> <span class='ocrx_word' id='word_1_60' title='bbox 289 1176 414 1228; x_wconf 82' lang='grc' dir='ltr'><strong><em>σεωυτοῦ</em></strong></span> <span class='ocrx_word' id='word_1_61' title='bbox 433 1178 504 1229; x_wconf 85' lang='lat' dir='ltr'><strong>conf.</strong></span> <span class='ocrx_word' id='word_1_62' title='bbox 520 1177 647 1228; x_wconf 88' lang='lat' dir='ltr'><strong>Knehner</strong></span> <span class='ocrx_word' id='word_1_63' title='bbox 665 1178 710 1227; x_wconf 83' lang='lat' dir='ltr'><strong>Gr.</strong></span> <span class='ocrx_word' id='word_1_64' title='bbox 724 1176 770 1225; x_wconf 80' lang='lat' dir='ltr'><strong>Gr.</strong></span> <span class='ocrx_word' id='word_1_65' title='bbox 821 1183 890 1228; x_wconf 90' lang='lat' dir='ltr'><strong>nott.</strong></span> <span class='ocrx_word' id='word_1_66' title='bbox 901 1177 963 1229; x_wconf 86' lang='lat' dir='ltr'><strong>coit.</strong></span> <span class='ocrx_word' id='word_1_67' title='bbox 980 1184 1050 1231; x_wconf 83' lang='lat' dir='ltr'><strong>nott.</strong></span> <span class='ocrx_word' id='word_1_68' title='bbox 1066 1179 1102 1228; x_wconf 85' lang='lat' dir='ltr'><strong>ad</strong></span> <span class='ocrx_word' id='word_1_69' title='bbox 1113 1180 1166 1239; x_wconf 86' lang='lat'>111,</span> <span class='ocrx_word' id='word_1_70' title='bbox 1179 1180 1221 1230; x_wconf 86' lang='grc'><strong>80.</strong></span> <span class='ocrx_word' id='word_1_71' title='bbox 1235 1181 1280 1230; x_wconf 74' lang='grc'><strong>82.</strong></span> <span class='ocrx_word' id='word_1_72' title='bbox 1297 1181 1361 1241; x_wconf 89' lang='lat' dir='ltr'>VII,</span> 
     </span>
     <span class='ocr_line' id='line_1_8' title="bbox 231 1246 1362 1313; baseline 0.001 -13"><span class='ocrx_word' id='word_1_73' title='bbox 231 1251 254 1311; x_wconf 63' lang='grc' dir='ltr'><strong>ὅ.</strong></span> <span class='ocrx_word' id='word_1_74' title='bbox 270 1250 318 1300; x_wconf 87' lang='grc'><strong>011</strong></span> <span class='ocrx_word' id='word_1_75' title='bbox 335 1255 362 1300; x_wconf 89' lang='lat' dir='ltr'><strong>et</strong></span> <span class='ocrx_word' id='word_1_76' title='bbox 378 1248 431 1300; x_wconf 80' lang='lat' dir='ltr'><strong>rid.</strong></span> <span class='ocrx_word' id='word_1_77' title='bbox 448 1263 530 1313; x_wconf 87' lang='lat' dir='ltr'><strong>anpra</strong></span> <span class='ocrx_word' id='word_1_78' title='bbox 547 1248 588 1297; x_wconf 91' lang='grc'><strong>10.</strong></span> <span class='ocrx_word' id='word_1_79' title='bbox 602 1250 625 1309; x_wconf 66' lang='grc' dir='ltr'><strong>ξ,</strong></span> <span class='ocrx_word' id='word_1_80' title='bbox 643 1247 666 1299; x_wconf 89' lang='grc'><strong>1,</strong></span> <span class='ocrx_word' id='word_1_81' title='bbox 821 1250 845 1298; x_wconf 80' lang='grc'><strong>8.</strong></span> <span class='ocrx_word' id='word_1_82' title='bbox 861 1246 885 1309; x_wconf 64' lang='grc' dir='ltr'><strong>ἐ.</strong></span> <span class='ocrx_word' id='word_1_83' title='bbox 904 1249 926 1298; x_wconf 93' lang='grc'><strong>1.</strong></span> <span class='ocrx_word' id='word_1_84' title='bbox 951 1248 990 1298; x_wconf 91' lang='grc'><strong>10.</strong></span> <span class='ocrx_word' id='word_1_85' title='bbox 1003 1248 1064 1311; x_wconf 71' lang='lat' dir='ltr'><strong>§.a</strong></span> <span class='ocrx_word' id='word_1_86' title='bbox 1078 1248 1121 1300; x_wconf 78' lang='lat'><strong>53.</strong></span> <span class='ocrx_word' id='word_1_87' title='bbox 1145 1249 1187 1298; x_wconf 86' lang='lat' dir='ltr'><strong>Ad</strong></span> <span class='ocrx_word' id='word_1_88' title='bbox 1196 1249 1362 1302; x_wconf 81' lang='lat' dir='ltr'><strong>locutionem</strong></span> 
     </span>
     <span class='ocr_line' id='line_1_9' title="bbox 272 1308 1361 1383; baseline 0.005 -16"><span class='ocrx_word' id='word_1_89' title='bbox 272 1312 299 1367; x_wconf 79' lang='grc' dir='ltr'><strong><em>εἰ</em></strong></span> <span class='ocrx_word' id='word_1_90' title='bbox 314 1314 430 1381; x_wconf 74' lang='grc' dir='ltr'><strong><em>γὰρκαὶ</em></strong></span> <span class='ocrx_word' id='word_1_91' title='bbox 451 1312 666 1380; x_wconf 74' lang='grc' dir='ltr'><strong><em>ἐναντιωθῆναί</em></strong></span> <span class='ocrx_word' id='word_1_92' title='bbox 680 1331 705 1364; x_wconf 90' lang='grc' dir='ltr'><strong>τι</strong></span> <span class='ocrx_word' id='word_1_93' title='bbox 721 1309 770 1362; x_wconf 75' lang='grc' dir='ltr'><strong>θέ-</strong></span> <span class='ocrx_word' id='word_1_94' title='bbox 820 1308 929 1379; x_wconf 80' lang='grc' dir='ltr'><strong><em>εύρημα</em></strong></span> <span class='ocrx_word' id='word_1_95' title='bbox 948 1309 1050 1381; x_wconf 75' lang='grc' dir='ltr'><strong><em>εὕρηκε</em></strong></span> <span class='ocrx_word' id='word_1_96' title='bbox 1073 1319 1106 1368; x_wconf 91' lang='lat' dir='ltr'><strong>de</strong></span> <span class='ocrx_word' id='word_1_97' title='bbox 1127 1318 1202 1369; x_wconf 86' lang='lat' dir='ltr'><strong>tuero</strong></span> <span class='ocrx_word' id='word_1_98' title='bbox 1221 1323 1361 1383; x_wconf 69' lang='lat' dir='ltr'><strong>insperato,</strong></span> 
     </span>
     <span class='ocr_line' id='line_1_10' title="bbox 232 1384 1361 1453; baseline 0.004 -17"><span class='ocrx_word' id='word_1_99' title='bbox 232 1387 285 1453; x_wconf 79' lang='grc' dir='ltr'><strong><em>λιι]</em></strong></span> <span class='ocrx_word' id='word_1_100' title='bbox 304 1390 408 1451; x_wconf 78' lang='lat' dir='ltr'><strong>„Recte</strong></span> <span class='ocrx_word' id='word_1_101' title='bbox 426 1388 555 1439; x_wconf 82' lang='lat' dir='ltr'><strong>Euatath.</strong></span> <span class='ocrx_word' id='word_1_102' title='bbox 575 1387 602 1436; x_wconf 91' lang='lat' dir='ltr'><strong>in</strong></span> <span class='ocrx_word' id='word_1_103' title='bbox 623 1385 665 1436; x_wconf 88' lang='lat' dir='ltr'><strong>lii.</strong></span> <span class='ocrx_word' id='word_1_104' title='bbox 685 1384 723 1435; x_wconf 91' lang='grc' dir='ltr'><strong>ΙΙ.</strong></span> <span class='ocrx_word' id='word_1_105' title='bbox 742 1400 769 1448; x_wconf 86' lang='lat' dir='ltr'><strong>p.</strong></span> <span class='ocrx_word' id='word_1_106' title='bbox 817 1396 926 1451; x_wconf 82' lang='lat' dir='ltr'><strong>praeter</strong></span> <span class='ocrx_word' id='word_1_107' title='bbox 938 1403 1006 1450; x_wconf 80' lang='lat' dir='ltr'><strong>apem</strong></span> <span class='ocrx_word' id='word_1_108' title='bbox 1018 1388 1116 1451; x_wconf 84' lang='lat' dir='ltr'><strong>obtato,</strong></span> <span class='ocrx_word' id='word_1_109' title='bbox 1136 1390 1209 1440; x_wconf 80' lang='lat' dir='ltr'><strong>eont.</strong></span> <span class='ocrx_word' id='word_1_110' title='bbox 1224 1388 1311 1441; x_wconf 84' lang='lat' dir='ltr'><strong>allata</strong></span> <span class='ocrx_word' id='word_1_111' title='bbox 1325 1391 1361 1440; x_wconf 90' lang='lat' dir='ltr'><strong>ad</strong></span> 
     </span>
     <span class='ocr_line' id='line_1_11' title="bbox 232 1444 1461 1524; baseline 0 -15"><span class='ocrx_word' id='word_1_112' title='bbox 232 1458 378 1521; x_wconf 62' lang='lat' dir='ltr'><strong>ramos.</strong></span> <span class='ocrx_word' id='word_1_113' title='bbox 396 1447 586 1521; x_wconf 61' lang='lat' dir='ltr'><strong>naamon.</strong></span> <span class='ocrx_word' id='word_1_114' title='bbox 604 1444 770 1515; x_wconf 64' lang='grc' dir='ltr'><strong><em>ιταέκτσν</em></strong></span> <span class='ocrx_word' id='word_1_115' title='bbox 821 1457 899 1518; x_wconf 78' lang='lat' dir='ltr'><strong>vin,</strong></span> <span class='ocrx_word' id='word_1_116' title='bbox 920 1457 975 1508; x_wconf 82' lang='grc' dir='ltr'><strong><em>ιοο.</em></strong></span> <span class='ocrx_word' id='word_1_117' title='bbox 1004 1448 1362 1524; x_wconf 63' lang='grc' dir='ltr'><strong><em>νειοιεεοιὴισχηέιι.</em></strong></span> <span class='ocrx_word' id='word_1_118' title='bbox 1454 1466 1461 1475; x_wconf 90' lang='grc'><em>·</em></span> 
     </span>
     <span class='ocr_line' id='line_1_12' title="bbox 229 1516 1360 1594; baseline 0.004 -17"><span class='ocrx_word' id='word_1_119' title='bbox 229 1519 461 1592; x_wconf 75' lang='grc' dir='ltr'><strong><em>ἀποτελεσμάτων</em></strong></span> <span class='ocrx_word' id='word_1_120' title='bbox 473 1522 517 1576; x_wconf 79' lang='lat' dir='ltr'><strong>niet</strong></span> <span class='ocrx_word' id='word_1_121' title='bbox 530 1520 640 1589; x_wconf 77' lang='grc' dir='ltr'><strong><em>κριτέον</em></strong></span> <span class='ocrx_word' id='word_1_122' title='bbox 655 1516 690 1574; x_wconf 81' lang='grc' dir='ltr'><strong>τὰ</strong></span> <span class='ocrx_word' id='word_1_123' title='bbox 699 1517 771 1572; x_wconf 78' lang='grc' dir='ltr'><strong><em>καλὰ</em></strong></span> <span class='ocrx_word' id='word_1_124' title='bbox 821 1540 921 1576; x_wconf 88' lang='grc' dir='ltr'><strong><em>οποιτο</em></strong></span> <span class='ocrx_word' id='word_1_125' title='bbox 934 1528 1027 1578; x_wconf 89' lang='lat' dir='ltr'><strong>eadem</strong></span> <span class='ocrx_word' id='word_1_126' title='bbox 1041 1528 1166 1593; x_wconf 79' lang='lat' dir='ltr'><strong>leguntur</strong></span> <span class='ocrx_word' id='word_1_127' title='bbox 1176 1529 1197 1587; x_wconf 85' lang='lat'><strong>1,</strong></span> <span class='ocrx_word' id='word_1_128' title='bbox 1209 1529 1242 1580; x_wconf 72' lang='lat'><strong>32</strong></span> <span class='ocrx_word' id='word_1_129' title='bbox 1253 1529 1309 1594; x_wconf 88' lang='lat' dir='ltr'><strong>(abi</strong></span> <span class='ocrx_word' id='word_1_130' title='bbox 1323 1531 1360 1583; x_wconf 79' lang='lat' dir='ltr'><strong>ei.</strong></span> 
     </span>
     <span class='ocr_line' id='line_1_13' title="bbox 228 1589 1360 1664; baseline 0.003 -17"><span class='ocrx_word' id='word_1_131' title='bbox 228 1597 284 1648; x_wconf 73' lang='grc' dir='ltr'><strong><em>εἴτε</em></strong></span> <span class='ocrx_word' id='word_1_132' title='bbox 298 1595 345 1649; x_wconf 81' lang='grc' dir='ltr'><strong><em>καλ</em></strong></span> <span class='ocrx_word' id='word_1_133' title='bbox 363 1594 472 1661; x_wconf 77' lang='grc' dir='ltr'><strong><em>φαῦλα,</em></strong></span> <span class='ocrx_word' id='word_1_134' title='bbox 493 1612 626 1661; x_wconf 85' lang='lat' dir='ltr'><strong>anumque</strong></span> <span class='ocrx_word' id='word_1_135' title='bbox 645 1594 712 1645; x_wconf 88' lang='lat' dir='ltr'><strong>illud</strong></span> <span class='ocrx_word' id='word_1_136' title='bbox 731 1592 771 1643; x_wconf 90' lang='lat' dir='ltr'><strong>di·</strong></span> <span class='ocrx_word' id='word_1_137' title='bbox 820 1596 918 1661; x_wconf 85' lang='lat' dir='ltr'><strong>nott),</strong></span> <span class='ocrx_word' id='word_1_138' title='bbox 933 1599 988 1648; x_wconf 86' lang='lat' dir='ltr'><strong>niei</strong></span> <span class='ocrx_word' id='word_1_139' title='bbox 1001 1599 1072 1663; x_wconf 90' lang='lat' dir='ltr'><strong>quod</strong></span> <span class='ocrx_word' id='word_1_140' title='bbox 1089 1599 1167 1649; x_wconf 90' lang='lat' dir='ltr'><strong>abeat</strong></span> <span class='ocrx_word' id='word_1_141' title='bbox 1181 1600 1313 1650; x_wconf 73' lang='lat' dir='ltr'><strong>articulat</strong></span> <span class='ocrx_word' id='word_1_142' title='bbox 1331 1589 1360 1664; x_wconf 81' lang='grc' dir='ltr'><strong>ἡ,</strong></span> 
     </span>
     <span class='ocr_line' id='line_1_14' title="bbox 230 1664 1361 1732; baseline 0.002 -13"><span class='ocrx_word' id='word_1_143' title='bbox 230 1674 304 1719; x_wconf 83' lang='lat' dir='ltr'><strong>otum</strong></span> <span class='ocrx_word' id='word_1_144' title='bbox 317 1685 350 1719; x_wconf 89' lang='lat' dir='ltr'><strong>ex</strong></span> <span class='ocrx_word' id='word_1_145' title='bbox 362 1669 499 1718; x_wconf 78' lang='lat' dir='ltr'><strong>sententia</strong></span> <span class='ocrx_word' id='word_1_146' title='bbox 507 1666 596 1717; x_wconf 87' lang='lat' dir='ltr'><strong>firmat</strong></span> <span class='ocrx_word' id='word_1_147' title='bbox 605 1664 769 1716; x_wconf 89' lang='lat' dir='ltr'><strong>Herodoti.“</strong></span> <span class='ocrx_word' id='word_1_148' title='bbox 820 1683 898 1732; x_wconf 90' lang='lat' dir='ltr'><strong>quem</strong></span> <span class='ocrx_word' id='word_1_149' title='bbox 918 1667 968 1718; x_wconf 89' lang='lat' dir='ltr'><strong>hoo</strong></span> <span class='ocrx_word' id='word_1_150' title='bbox 988 1667 1048 1718; x_wconf 87' lang='lat' dir='ltr'><strong>loeo</strong></span> <span class='ocrx_word' id='word_1_151' title='bbox 1065 1667 1108 1719; x_wconf 87' lang='lat' dir='ltr'><strong>vel</strong></span> <span class='ocrx_word' id='word_1_152' title='bbox 1128 1675 1238 1732; x_wconf 90' lang='lat' dir='ltr'><strong>propter</strong></span> <span class='ocrx_word' id='word_1_153' title='bbox 1252 1674 1361 1721; x_wconf 86' lang='lat' dir='ltr'><strong>antaee·</strong></span> 
     </span>
     <span class='ocr_line' id='line_1_15' title="bbox 235 1728 1385 1803; baseline 0.002 -14"><span class='ocrx_word' id='word_1_154' title='bbox 235 1742 260 1789; x_wconf 90' lang='lat' dir='ltr'><em>V</em></span> <span class='ocrx_word' id='word_1_155' title='bbox 263 1757 279 1789; x_wconf 88' lang='grc' dir='ltr'><strong><em>ο</em></strong></span> <span class='ocrx_word' id='word_1_156' title='bbox 287 1742 345 1790; x_wconf 79' lang='lat' dir='ltr'><strong>let.</strong></span> <span class='ocrx_word' id='word_1_157' title='bbox 359 1739 438 1789; x_wconf 85' lang='lat' dir='ltr'><strong>daea</strong></span> <span class='ocrx_word' id='word_1_158' title='bbox 452 1740 603 1799; x_wconf 77' lang='lat' dir='ltr'><strong>sententia,</strong></span> <span class='ocrx_word' id='word_1_159' title='bbox 620 1749 673 1801; x_wconf 85' lang='lat' dir='ltr'><strong>qua</strong></span> <span class='ocrx_word' id='word_1_160' title='bbox 686 1733 769 1798; x_wconf 74' lang='lat' dir='ltr'><strong>vulgo</strong></span> <span class='ocrx_word' id='word_1_161' title='bbox 819 1737 913 1787; x_wconf 85' lang='lat' dir='ltr'><strong>dentia</strong></span> <span class='ocrx_word' id='word_1_162' title='bbox 925 1728 982 1787; x_wconf 79' lang='grc' dir='ltr'><strong>0πό</strong></span> <span class='ocrx_word' id='word_1_163' title='bbox 996 1738 1038 1803; x_wconf 84' lang='grc' dir='ltr'><strong>τῆ</strong></span> <span class='ocrx_word' id='word_1_164' title='bbox 1046 1753 1059 1795; x_wconf 85' lang='grc' dir='ltr'><strong><em>ς</em></strong></span> <span class='ocrx_word' id='word_1_165' title='bbox 1077 1728 1164 1802; x_wconf 77' lang='grc' dir='ltr'><strong><em>τύχης</em></strong></span> <span class='ocrx_word' id='word_1_166' title='bbox 1177 1740 1292 1791; x_wconf 87' lang='lat' dir='ltr'><strong>retineri</strong></span> <span class='ocrx_word' id='word_1_167' title='bbox 1304 1756 1360 1791; x_wconf 85' lang='lat' dir='ltr'><strong>ma·</strong></span> <span class='ocrx_word' id='word_1_168' title='bbox 1381 1744 1385 1751; x_wconf 93' lang='lat'>&#39;</span> 
     </span>
     <span class='ocr_line' id='line_1_16' title="bbox 230 1804 875 1875; baseline -0.003 -16"><span class='ocrx_word' id='word_1_169' title='bbox 230 1825 355 1875; x_wconf 79' lang='lat' dir='ltr'><strong>perverse</strong></span> <span class='ocrx_word' id='word_1_170' title='bbox 375 1808 525 1859; x_wconf 77' lang='lat' dir='ltr'><strong>iudicamus</strong></span> <span class='ocrx_word' id='word_1_171' title='bbox 543 1808 710 1866; x_wconf 75' lang='lat' dir='ltr'><strong>eboreum,</strong></span> <span class='ocrx_word' id='word_1_172' title='bbox 733 1804 771 1852; x_wconf 90' lang='lat' dir='ltr'><strong>ei·</strong></span> <span class='ocrx_word' id='word_1_173' title='bbox 819 1806 875 1857; x_wconf 89' lang='lat' dir='ltr'><strong>lim.</strong></span> 
     </span>
     <span class='ocr_line' id='line_1_17' title="bbox 228 1869 765 1943; baseline -0.013 -14"><span class='ocrx_word' id='word_1_174' title='bbox 228 1886 290 1929; x_wconf 84' lang='lat' dir='ltr'><strong>tana</strong></span> <span class='ocrx_word' id='word_1_175' title='bbox 303 1877 478 1930; x_wconf 78' lang='lat' dir='ltr'><strong>Demosthen.</strong></span> <span class='ocrx_word' id='word_1_176' title='bbox 492 1895 518 1943; x_wconf 85' lang='lat' dir='ltr'><strong>p.</strong></span> <span class='ocrx_word' id='word_1_177' title='bbox 533 1881 548 1927; x_wconf 82' lang='lat'>5</span> <span class='ocrx_word' id='word_1_178' title='bbox 571 1875 608 1941; x_wconf 83' lang='lat' dir='ltr'><strong>[p.</strong></span> <span class='ocrx_word' id='word_1_179' title='bbox 627 1877 666 1937; x_wconf 75' lang='lat'><strong>12,</strong></span> <span class='ocrx_word' id='word_1_180' title='bbox 682 1869 765 1935; x_wconf 75' lang='lat' dir='ltr'><strong>tort]</strong></span> 
     </span>
     <span class='ocr_line' id='line_1_18' title="bbox 229 1940 1116 2044; baseline 0.003 -47"><span class='ocrx_word' id='word_1_181' title='bbox 229 1940 766 2020; x_wconf 50' lang='lat' dir='ltr'><strong>contr.arist0mat.p.421[poem]-</strong></span> <span class='ocrx_word' id='word_1_182' title='bbox 1054 1984 1069 2044; x_wconf 60' lang='lat'>5</span> <span class='ocrx_word' id='word_1_183' title='bbox 1100 1982 1116 2031; x_wconf 74' lang='lat'>5</span> 
     </span>
     <span class='ocr_line' id='line_1_19' title="bbox 229 2012 1125 2085; baseline -0.01 -18"><span class='ocrx_word' id='word_1_184' title='bbox 229 2017 468 2083; x_wconf 74' lang='lat' dir='ltr'><strong>Thucyd.1‚120.</strong></span> <span class='ocrx_word' id='word_1_185' title='bbox 501 2015 668 2067; x_wconf 67' lang='lat' dir='ltr'><strong>adverbum</strong></span> <span class='ocrx_word' id='word_1_186' title='bbox 688 2012 768 2061; x_wconf 78' lang='grc' dir='ltr'><strong><em>θελει</em></strong></span> <span class='ocrx_word' id='word_1_187' title='bbox 848 2073 853 2085; x_wconf 30' lang='grc' dir='ltr'><strong><em>χ</em></strong></span> <span class='ocrx_word' id='word_1_188' title='bbox 1072 2017 1079 2031; x_wconf 84' lang='lat'><strong>·</strong></span> <span class='ocrx_word' id='word_1_189' title='bbox 1118 2017 1125 2031; x_wconf 91' lang='lat'><strong>·</strong></span> 
     </span>
     <span class='ocr_line' id='line_1_20' title="bbox 230 2074 1357 2152; baseline -0.002 -15"><span class='ocrx_word' id='word_1_190' title='bbox 230 2087 302 2137; x_wconf 83' lang='lat' dir='ltr'><strong>coni.</strong></span> <span class='ocrx_word' id='word_1_191' title='bbox 317 2091 414 2138; x_wconf 89' lang='lat' dir='ltr'><strong>notata</strong></span> <span class='ocrx_word' id='word_1_192' title='bbox 429 2085 463 2135; x_wconf 92' lang='lat' dir='ltr'><strong>ad</strong></span> <span class='ocrx_word' id='word_1_193' title='bbox 478 2087 505 2147; x_wconf 90' lang='grc' dir='ltr'><strong>Ι,</strong></span> <span class='ocrx_word' id='word_1_194' title='bbox 522 2087 563 2137; x_wconf 84' lang='grc'><strong>74.</strong></span> <span class='ocrx_word' id='word_1_195' title='bbox 596 2086 629 2135; x_wconf 87' lang='grc' dir='ltr'><strong><em>Ιιι</em></strong></span> <span class='ocrx_word' id='word_1_196' title='bbox 648 2081 769 2148; x_wconf 76' lang='lat' dir='ltr'><strong>proxime</strong></span> <span class='ocrx_word' id='word_1_197' title='bbox 855 2079 934 2150; x_wconf 80' lang='grc' dir='ltr'><strong><em>Ορρῖς</em></strong></span> <span class='ocrx_word' id='word_1_198' title='bbox 944 2074 979 2133; x_wconf 74' lang='grc' dir='ltr'><strong>τοι</strong></span> <span class='ocrx_word' id='word_1_199' title='bbox 991 2074 1166 2146; x_wconf 70' lang='grc' dir='ltr'><strong><em>ὑπερέχοντα</em></strong></span> <span class='ocrx_word' id='word_1_200' title='bbox 1176 2081 1233 2150; x_wconf 71' lang='grc' dir='ltr'><strong><em>ζῷα</em></strong></span> <span class='ocrx_word' id='word_1_201' title='bbox 1247 2101 1271 2135; x_wconf 89' lang='grc' dir='ltr'><strong><em>ιι.</em></strong></span> <span class='ocrx_word' id='word_1_202' title='bbox 1284 2101 1308 2135; x_wconf 90' lang='grc' dir='ltr'><strong><em>τ.</em></strong></span> <span class='ocrx_word' id='word_1_203' title='bbox 1319 2084 1357 2152; x_wconf 74' lang='lat' dir='ltr'><strong>L]</strong></span> 
     </span>
     <span class='ocr_line' id='line_1_21' title="bbox 228 2150 1358 2223; baseline 0.001 -17"><span class='ocrx_word' id='word_1_204' title='bbox 228 2172 305 2223; x_wconf 88' lang='lat' dir='ltr'><strong>aeqq.</strong></span> <span class='ocrx_word' id='word_1_205' title='bbox 326 2172 385 2207; x_wconf 84' lang='lat' dir='ltr'><strong>enm</strong></span> <span class='ocrx_word' id='word_1_206' title='bbox 406 2159 518 2206; x_wconf 87' lang='lat' dir='ltr'><strong>recentt.</strong></span> <span class='ocrx_word' id='word_1_207' title='bbox 541 2155 603 2207; x_wconf 89' lang='lat' dir='ltr'><strong>edd.</strong></span> <span class='ocrx_word' id='word_1_208' title='bbox 629 2151 671 2202; x_wconf 88' lang='lat' dir='ltr'><strong>bia</strong></span> <span class='ocrx_word' id='word_1_209' title='bbox 690 2167 767 2202; x_wconf 88' lang='lat' dir='ltr'><strong>revo-</strong></span> <span class='ocrx_word' id='word_1_210' title='bbox 818 2150 920 2217; x_wconf 72' lang='lat' dir='ltr'><strong>attigit</strong></span> <span class='ocrx_word' id='word_1_211' title='bbox 932 2153 1120 2213; x_wconf 79' lang='lat' dir='ltr'><strong>Stobaena22‚</strong></span> <span class='ocrx_word' id='word_1_212' title='bbox 1131 2155 1167 2205; x_wconf 88' lang='grc'><strong>40</strong></span> <span class='ocrx_word' id='word_1_213' title='bbox 1177 2154 1222 2218; x_wconf 88' lang='grc' dir='ltr'><strong>(Τ.</strong></span> <span class='ocrx_word' id='word_1_214' title='bbox 1234 2156 1257 2206; x_wconf 90' lang='grc' dir='ltr'><strong>Ι.</strong></span> <span class='ocrx_word' id='word_1_215' title='bbox 1268 2171 1296 2221; x_wconf 88' lang='grc' dir='ltr'><strong>ρ.</strong></span> <span class='ocrx_word' id='word_1_216' title='bbox 1306 2158 1358 2207; x_wconf 72' lang='lat'><strong>424</strong></span> 
     </span>
     <span class='ocr_line' id='line_1_22' title="bbox 229 2212 1358 2291; baseline 0.002 -16"><span class='ocrx_word' id='word_1_217' title='bbox 229 2228 290 2278; x_wconf 79' lang='lat' dir='ltr'><strong>cavi</strong></span> <span class='ocrx_word' id='word_1_218' title='bbox 302 2221 385 2276; x_wconf 77' lang='grc' dir='ltr'><strong><em>ἕσσον</em></strong></span> <span class='ocrx_word' id='word_1_219' title='bbox 396 2242 444 2291; x_wconf 91' lang='lat' dir='ltr'><strong>pro</strong></span> <span class='ocrx_word' id='word_1_220' title='bbox 457 2212 554 2288; x_wconf 80' lang='grc' dir='ltr'><strong><em>ἧσσον.</em></strong></span> <span class='ocrx_word' id='word_1_221' title='bbox 579 2223 768 2277; x_wconf 74' lang='lat' dir='ltr'><strong>Vid.nott.ad</strong></span> <span class='ocrx_word' id='word_1_222' title='bbox 818 2222 927 2288; x_wconf 66' lang='lat' dir='ltr'><strong>Geirei).</strong></span> <span class='ocrx_word' id='word_1_223' title='bbox 966 2224 1151 2275; x_wconf 85' lang='lat' dir='ltr'><strong>Herodoteum</strong></span> <span class='ocrx_word' id='word_1_224' title='bbox 1177 2224 1266 2275; x_wconf 81' lang='lat' dir='ltr'><strong>locum</strong></span> <span class='ocrx_word' id='word_1_225' title='bbox 1294 2231 1358 2277; x_wconf 83' lang='lat' dir='ltr'><strong>ante</strong></span> 
     </span>
     <span class='ocr_line' id='line_1_23' title="bbox 228 2290 1358 2361; baseline 0 -15"><span class='ocrx_word' id='word_1_226' title='bbox 228 2299 265 2357; x_wconf 90' lang='lat' dir='ltr'><strong>V,</strong></span> <span class='ocrx_word' id='word_1_227' title='bbox 280 2298 321 2347; x_wconf 78' lang='lat'><strong>72.</strong></span> <span class='ocrx_word' id='word_1_228' title='bbox 352 2296 430 2360; x_wconf 84' lang='lat' dir='ltr'><strong>Quod</strong></span> <span class='ocrx_word' id='word_1_229' title='bbox 445 2295 480 2345; x_wconf 91' lang='lat' dir='ltr'><strong>ad</strong></span> <span class='ocrx_word' id='word_1_230' title='bbox 497 2298 684 2361; x_wconf 76' lang='lat' dir='ltr'>argumentum</span> <span class='ocrx_word' id='word_1_231' title='bbox 703 2290 767 2351; x_wconf 83' lang='lat' dir='ltr'><strong>toci,</strong></span> <span class='ocrx_word' id='word_1_232' title='bbox 818 2293 911 2344; x_wconf 86' lang='lat' dir='ltr'><strong>oeuioa</strong></span> <span class='ocrx_word' id='word_1_233' title='bbox 928 2292 1015 2344; x_wconf 81' lang='lat' dir='ltr'><strong>fuiaae</strong></span> <span class='ocrx_word' id='word_1_234' title='bbox 1033 2294 1149 2345; x_wconf 85' lang='lat' dir='ltr'><strong>Horatio</strong></span> <span class='ocrx_word' id='word_1_235' title='bbox 1166 2295 1195 2345; x_wconf 90' lang='lat' dir='ltr'><strong>in</strong></span> <span class='ocrx_word' id='word_1_236' title='bbox 1214 2296 1264 2358; x_wconf 85' lang='lat' dir='ltr'><strong>iia,</strong></span> <span class='ocrx_word' id='word_1_237' title='bbox 1286 2312 1358 2361; x_wconf 86' lang='lat' dir='ltr'><strong>qnae</strong></span> 
     </span>
     <span class='ocr_line' id='line_1_24' title="bbox 228 2361 1358 2432; baseline 0 -16"><span class='ocrx_word' id='word_1_238' title='bbox 228 2382 305 2418; x_wconf 90' lang='lat' dir='ltr'><strong>nemo</strong></span> <span class='ocrx_word' id='word_1_239' title='bbox 319 2382 372 2416; x_wconf 89' lang='lat' dir='ltr'><strong>non</strong></span> <span class='ocrx_word' id='word_1_240' title='bbox 389 2365 534 2429; x_wconf 74' lang='lat' dir='ltr'><strong>inteiligit,</strong></span> <span class='ocrx_word' id='word_1_241' title='bbox 551 2370 681 2430; x_wconf 89' lang='lat' dir='ltr'><strong>quantum</strong></span> <span class='ocrx_word' id='word_1_242' title='bbox 701 2361 768 2411; x_wconf 85' lang='lat' dir='ltr'><strong>haee</strong></span> <span class='ocrx_word' id='word_1_243' title='bbox 815 2361 944 2427; x_wconf 79' lang='lat' dir='ltr'><strong>leguntur</strong></span> <span class='ocrx_word' id='word_1_244' title='bbox 964 2364 992 2412; x_wconf 91' lang='lat' dir='ltr'><strong>in</strong></span> <span class='ocrx_word' id='word_1_245' title='bbox 1007 2363 1094 2415; x_wconf 83' lang='lat' dir='ltr'><strong>Oarm.</strong></span> <span class='ocrx_word' id='word_1_246' title='bbox 1110 2365 1153 2427; x_wconf 85' lang='grc' dir='ltr'><strong>ΙΙ,</strong></span> <span class='ocrx_word' id='word_1_247' title='bbox 1171 2365 1217 2423; x_wconf 88' lang='grc'><strong>10,</strong></span> <span class='ocrx_word' id='word_1_248' title='bbox 1235 2365 1252 2415; x_wconf 88' lang='grc'>9</span> <span class='ocrx_word' id='word_1_249' title='bbox 1271 2382 1358 2432; x_wconf 65' lang='grc' dir='ltr'><strong><em>ποορ,</em></strong></span> 
     </span>
     <span class='ocr_line' id='line_1_25' title="bbox 226 2433 1359 2488; baseline 0 -2"><span class='ocrx_word' id='word_1_250' title='bbox 226 2438 310 2488; x_wconf 81' lang='lat' dir='ltr'><strong>verba</strong></span> <span class='ocrx_word' id='word_1_251' title='bbox 331 2435 442 2487; x_wconf 81' lang='lat' dir='ltr'><strong>valeant</strong></span> <span class='ocrx_word' id='word_1_252' title='bbox 459 2435 494 2484; x_wconf 88' lang='lat' dir='ltr'><strong>ad</strong></span> <span class='ocrx_word' id='word_1_253' title='bbox 510 2435 643 2485; x_wconf 76' lang='lat' dir='ltr'>Herodoti</span> <span class='ocrx_word' id='word_1_254' title='bbox 661 2436 768 2482; x_wconf 79' lang='lat' dir='ltr'><strong>tenten-</strong></span> <span class='ocrx_word' id='word_1_255' title='bbox 816 2433 1069 2484; x_wconf 81' lang='lat' dir='ltr'><strong>atatuitMatthiae:</strong></span> <span class='ocrx_word' id='word_1_256' title='bbox 1080 2434 1359 2487; x_wconf 85' lang='lat' dir='ltr'><strong>VermiaohteSchrii·</strong></span> 
     </span>
     <span class='ocr_line' id='line_1_26' title="bbox 227 2503 1358 2570; baseline -0.001 -13"><span class='ocrx_word' id='word_1_257' title='bbox 227 2511 293 2557; x_wconf 88' lang='lat' dir='ltr'><strong>tiam</strong></span> <span class='ocrx_word' id='word_1_258' title='bbox 307 2507 340 2557; x_wconf 92' lang='lat' dir='ltr'><strong>de</strong></span> <span class='ocrx_word' id='word_1_259' title='bbox 355 2522 442 2557; x_wconf 87' lang='lat' dir='ltr'><strong>rerum</strong></span> <span class='ocrx_word' id='word_1_260' title='bbox 455 2508 575 2555; x_wconf 84' lang='lat' dir='ltr'><strong>omnium</strong></span> <span class='ocrx_word' id='word_1_261' title='bbox 589 2505 684 2554; x_wconf 85' lang='lat' dir='ltr'><strong>ordine</strong></span> <span class='ocrx_word' id='word_1_262' title='bbox 697 2515 769 2552; x_wconf 79' lang='lat' dir='ltr'><strong>anm·</strong></span> <span class='ocrx_word' id='word_1_263' title='bbox 817 2506 864 2553; x_wconf 86' lang='lat' dir='ltr'><strong>ten</strong></span> <span class='ocrx_word' id='word_1_264' title='bbox 876 2518 940 2569; x_wconf 75' lang='lat' dir='ltr'><strong>pag.</strong></span> <span class='ocrx_word' id='word_1_265' title='bbox 953 2503 987 2553; x_wconf 85' lang='lat'><strong>78</strong></span> <span class='ocrx_word' id='word_1_266' title='bbox 1003 2520 1059 2568; x_wconf 86' lang='lat' dir='ltr'><strong>aeq.</strong></span> <span class='ocrx_word' id='word_1_267' title='bbox 1097 2505 1227 2570; x_wconf 81' lang='lat' dir='ltr'>Equidem</span> <span class='ocrx_word' id='word_1_268' title='bbox 1242 2505 1293 2557; x_wconf 88' lang='lat' dir='ltr'><strong>hoe</strong></span> <span class='ocrx_word' id='word_1_269' title='bbox 1309 2508 1358 2556; x_wconf 89' lang='lat' dir='ltr'><strong>mi·</strong></span> 
     </span>
     <span class='ocr_line' id='line_1_27' title="bbox 227 2573 1358 2643; baseline 0.001 -16"><span class='ocrx_word' id='word_1_270' title='bbox 227 2593 324 2643; x_wconf 89' lang='lat' dir='ltr'><strong>maqne</strong></span> <span class='ocrx_word' id='word_1_271' title='bbox 339 2577 456 2627; x_wconf 86' lang='lat' dir='ltr'><strong>omnium</strong></span> <span class='ocrx_word' id='word_1_272' title='bbox 469 2591 556 2626; x_wconf 88' lang='lat' dir='ltr'><strong>rerum</strong></span> <span class='ocrx_word' id='word_1_273' title='bbox 572 2581 599 2625; x_wconf 91' lang='lat' dir='ltr'><strong>et</strong></span> <span class='ocrx_word' id='word_1_274' title='bbox 613 2573 767 2624; x_wconf 86' lang='lat' dir='ltr'><strong>divinarum</strong></span> <span class='ocrx_word' id='word_1_275' title='bbox 816 2573 888 2623; x_wconf 88' lang='lat' dir='ltr'><strong>nime</strong></span> <span class='ocrx_word' id='word_1_276' title='bbox 899 2578 955 2622; x_wconf 90' lang='lat' dir='ltr'><strong>tam</strong></span> <span class='ocrx_word' id='word_1_277' title='bbox 965 2576 1040 2624; x_wconf 87' lang='lat' dir='ltr'><strong>certo</strong></span> <span class='ocrx_word' id='word_1_278' title='bbox 1052 2575 1259 2638; x_wconf 75' lang='lat' dir='ltr'><strong>pronuntiarim.</strong></span> <span class='ocrx_word' id='word_1_279' title='bbox 1274 2577 1358 2627; x_wconf 87' lang='lat' dir='ltr'><strong>Nam·</strong></span> 
     </span>
     <span class='ocr_line' id='line_1_28' title="bbox 224 2642 1356 2708; baseline -0.002 -10"><span class='ocrx_word' id='word_1_280' title='bbox 224 2648 437 2699; x_wconf 83' lang='lat' dir='ltr'><strong>ethnmanaram</strong></span> <span class='ocrx_word' id='word_1_281' title='bbox 448 2646 634 2695; x_wconf 87' lang='lat' dir='ltr'><strong>moderatione</strong></span> <span class='ocrx_word' id='word_1_282' title='bbox 644 2643 695 2691; x_wconf 90' lang='lat' dir='ltr'><strong>rite</strong></span> <span class='ocrx_word' id='word_1_283' title='bbox 706 2658 768 2692; x_wconf 87' lang='lat' dir='ltr'><strong>eon·</strong></span> <span class='ocrx_word' id='word_1_284' title='bbox 817 2657 869 2708; x_wconf 90' lang='lat' dir='ltr'><strong>que</strong></span> <span class='ocrx_word' id='word_1_285' title='bbox 890 2644 1002 2693; x_wconf 78' lang='lat' dir='ltr'><strong>Horatii</strong></span> <span class='ocrx_word' id='word_1_286' title='bbox 1025 2644 1110 2693; x_wconf 83' lang='lat' dir='ltr'><strong>verba</strong></span> <span class='ocrx_word' id='word_1_287' title='bbox 1130 2646 1170 2694; x_wconf 92' lang='lat' dir='ltr'><strong>ita</strong></span> <span class='ocrx_word' id='word_1_288' title='bbox 1192 2642 1221 2696; x_wconf 77' lang='lat' dir='ltr'><strong>aa</strong></span> <span class='ocrx_word' id='word_1_289' title='bbox 1241 2645 1356 2698; x_wconf 90' lang='lat' dir='ltr'><strong>habent:</strong></span> 
     </span>
     <span class='ocr_line' id='line_1_29' title="bbox 225 2712 1358 2780; baseline -0.001 -12"><span class='ocrx_word' id='word_1_290' title='bbox 225 2717 399 2769; x_wconf 85' lang='lat' dir='ltr'><strong>atituendam.</strong></span> <span class='ocrx_word' id='word_1_291' title='bbox 440 2715 524 2766; x_wconf 76' lang='lat' dir='ltr'><strong>caina</strong></span> <span class='ocrx_word' id='word_1_292' title='bbox 549 2714 691 2779; x_wconf 74' lang='lat' dir='ltr'><strong>scriptoria</strong></span> <span class='ocrx_word' id='word_1_293' title='bbox 714 2712 766 2762; x_wconf 87' lang='lat' dir='ltr'><strong>hoc</strong></span> <span class='ocrx_word' id='word_1_294' title='bbox 817 2712 1190 2778; x_wconf 77' lang='lat' dir='ltr'><strong>„Saepiuarentiaagitatnr</strong></span> <span class='ocrx_word' id='word_1_295' title='bbox 1206 2716 1358 2780; x_wconf 71' lang='lat' dir='ltr'><strong>inpenaPi·</strong></span> 
     </span>
     <span class='ocr_line' id='line_1_30' title="bbox 225 2783 1358 2851; baseline -0.002 -14"><span class='ocrx_word' id='word_1_296' title='bbox 225 2789 352 2838; x_wconf 78' lang='lat' dir='ltr'><strong>eximiam</strong></span> <span class='ocrx_word' id='word_1_297' title='bbox 376 2790 419 2837; x_wconf 85' lang='lat' dir='ltr'><strong>eat</strong></span> <span class='ocrx_word' id='word_1_298' title='bbox 444 2801 478 2836; x_wconf 87' lang='lat' dir='ltr'><strong>ae</strong></span> <span class='ocrx_word' id='word_1_299' title='bbox 504 2784 656 2851; x_wconf 75' lang='lat' dir='ltr'>peculiare,</span> <span class='ocrx_word' id='word_1_300' title='bbox 683 2783 766 2846; x_wconf 88' lang='lat' dir='ltr'><strong>quod,</strong></span> <span class='ocrx_word' id='word_1_301' title='bbox 816 2783 1358 2848; x_wconf 71' lang='lat' dir='ltr'><strong>nuaetoetaaegravioreeaaoDeeidunt</strong></span> 
     </span>
     <span class='ocr_line' id='line_1_31' title="bbox 225 2852 1358 2923; baseline 0 -16"><span class='ocrx_word' id='word_1_302' title='bbox 225 2872 400 2923; x_wconf 82' lang='lat' dir='ltr'><strong>quaeeunque</strong></span> <span class='ocrx_word' id='word_1_303' title='bbox 420 2856 447 2904; x_wconf 91' lang='lat' dir='ltr'><strong>in</strong></span> <span class='ocrx_word' id='word_1_304' title='bbox 468 2872 555 2905; x_wconf 89' lang='lat' dir='ltr'><strong>rerum</strong></span> <span class='ocrx_word' id='word_1_305' title='bbox 578 2860 676 2904; x_wconf 85' lang='lat' dir='ltr'><strong>natura</strong></span> <span class='ocrx_word' id='word_1_306' title='bbox 692 2852 766 2901; x_wconf 84' lang='lat' dir='ltr'><strong>aoei-</strong></span> <span class='ocrx_word' id='word_1_307' title='bbox 815 2859 919 2918; x_wconf 86' lang='lat' dir='ltr'><strong>turrea‚</strong></span> <span class='ocrx_word' id='word_1_308' title='bbox 937 2854 1091 2919; x_wconf 72' lang='lat' dir='ltr'><strong>feriuntque</strong></span> <span class='ocrx_word' id='word_1_309' title='bbox 1104 2870 1222 2905; x_wconf 85' lang='lat' dir='ltr'><strong>aummoe</strong></span> <span class='ocrx_word' id='word_1_310' title='bbox 1234 2856 1358 2921; x_wconf 79' lang='lat' dir='ltr'><strong>Fulgura</strong></span> 
     </span>
     <span class='ocr_line' id='line_1_32' title="bbox 224 2923 1357 2992; baseline -0.001 -15"><span class='ocrx_word' id='word_1_311' title='bbox 224 2929 306 2986; x_wconf 75' lang='lat' dir='ltr'><strong>dant,</strong></span> <span class='ocrx_word' id='word_1_312' title='bbox 328 2927 363 2976; x_wconf 92' lang='lat' dir='ltr'><strong>ad</strong></span> <span class='ocrx_word' id='word_1_313' title='bbox 380 2941 511 2992; x_wconf 80' lang='lat' dir='ltr'><strong>aummum</strong></span> <span class='ocrx_word' id='word_1_314' title='bbox 531 2938 630 2974; x_wconf 86' lang='lat' dir='ltr'><strong>numen</strong></span> <span class='ocrx_word' id='word_1_315' title='bbox 652 2923 764 2987; x_wconf 73' lang='lat' dir='ltr'><strong>eiusque</strong></span> <span class='ocrx_word' id='word_1_316' title='bbox 816 2924 958 2976; x_wconf 85' lang='lat' dir='ltr'><strong>montea.“</strong></span> <span class='ocrx_word' id='word_1_317' title='bbox 991 2923 1033 2973; x_wconf 76' lang='lat' dir='ltr'><strong>Ad</strong></span> <span class='ocrx_word' id='word_1_318' title='bbox 1051 2939 1129 2988; x_wconf 88' lang='lat' dir='ltr'><strong>quem</strong></span> <span class='ocrx_word' id='word_1_319' title='bbox 1147 2925 1235 2975; x_wconf 83' lang='lat' dir='ltr'><strong>iocum</strong></span> <span class='ocrx_word' id='word_1_320' title='bbox 1254 2926 1357 2977; x_wconf 75' lang='lat' dir='ltr'>similes</span> 
     </span>
     <span class='ocr_line' id='line_1_33' title="bbox 223 2993 1357 3061; baseline 0 -14"><span class='ocrx_word' id='word_1_321' title='bbox 223 2999 280 3047; x_wconf 90' lang='lat' dir='ltr'><strong>vim</strong></span> <span class='ocrx_word' id='word_1_322' title='bbox 292 3013 339 3061; x_wconf 87' lang='lat' dir='ltr'><strong>per</strong></span> <span class='ocrx_word' id='word_1_323' title='bbox 352 2996 443 3045; x_wconf 89' lang='lat' dir='ltr'><strong>omnia</strong></span> <span class='ocrx_word' id='word_1_324' title='bbox 457 3010 592 3059; x_wconf 83' lang='lat' dir='ltr'><strong>aparaam,</strong></span> <span class='ocrx_word' id='word_1_325' title='bbox 607 2993 697 3041; x_wconf 85' lang='lat' dir='ltr'><strong>omnia</strong></span> <span class='ocrx_word' id='word_1_326' title='bbox 710 3006 765 3041; x_wconf 89' lang='lat' dir='ltr'><strong>mo·</strong></span> <span class='ocrx_word' id='word_1_327' title='bbox 814 2995 938 3044; x_wconf 76' lang='lat' dir='ltr'><strong>veterum</strong></span> <span class='ocrx_word' id='word_1_328' title='bbox 957 2996 1112 3058; x_wconf 71' lang='lat' dir='ltr'><strong>poetarum,</strong></span> <span class='ocrx_word' id='word_1_329' title='bbox 1137 2995 1296 3047; x_wconf 85' lang='lat' dir='ltr'><strong>Latinorum</strong></span> <span class='ocrx_word' id='word_1_330' title='bbox 1316 2999 1357 3047; x_wconf 91' lang='lat' dir='ltr'><strong>in-</strong></span> 
     </span>
     <span class='ocr_line' id='line_1_34' title="bbox 224 3061 1356 3129; baseline 0.001 -13"><span class='ocrx_word' id='word_1_331' title='bbox 224 3067 378 3128; x_wconf 71' lang='lat' dir='ltr'><strong>dmentem,</strong></span> <span class='ocrx_word' id='word_1_332' title='bbox 401 3065 491 3114; x_wconf 85' lang='lat' dir='ltr'><strong>omnia</strong></span> <span class='ocrx_word' id='word_1_333' title='bbox 506 3064 680 3129; x_wconf 73' lang='lat' dir='ltr'><strong>superantem</strong></span> <span class='ocrx_word' id='word_1_334' title='bbox 695 3061 765 3111; x_wconf 83' lang='lat' dir='ltr'><strong>refe·</strong></span> <span class='ocrx_word' id='word_1_335' title='bbox 816 3063 924 3126; x_wconf 83' lang='lat' dir='ltr'><strong>primia,</strong></span> <span class='ocrx_word' id='word_1_336' title='bbox 945 3064 1097 3127; x_wconf 81' lang='lat' dir='ltr'><strong>aententiaa</strong></span> <span class='ocrx_word' id='word_1_337' title='bbox 1115 3065 1247 3128; x_wconf 82' lang='lat' dir='ltr'><strong>quaedam</strong></span> <span class='ocrx_word' id='word_1_338' title='bbox 1261 3067 1356 3117; x_wconf 85' lang='lat' dir='ltr'><strong>attulit</strong></span> 
     </span>
     <span class='ocr_line' id='line_1_35' title="bbox 223 3132 1356 3200; baseline 0.001 -14"><span class='ocrx_word' id='word_1_339' title='bbox 223 3141 267 3186; x_wconf 79' lang='lat' dir='ltr'><strong>rat</strong></span> <span class='ocrx_word' id='word_1_340' title='bbox 280 3136 396 3199; x_wconf 83' lang='lat' dir='ltr'><strong>indeque</strong></span> <span class='ocrx_word' id='word_1_341' title='bbox 416 3133 502 3183; x_wconf 77' lang='lat' dir='ltr'><strong>saciat</strong></span> <span class='ocrx_word' id='word_1_342' title='bbox 521 3146 668 3197; x_wconf 76' lang='lat' dir='ltr'><strong>arrapenaa,</strong></span> <span class='ocrx_word' id='word_1_343' title='bbox 690 3132 764 3196; x_wconf 90' lang='lat' dir='ltr'><strong>pinm</strong></span> <span class='ocrx_word' id='word_1_344' title='bbox 814 3132 1010 3183; x_wconf 85' lang='lat' dir='ltr'><strong>Mitaeherlieh.</strong></span> <span class='ocrx_word' id='word_1_345' title='bbox 1044 3134 1159 3198; x_wconf 74' lang='lat' dir='ltr'><strong>Propius</strong></span> <span class='ocrx_word' id='word_1_346' title='bbox 1182 3135 1234 3186; x_wconf 88' lang='lat' dir='ltr'><strong>hue</strong></span> <span class='ocrx_word' id='word_1_347' title='bbox 1258 3139 1356 3200; x_wconf 80' lang='lat' dir='ltr'><strong>opinor</strong></span> 
     </span>
     <span class='ocr_line' id='line_1_36' title="bbox 223 3201 1353 3264; baseline 0.004 -10"><span class='ocrx_word' id='word_1_348' title='bbox 223 3207 341 3256; x_wconf 82' lang='lat' dir='ltr'><strong>maxime</strong></span> <span class='ocrx_word' id='word_1_349' title='bbox 353 3204 471 3253; x_wconf 88' lang='lat' dir='ltr'><strong>animum</strong></span> <span class='ocrx_word' id='word_1_350' title='bbox 485 3205 513 3252; x_wconf 91' lang='lat' dir='ltr'><strong>in</strong></span> <span class='ocrx_word' id='word_1_351' title='bbox 524 3203 601 3253; x_wconf 84' lang='lat' dir='ltr'><strong>hiaoe</strong></span> <span class='ocrx_word' id='word_1_352' title='bbox 612 3201 763 3250; x_wconf 86' lang='lat' dir='ltr'><strong>deolorana.</strong></span> <span class='ocrx_word' id='word_1_353' title='bbox 815 3208 943 3264; x_wconf 73' lang='lat' dir='ltr'><strong>spectant</strong></span> <span class='ocrx_word' id='word_1_354' title='bbox 955 3204 1076 3253; x_wconf 75' lang='lat' dir='ltr'><strong>eiusdem</strong></span> <span class='ocrx_word' id='word_1_355' title='bbox 1090 3204 1199 3254; x_wconf 80' lang='lat' dir='ltr'><strong>Horatii</strong></span> <span class='ocrx_word' id='word_1_356' title='bbox 1213 3222 1308 3257; x_wconf 83' lang='lat' dir='ltr'><strong>veretra</strong></span> <span class='ocrx_word' id='word_1_357' title='bbox 1325 3207 1353 3258; x_wconf 94' lang='lat' dir='ltr'><strong>in</strong></span> 
     </span>
     <span class='ocr_line' id='line_1_37' title="bbox 224 3270 1355 3336; baseline 0.004 -12"><span class='ocrx_word' id='word_1_358' title='bbox 224 3276 303 3325; x_wconf 76' lang='lat' dir='ltr'><strong>Coos.</strong></span> <span class='ocrx_word' id='word_1_359' title='bbox 324 3273 488 3324; x_wconf 83' lang='lat' dir='ltr'><strong>Dahlmann.</strong></span> <span class='ocrx_word' id='word_1_360' title='bbox 505 3274 532 3322; x_wconf 90' lang='lat' dir='ltr'><strong>in</strong></span> <span class='ocrx_word' id='word_1_361' title='bbox 550 3271 652 3322; x_wconf 83' lang='lat' dir='ltr'><strong>Herod.</strong></span> <span class='ocrx_word' id='word_1_362' title='bbox 673 3287 699 3334; x_wconf 91' lang='lat' dir='ltr'><strong>p.</strong></span> <span class='ocrx_word' id='word_1_363' title='bbox 714 3272 762 3320; x_wconf 82' lang='grc'><strong>111</strong></span> <span class='ocrx_word' id='word_1_364' title='bbox 814 3270 902 3321; x_wconf 85' lang='lat' dir='ltr'><strong>Carm.</strong></span> <span class='ocrx_word' id='word_1_365' title='bbox 912 3272 934 3336; x_wconf 88' lang='lat'><strong>1,</strong></span> <span class='ocrx_word' id='word_1_366' title='bbox 943 3272 985 3331; x_wconf 83' lang='grc'><strong>34,</strong></span> <span class='ocrx_word' id='word_1_367' title='bbox 998 3274 1042 3323; x_wconf 79' lang='lat'><strong>12:</strong></span> <span class='ocrx_word' id='word_1_368' title='bbox 1063 3274 1165 3334; x_wconf 80' lang='lat' dir='ltr'><strong>„Valet</strong></span> <span class='ocrx_word' id='word_1_369' title='bbox 1176 3277 1231 3325; x_wconf 88' lang='lat' dir='ltr'><strong>ima</strong></span> <span class='ocrx_word' id='word_1_370' title='bbox 1243 3277 1355 3328; x_wconf 85' lang='lat' dir='ltr'><strong>aammia</strong></span> 
     </span>
     <span class='ocr_line' id='line_1_38' title="bbox 223 3341 1354 3408; baseline 0 -13"><span class='ocrx_word' id='word_1_371' title='bbox 223 3349 251 3396; x_wconf 82' lang='lat' dir='ltr'><strong>et</strong></span> <span class='ocrx_word' id='word_1_372' title='bbox 263 3344 445 3395; x_wconf 81' lang='lat' dir='ltr'><strong>Hoffmeiater.</strong></span> <span class='ocrx_word' id='word_1_373' title='bbox 459 3344 486 3391; x_wconf 90' lang='lat' dir='ltr'><strong>in</strong></span> <span class='ocrx_word' id='word_1_374' title='bbox 499 3342 585 3404; x_wconf 87' lang='lat' dir='ltr'><strong>libro,</strong></span> <span class='ocrx_word' id='word_1_375' title='bbox 608 3341 655 3406; x_wconf 87' lang='lat' dir='ltr'><strong>qui</strong></span> <span class='ocrx_word' id='word_1_376' title='bbox 668 3342 763 3391; x_wconf 80' lang='lat' dir='ltr'><strong>inreri-</strong></span> <span class='ocrx_word' id='word_1_377' title='bbox 814 3341 922 3391; x_wconf 84' lang='lat' dir='ltr'><strong>Mutare</strong></span> <span class='ocrx_word' id='word_1_378' title='bbox 941 3348 969 3392; x_wconf 90' lang='lat' dir='ltr'><strong>et</strong></span> <span class='ocrx_word' id='word_1_379' title='bbox 984 3343 1118 3408; x_wconf 81' lang='lat' dir='ltr'><strong>insignem</strong></span> <span class='ocrx_word' id='word_1_380' title='bbox 1136 3350 1261 3395; x_wconf 85' lang='lat' dir='ltr'><strong>attenuat</strong></span> <span class='ocrx_word' id='word_1_381' title='bbox 1277 3347 1354 3405; x_wconf 86' lang='lat' dir='ltr'><strong>dena,</strong></span> 
     </span>
     <span class='ocr_line' id='line_1_39' title="bbox 223 3409 1355 3480; baseline 0.004 -17"><span class='ocrx_word' id='word_1_382' title='bbox 223 3414 309 3465; x_wconf 88' lang='lat' dir='ltr'><strong>bitur:</strong></span> <span class='ocrx_word' id='word_1_383' title='bbox 329 3412 532 3477; x_wconf 74' lang='lat' dir='ltr'><strong>stolich-relig.</strong></span> <span class='ocrx_word' id='word_1_384' title='bbox 548 3409 764 3463; x_wconf 85' lang='lat' dir='ltr'><strong>Lebenaanaieht</strong></span> <span class='ocrx_word' id='word_1_385' title='bbox 814 3409 938 3460; x_wconf 76' lang='lat' dir='ltr'><strong>Obscura</strong></span> <span class='ocrx_word' id='word_1_386' title='bbox 950 3414 1094 3477; x_wconf 87' lang='lat' dir='ltr'><strong>promena“</strong></span> <span class='ocrx_word' id='word_1_387' title='bbox 1106 3414 1154 3464; x_wconf 82' lang='lat' dir='ltr'><strong>ubi</strong></span> <span class='ocrx_word' id='word_1_388' title='bbox 1164 3415 1264 3465; x_wconf 84' lang='lat' dir='ltr'><strong>aimilio</strong></span> <span class='ocrx_word' id='word_1_389' title='bbox 1274 3431 1355 3480; x_wconf 86' lang='lat' dir='ltr'><strong>qnae·</strong></span> 
     </span>
     <span class='ocr_line' id='line_1_40' title="bbox 222 3479 1356 3547; baseline 0.003 -14"><span class='ocrx_word' id='word_1_390' title='bbox 222 3484 248 3536; x_wconf 86' lang='lat' dir='ltr'><strong>d.</strong></span> <span class='ocrx_word' id='word_1_391' title='bbox 264 3484 394 3534; x_wconf 90' lang='lat' dir='ltr'><strong>Herodot.</strong></span> <span class='ocrx_word' id='word_1_392' title='bbox 408 3498 470 3547; x_wconf 80' lang='lat' dir='ltr'><strong>pag.</strong></span> <span class='ocrx_word' id='word_1_393' title='bbox 484 3484 532 3543; x_wconf 77' lang='lat'><strong>43,</strong></span> <span class='ocrx_word' id='word_1_394' title='bbox 555 3482 599 3547; x_wconf 88' lang='lat' dir='ltr'><strong>qai</strong></span> <span class='ocrx_word' id='word_1_395' title='bbox 617 3480 683 3530; x_wconf 85' lang='lat' dir='ltr'><strong>illud</strong></span> <span class='ocrx_word' id='word_1_396' title='bbox 698 3495 764 3544; x_wconf 88' lang='lat' dir='ltr'><strong>quo·</strong></span> <span class='ocrx_word' id='word_1_397' title='bbox 813 3479 876 3529; x_wconf 87' lang='lat' dir='ltr'><strong>dam</strong></span> <span class='ocrx_word' id='word_1_398' title='bbox 900 3481 1014 3531; x_wconf 86' lang='lat' dir='ltr'><strong>aliorum</strong></span> <span class='ocrx_word' id='word_1_399' title='bbox 1039 3487 1179 3546; x_wconf 70' lang='lat' dir='ltr'><strong>poetarum</strong></span> <span class='ocrx_word' id='word_1_400' title='bbox 1204 3485 1356 3537; x_wconf 85' lang='lat' dir='ltr'><strong>attulerunt</strong></span> 
     </span>
     <span class='ocr_line' id='line_1_41' title="bbox 222 3549 1353 3620; baseline 0.001 -15"><span class='ocrx_word' id='word_1_401' title='bbox 222 3571 274 3620; x_wconf 89' lang='lat' dir='ltr'><strong>que</strong></span> <span class='ocrx_word' id='word_1_402' title='bbox 286 3555 332 3605; x_wconf 87' lang='lat' dir='ltr'><strong>hie</strong></span> <span class='ocrx_word' id='word_1_403' title='bbox 344 3553 450 3603; x_wconf 87' lang='lat' dir='ltr'><strong>attendi</strong></span> <span class='ocrx_word' id='word_1_404' title='bbox 465 3554 554 3613; x_wconf 82' lang='lat' dir='ltr'><strong>iubet,</strong></span> <span class='ocrx_word' id='word_1_405' title='bbox 570 3551 641 3615; x_wconf 84' lang='lat' dir='ltr'><strong>quod</strong></span> <span class='ocrx_word' id='word_1_406' title='bbox 654 3551 763 3615; x_wconf 75' lang='lat' dir='ltr'><strong>rapiens</strong></span> <span class='ocrx_word' id='word_1_407' title='bbox 814 3549 985 3614; x_wconf 77' lang='lat' dir='ltr'><strong>interpretes.</strong></span> <span class='ocrx_word' id='word_1_408' title='bbox 1022 3554 1144 3603; x_wconf 85' lang='lat' dir='ltr'><strong>Pertinet</strong></span> <span class='ocrx_word' id='word_1_409' title='bbox 1171 3556 1204 3604; x_wconf 88' lang='lat' dir='ltr'><strong>ad</strong></span> <span class='ocrx_word' id='word_1_410' title='bbox 1230 3556 1353 3606; x_wconf 87' lang='lat' dir='ltr'><strong>Herodo-</strong></span> 
     </span>
     <span class='ocr_line' id='line_1_42' title="bbox 222 3621 1354 3689; baseline 0.001 -14"><span class='ocrx_word' id='word_1_411' title='bbox 222 3631 250 3675; x_wconf 89' lang='lat' dir='ltr'><strong>et</strong></span> <span class='ocrx_word' id='word_1_412' title='bbox 266 3626 384 3689; x_wconf 79' lang='lat' dir='ltr'><strong>prodens</strong></span> <span class='ocrx_word' id='word_1_413' title='bbox 405 3626 505 3673; x_wconf 87' lang='lat' dir='ltr'><strong>mentia</strong></span> <span class='ocrx_word' id='word_1_414' title='bbox 524 3621 686 3672; x_wconf 78' lang='lat' dir='ltr'><strong>deliberatio</strong></span> <span class='ocrx_word' id='word_1_415' title='bbox 706 3636 764 3670; x_wconf 85' lang='lat' dir='ltr'><strong>cor·</strong></span> <span class='ocrx_word' id='word_1_416' title='bbox 814 3624 870 3670; x_wconf 87' lang='lat' dir='ltr'><strong>tum</strong></span> <span class='ocrx_word' id='word_1_417' title='bbox 882 3635 988 3686; x_wconf 86' lang='lat' dir='ltr'><strong>quoqne</strong></span> <span class='ocrx_word' id='word_1_418' title='bbox 1002 3622 1109 3673; x_wconf 87' lang='lat' dir='ltr'><strong>Soionia</strong></span> <span class='ocrx_word' id='word_1_419' title='bbox 1123 3624 1225 3675; x_wconf 84' lang='lat' dir='ltr'><strong>dietum</strong></span> <span class='ocrx_word' id='word_1_420' title='bbox 1241 3626 1275 3676; x_wconf 88' lang='lat' dir='ltr'><strong>de</strong></span> <span class='ocrx_word' id='word_1_421' title='bbox 1287 3626 1354 3676; x_wconf 85' lang='lat' dir='ltr'><strong>lore</strong></span> 
     </span>
     <span class='ocr_line' id='line_1_43' title="bbox 222 3687 1354 3772; baseline -0.003 -26"><span class='ocrx_word' id='word_1_422' title='bbox 222 3696 296 3759; x_wconf 87' lang='lat' dir='ltr'><strong>peria</strong></span> <span class='ocrx_word' id='word_1_423' title='bbox 315 3710 348 3744; x_wconf 86' lang='lat' dir='ltr'><strong>ae</strong></span> <span class='ocrx_word' id='word_1_424' title='bbox 366 3699 482 3742; x_wconf 85' lang='lat' dir='ltr'><strong>naturae</strong></span> <span class='ocrx_word' id='word_1_425' title='bbox 497 3691 674 3741; x_wconf 76' lang='lat' dir='ltr'><strong>facoltatibus</strong></span> <span class='ocrx_word' id='word_1_426' title='bbox 689 3690 762 3740; x_wconf 88' lang='lat' dir='ltr'><strong>rudi·</strong></span> <span class='ocrx_word' id='word_1_427' title='bbox 814 3687 1023 3772; x_wconf 29' lang='lat' dir='ltr'><strong>iapuduliiogen.</strong></span> <span class='ocrx_word' id='word_1_428' title='bbox 1033 3693 1125 3743; x_wconf 72' lang='lat' dir='ltr'><strong>Laert.</strong></span> <span class='ocrx_word' id='word_1_429' title='bbox 1137 3693 1240 3757; x_wconf 78' lang='lat'>1,3,2):</span> <span class='ocrx_word' id='word_1_430' title='bbox 1257 3690 1291 3744; x_wconf 84' lang='grc' dir='ltr'><strong>τοὶ</strong></span> <span class='ocrx_word' id='word_1_431' title='bbox 1301 3689 1354 3758; x_wconf 70' lang='grc' dir='ltr'><strong>μὲν</strong></span> 
     </span>
     <span class='ocr_line' id='line_1_44' title="bbox 221 3757 1354 3827; baseline 0.001 -14"><span class='ocrx_word' id='word_1_432' title='bbox 221 3766 272 3815; x_wconf 82' lang='lat' dir='ltr'><strong>bno</strong></span> <span class='ocrx_word' id='word_1_433' title='bbox 290 3764 435 3827; x_wconf 89' lang='lat' dir='ltr'><strong>animoque</strong></span> <span class='ocrx_word' id='word_1_434' title='bbox 450 3762 606 3813; x_wconf 73' lang='lat' dir='ltr'><strong>carentibus</strong></span> <span class='ocrx_word' id='word_1_435' title='bbox 621 3760 762 3826; x_wconf 85' lang='lat' dir='ltr'><strong>praediea·</strong></span> <span class='ocrx_word' id='word_1_436' title='bbox 812 3760 912 3822; x_wconf 79' lang='grc' dir='ltr'><strong><em>υψηλα</em></strong></span> <span class='ocrx_word' id='word_1_437' title='bbox 932 3759 1101 3819; x_wconf 81' lang='grc' dir='ltr'><strong><em>ταπεινοῦν,</em></strong></span> <span class='ocrx_word' id='word_1_438' title='bbox 1126 3759 1160 3810; x_wconf 80' lang='grc' dir='ltr'><strong>τὰ</strong></span> <span class='ocrx_word' id='word_1_439' title='bbox 1183 3757 1354 3814; x_wconf 66' lang='lat' dir='ltr'><strong>direxeram*</strong></span> 
     </span>
     <span class='ocr_line' id='line_1_45' title="bbox 222 3822 1353 3913; baseline 0 -29"><span class='ocrx_word' id='word_1_440' title='bbox 222 3839 267 3885; x_wconf 85' lang='lat' dir='ltr'><strong>tur</strong></span> <span class='ocrx_word' id='word_1_441' title='bbox 281 3835 413 3898; x_wconf 86' lang='lat' dir='ltr'><strong>anperior.</strong></span> <span class='ocrx_word' id='word_1_442' title='bbox 446 3832 499 3882; x_wconf 82' lang='lat' dir='ltr'><strong>Sed</strong></span> <span class='ocrx_word' id='word_1_443' title='bbox 511 3832 624 3896; x_wconf 90' lang='lat' dir='ltr'><strong>propina</strong></span> <span class='ocrx_word' id='word_1_444' title='bbox 636 3830 689 3880; x_wconf 89' lang='lat' dir='ltr'><strong>huo</strong></span> <span class='ocrx_word' id='word_1_445' title='bbox 703 3845 764 3894; x_wconf 79' lang='lat' dir='ltr'><strong>epe·</strong></span> <span class='ocrx_word' id='word_1_446' title='bbox 812 3822 920 3891; x_wconf 76' lang='grc' dir='ltr'><strong><em>ὑψοῦν,</em></strong></span> <span class='ocrx_word' id='word_1_447' title='bbox 934 3832 1053 3897; x_wconf 87' lang='lat' dir='ltr'><strong>itemque</strong></span> <span class='ocrx_word' id='word_1_448' title='bbox 1063 3833 1145 3882; x_wconf 84' lang='lat' dir='ltr'><strong>verba</strong></span> <span class='ocrx_word' id='word_1_449' title='bbox 1156 3835 1250 3913; x_wconf 62' lang='lat' dir='ltr'><strong>Quinti</strong></span> <span class='ocrx_word' id='word_1_450' title='bbox 1263 3836 1353 3897; x_wconf 68' lang='lat' dir='ltr'><strong>Smyr-</strong></span> 
     </span>
     <span class='ocr_line' id='line_1_46' title="bbox 222 3897 1354 3967; baseline -0.001 -13"><span class='ocrx_word' id='word_1_451' title='bbox 222 3904 445 3963; x_wconf 86' lang='lat' dir='ltr'><strong>etarearbitror,</strong></span> <span class='ocrx_word' id='word_1_452' title='bbox 461 3901 578 3967; x_wconf 72' lang='lat' dir='ltr'><strong>quaeat]</strong></span> <span class='ocrx_word' id='word_1_453' title='bbox 595 3901 651 3961; x_wconf 92' lang='grc' dir='ltr'>ΙΙΙ,</span> <span class='ocrx_word' id='word_1_454' title='bbox 671 3901 719 3950; x_wconf 78' lang='grc'><strong>108</strong></span> <span class='ocrx_word' id='word_1_455' title='bbox 735 3905 763 3950; x_wconf 92' lang='lat' dir='ltr'><strong>et</strong></span> <span class='ocrx_word' id='word_1_456' title='bbox 814 3900 875 3950; x_wconf 87' lang='lat' dir='ltr'><strong>naei</strong></span> <span class='ocrx_word' id='word_1_457' title='bbox 891 3901 975 3963; x_wconf 83' lang='lat' dir='ltr'>XIII,</span> <span class='ocrx_word' id='word_1_458' title='bbox 993 3905 1044 3952; x_wconf 88' lang='grc'><strong>474</strong></span> <span class='ocrx_word' id='word_1_459' title='bbox 1067 3897 1127 3967; x_wconf 78' lang='grc' dir='ltr'><strong><em>(καλ</em></strong></span> <span class='ocrx_word' id='word_1_460' title='bbox 1147 3919 1182 3952; x_wconf 90' lang='grc' dir='ltr'><strong>τα</strong></span> <span class='ocrx_word' id='word_1_461' title='bbox 1199 3897 1251 3967; x_wconf 66' lang='grc' dir='ltr'><strong>μὲν</strong></span> <span class='ocrx_word' id='word_1_462' title='bbox 1269 3898 1354 3954; x_wconf 60' lang='lat' dir='ltr'><strong>eursu</strong></span> 
     </span>
     <span class='ocr_line' id='line_1_47' title="bbox 221 3961 1354 4037; baseline -0.002 -12"><span class='ocrx_word' id='word_1_463' title='bbox 221 3976 249 4036; x_wconf 93' lang='grc' dir='ltr'><strong>Ι,</strong></span> <span class='ocrx_word' id='word_1_464' title='bbox 264 3974 298 4025; x_wconf 81' lang='lat'><strong>32</strong></span> <span class='ocrx_word' id='word_1_465' title='bbox 312 3977 447 4023; x_wconf 85' lang='lat' dir='ltr'><strong>annotata</strong></span> <span class='ocrx_word' id='word_1_466' title='bbox 462 3972 597 4037; x_wconf 85' lang='lat' dir='ltr'><strong>leguntur.</strong></span> <span class='ocrx_word' id='word_1_467' title='bbox 633 3970 664 4020; x_wconf 92' lang='lat' dir='ltr'><strong>Id</strong></span> <span class='ocrx_word' id='word_1_468' title='bbox 681 3985 762 4020; x_wconf 86' lang='lat' dir='ltr'><strong>unum</strong></span> <span class='ocrx_word' id='word_1_469' title='bbox 813 3963 907 4019; x_wconf 79' lang='grc' dir='ltr'><strong><em>πάντα</em></strong></span> <span class='ocrx_word' id='word_1_470' title='bbox 920 3966 968 4020; x_wconf 75' lang='grc' dir='ltr'><strong><em>καὶ</em></strong></span> <span class='ocrx_word' id='word_1_471' title='bbox 984 3962 1036 4021; x_wconf 73' lang='lat' dir='ltr'><strong>oria</strong></span> <span class='ocrx_word' id='word_1_472' title='bbox 1048 3961 1171 4034; x_wconf 72' lang='grc' dir='ltr'><strong><em>ἀρίδηλα</em></strong></span> <span class='ocrx_word' id='word_1_473' title='bbox 1188 3971 1293 4037; x_wconf 76' lang='grc' dir='ltr'><strong><em>γεγῶτα</em></strong></span> <span class='ocrx_word' id='word_1_474' title='bbox 1305 3989 1354 4023; x_wconf 73' lang='lat' dir='ltr'><strong>rv-</strong></span> 
     </span>
     <span class='ocr_line' id='line_1_48' title="bbox 222 4029 1352 4107; baseline -0.001 -13"><span class='ocrx_word' id='word_1_475' title='bbox 222 4047 249 4094; x_wconf 89' lang='lat' dir='ltr'><strong>in</strong></span> <span class='ocrx_word' id='word_1_476' title='bbox 268 4042 394 4094; x_wconf 86' lang='lat' dir='ltr'><strong>otauanla</strong></span> <span class='ocrx_word' id='word_1_477' title='bbox 408 4042 518 4092; x_wconf 84' lang='lat' dir='ltr'><strong>addam:</strong></span> <span class='ocrx_word' id='word_1_478' title='bbox 538 4043 649 4092; x_wconf 78' lang='lat' dir='ltr'><strong>Persam</strong></span> <span class='ocrx_word' id='word_1_479' title='bbox 663 4040 704 4089; x_wconf 86' lang='lat' dir='ltr'><strong>ita</strong></span> <span class='ocrx_word' id='word_1_480' title='bbox 722 4040 762 4090; x_wconf 91' lang='grc' dir='ltr'><strong>1ο-</strong></span> <span class='ocrx_word' id='word_1_481' title='bbox 812 4029 918 4102; x_wconf 63' lang='lat' dir='ltr'><strong>odana</strong></span> <span class='ocrx_word' id='word_1_482' title='bbox 930 4038 1044 4105; x_wconf 76' lang='grc' dir='ltr'><strong><em>τίθησι,</em></strong></span> <span class='ocrx_word' id='word_1_483' title='bbox 1058 4032 1094 4090; x_wconf 76' lang='grc' dir='ltr'><strong>τὰ</strong></span> <span class='ocrx_word' id='word_1_484' title='bbox 1108 4037 1137 4091; x_wconf 82' lang='lat' dir='ltr'><strong>d’</strong></span> <span class='ocrx_word' id='word_1_485' title='bbox 1150 4033 1246 4103; x_wconf 56' lang='lat' dir='ltr'><strong>tedet</strong></span> <span class='ocrx_word' id='word_1_486' title='bbox 1259 4034 1352 4107; x_wconf 82' lang='grc' dir='ltr'><strong><em>μειόν’</em></strong></span> 
     </span>
     <span class='ocr_line' id='line_1_49' title="bbox 222 4102 1352 4179; baseline 0.001 -16"><span class='ocrx_word' id='word_1_487' title='bbox 222 4118 347 4179; x_wconf 81' lang='lat' dir='ltr'><strong>quantem</strong></span> <span class='ocrx_word' id='word_1_488' title='bbox 359 4113 404 4162; x_wconf 85' lang='lat' dir='ltr'><strong>hie</strong></span> <span class='ocrx_word' id='word_1_489' title='bbox 415 4113 450 4162; x_wconf 88' lang='lat' dir='ltr'><strong>ab</strong></span> <span class='ocrx_word' id='word_1_490' title='bbox 461 4112 599 4162; x_wconf 86' lang='lat' dir='ltr'><strong>Herodoto</strong></span> <span class='ocrx_word' id='word_1_491' title='bbox 609 4110 714 4173; x_wconf 83' lang='lat' dir='ltr'><strong>induci,</strong></span> <span class='ocrx_word' id='word_1_492' title='bbox 731 4115 762 4160; x_wconf 89' lang='lat' dir='ltr'><strong>ut</strong></span> <span class='ocrx_word' id='word_1_493' title='bbox 812 4102 927 4175; x_wconf 71' lang='grc' dir='ltr'><strong><em>ἔθηκε),</em></strong></span> <span class='ocrx_word' id='word_1_494' title='bbox 944 4127 1014 4176; x_wconf 85' lang='lat' dir='ltr'><strong>qnae</strong></span> <span class='ocrx_word' id='word_1_495' title='bbox 1025 4128 1057 4161; x_wconf 84' lang='lat' dir='ltr'><strong>ex</strong></span> <span class='ocrx_word' id='word_1_496' title='bbox 1070 4112 1185 4163; x_wconf 78' lang='lat' dir='ltr'><strong>Hesiodi</strong></span> <span class='ocrx_word' id='word_1_497' title='bbox 1197 4114 1352 4165; x_wconf 82' lang='lat' dir='ltr'><strong>imitatione</strong></span> 
     </span>
     <span class='ocr_line' id='line_1_50' title="bbox 221 4173 1349 4247; baseline -0.003 -13"><span class='ocrx_word' id='word_1_498' title='bbox 221 4186 355 4235; x_wconf 74' lang='lat' dir='ltr'><strong>(innectam</strong></span> <span class='ocrx_word' id='word_1_499' title='bbox 374 4183 507 4233; x_wconf 87' lang='lat' dir='ltr'><strong>hominem</strong></span> <span class='ocrx_word' id='word_1_500' title='bbox 520 4181 568 4231; x_wconf 87' lang='lat' dir='ltr'><strong>illa</strong></span> <span class='ocrx_word' id='word_1_501' title='bbox 581 4186 672 4230; x_wconf 79' lang='lat' dir='ltr'><strong>aetate</strong></span> <span class='ocrx_word' id='word_1_502' title='bbox 687 4179 761 4231; x_wconf 88' lang='lat' dir='ltr'><strong>locu·</strong></span> <span class='ocrx_word' id='word_1_503' title='bbox 813 4179 924 4231; x_wconf 79' lang='lat' dir='ltr'><strong>fluxisse</strong></span> <span class='ocrx_word' id='word_1_504' title='bbox 939 4181 1001 4232; x_wconf 78' lang='lat' dir='ltr'><strong>vult</strong></span> <span class='ocrx_word' id='word_1_505' title='bbox 1016 4181 1165 4247; x_wconf 83' lang='lat' dir='ltr'><strong>Goettiing.</strong></span> <span class='ocrx_word' id='word_1_506' title='bbox 1180 4184 1216 4233; x_wconf 88' lang='lat' dir='ltr'><strong>ad</strong></span> <span class='ocrx_word' id='word_1_507' title='bbox 1226 4173 1303 4247; x_wconf 77' lang='grc' dir='ltr'><strong>Ἐργ.</strong></span> <span class='ocrx_word' id='word_1_508' title='bbox 1323 4198 1349 4236; x_wconf 85' lang='grc' dir='ltr'><strong>τι.</strong></span> 
     </span>
     <span class='ocr_line' id='line_1_51' title="bbox 221 4239 1352 4319; baseline -0.003 -15"><span class='ocrx_word' id='word_1_509' title='bbox 221 4260 351 4305; x_wconf 77' lang='lat' dir='ltr'><strong>tamesae</strong></span> <span class='ocrx_word' id='word_1_510' title='bbox 364 4268 414 4319; x_wconf 89' lang='lat' dir='ltr'><strong>par</strong></span> <span class='ocrx_word' id='word_1_511' title='bbox 427 4253 525 4313; x_wconf 79' lang='lat' dir='ltr'><strong>tuerit3</strong></span> <span class='ocrx_word' id='word_1_512' title='bbox 545 4251 616 4301; x_wconf 89' lang='lat' dir='ltr'><strong>unde</strong></span> <span class='ocrx_word' id='word_1_513' title='bbox 631 4249 760 4302; x_wconf 85' lang='lat' dir='ltr'><strong>credibile</strong></span> <span class='ocrx_word' id='word_1_514' title='bbox 806 4239 869 4313; x_wconf 84' lang='grc' dir='ltr'><strong>Ἡμ.</strong></span> <span class='ocrx_word' id='word_1_515' title='bbox 888 4250 913 4300; x_wconf 85' lang='grc'><strong>0.</strong></span> <span class='ocrx_word' id='word_1_516' title='bbox 929 4251 975 4314; x_wconf 89' lang='lat' dir='ltr'><strong>(de</strong></span> <span class='ocrx_word' id='word_1_517' title='bbox 990 4253 1069 4301; x_wconf 85' lang='lat' dir='ltr'><strong>love:</strong></span> <span class='ocrx_word' id='word_1_518' title='bbox 1094 4242 1156 4313; x_wconf 76' lang='grc' dir='ltr'><strong><em>ῥεῖα</em></strong></span> <span class='ocrx_word' id='word_1_519' title='bbox 1174 4243 1205 4301; x_wconf 77' lang='grc' dir='ltr'><strong>δ’</strong></span> <span class='ocrx_word' id='word_1_520' title='bbox 1219 4247 1352 4318; x_wconf 71' lang='grc' dir='ltr'><strong><em>ἀρίζηλον</em></strong></span> 
     </span>
     <span class='ocr_line' id='line_1_52' title="bbox 222 4313 1349 4389; baseline -0.002 -16"><span class='ocrx_word' id='word_1_521' title='bbox 222 4324 261 4386; x_wconf 84' lang='lat' dir='ltr'><strong>fit,</strong></span> <span class='ocrx_word' id='word_1_522' title='bbox 277 4339 345 4389; x_wconf 85' lang='lat' dir='ltr'><strong>quae</strong></span> <span class='ocrx_word' id='word_1_523' title='bbox 358 4324 444 4388; x_wconf 80' lang='lat' dir='ltr'><strong>ipriua</strong></span> <span class='ocrx_word' id='word_1_524' title='bbox 455 4323 597 4386; x_wconf 74' lang='lat' dir='ltr'><strong>scriptoria</strong></span> <span class='ocrx_word' id='word_1_525' title='bbox 607 4325 634 4370; x_wconf 93' lang='lat' dir='ltr'><strong>et</strong></span> <span class='ocrx_word' id='word_1_526' title='bbox 644 4320 761 4370; x_wconf 84' lang='lat' dir='ltr'><strong>Graeco·</strong></span> <span class='ocrx_word' id='word_1_527' title='bbox 810 4313 927 4382; x_wconf 79' lang='grc' dir='ltr'><strong><em>μινύθει</em></strong></span> <span class='ocrx_word' id='word_1_528' title='bbox 944 4316 992 4369; x_wconf 80' lang='grc' dir='ltr'><strong><em>καλ</em></strong></span> <span class='ocrx_word' id='word_1_529' title='bbox 1008 4314 1116 4385; x_wconf 76' lang='grc' dir='ltr'><strong><em>ἄδηλον</em></strong></span> <span class='ocrx_word' id='word_1_530' title='bbox 1131 4316 1206 4383; x_wconf 78' lang='grc' dir='ltr'><strong><em>οἱέξει</em></strong></span> <span class='ocrx_word' id='word_1_531' title='bbox 1226 4339 1251 4371; x_wconf 89' lang='grc' dir='ltr'><strong><em>ιι.</em></strong></span> <span class='ocrx_word' id='word_1_532' title='bbox 1265 4339 1290 4374; x_wconf 91' lang='grc' dir='ltr'><strong>τ.</strong></span> <span class='ocrx_word' id='word_1_533' title='bbox 1301 4321 1349 4385; x_wconf 82' lang='grc'><strong>1,).</strong></span> 
     </span>
     <span class='ocr_line' id='line_1_53' title="bbox 220 4389 1349 4456; baseline -0.001 -13"><span class='ocrx_word' id='word_1_534' title='bbox 220 4408 279 4443; x_wconf 87' lang='lat' dir='ltr'><strong>rum</strong></span> <span class='ocrx_word' id='word_1_535' title='bbox 299 4394 371 4443; x_wconf 78' lang='lat' dir='ltr'><strong>iltius</strong></span> <span class='ocrx_word' id='word_1_536' title='bbox 390 4394 452 4444; x_wconf 87' lang='lat' dir='ltr'><strong>aevi</strong></span> <span class='ocrx_word' id='word_1_537' title='bbox 469 4393 551 4442; x_wconf 80' lang='lat' dir='ltr'><strong>suerit</strong></span> <span class='ocrx_word' id='word_1_538' title='bbox 569 4392 602 4441; x_wconf 94' lang='lat' dir='ltr'><strong>de</strong></span> <span class='ocrx_word' id='word_1_539' title='bbox 617 4390 660 4440; x_wconf 87' lang='lat' dir='ltr'><strong>hia</strong></span> <span class='ocrx_word' id='word_1_540' title='bbox 677 4389 759 4440; x_wconf 87' lang='lat' dir='ltr'><strong>rebua</strong></span> <span class='ocrx_word' id='word_1_541' title='bbox 810 4391 852 4439; x_wconf 89' lang='lat' dir='ltr'><strong>Tn</strong></span> <span class='ocrx_word' id='word_1_542' title='bbox 866 4391 938 4445; x_wconf 82' lang='lat' dir='ltr'><strong>conf.</strong></span> <span class='ocrx_word' id='word_1_543' title='bbox 951 4406 1067 4456; x_wconf 86' lang='lat' dir='ltr'><strong>quoque,</strong></span> <span class='ocrx_word' id='word_1_544' title='bbox 1083 4407 1155 4456; x_wconf 86' lang='lat' dir='ltr'><strong>quae</strong></span> <span class='ocrx_word' id='word_1_545' title='bbox 1167 4394 1202 4443; x_wconf 89' lang='lat' dir='ltr'><strong>ad</strong></span> <span class='ocrx_word' id='word_1_546' title='bbox 1217 4392 1349 4443; x_wconf 84' lang='lat' dir='ltr'><strong>Herodot.</strong></span> 
     </span>
     <span class='ocr_line' id='line_1_54' title="bbox 220 4459 1086 4526; baseline 0 -13"><span class='ocrx_word' id='word_1_547' title='bbox 220 4465 370 4526; x_wconf 77' lang='lat' dir='ltr'><strong>sententia,</strong></span> <span class='ocrx_word' id='word_1_548' title='bbox 392 4478 451 4515; x_wconf 90' lang='lat' dir='ltr'><strong>eam</strong></span> <span class='ocrx_word' id='word_1_549' title='bbox 465 4463 566 4513; x_wconf 77' lang='lat' dir='ltr'><strong>Persae</strong></span> <span class='ocrx_word' id='word_1_550' title='bbox 580 4459 633 4511; x_wconf 84' lang='lat' dir='ltr'><strong>viri</strong></span> <span class='ocrx_word' id='word_1_551' title='bbox 649 4472 693 4511; x_wconf 89' lang='lat' dir='ltr'><strong>ore</strong></span> <span class='ocrx_word' id='word_1_552' title='bbox 713 4459 758 4510; x_wconf 86' lang='lat' dir='ltr'><strong>hie</strong></span> <span class='ocrx_word' id='word_1_553' title='bbox 808 4459 846 4518; x_wconf 90' lang='grc' dir='ltr'><strong>ΙΙ,</strong></span> <span class='ocrx_word' id='word_1_554' title='bbox 863 4460 912 4513; x_wconf 87' lang='grc'><strong>100</strong></span> <span class='ocrx_word' id='word_1_555' title='bbox 927 4463 1086 4513; x_wconf 72' lang='lat' dir='ltr'><strong>monuimus.</strong></span> 
     </span>
    </p>
   </div>
   <div class='ocr_carea' id='block_1_4' title="bbox 0 0 1528 5134">
    <p class='ocr_par' dir='ltr' id='par_1_6' title="bbox 0 0 1528 5134">
     <span class='ocr_line' id='line_1_55' title="bbox 0 0 1528 5134; baseline 0 3"><span class='ocrx_word' id='word_1_556' title='bbox 0 0 1528 5134; x_wconf 95' lang='lat' dir='ltr'><strong> </strong></span> 
     </span>
    </p>
   </div>
  </div>
 </body>
</html>
