2970 5128
262 373 323 436 304
698 371 966 435 HERODO'PI

262 551 425 637 χρέωνται
446 543 529 614 κατὰ
544 542 621 625 τούς
641 547 812 627 θανάτους
825 553 893 616 τῶν
906 548 1084 636 βασιλέων.
1117 545 1219 617 έπεὰν
1232 544 1295 635 γὰρ
1308 545 1379 618 ἄπο-

262 651 354 740 torp
373 653 532 739 βασιλεὺς
550 654 846 737 Λακεδαιμονίων,
876 652 913 720 έκ
934 652 1041 740 πάσης
1064 656 1119 720 δεῖ
1133 657 1380 740 Λακεδαίμονος,

262 757 363 844 χωρὶς
372 757 630 841 Σπαρτιητέων,
644 751 780 848 ἀριθμῷ
793 760 862 824 τῶν
876 761 1059 844 περιοίκων
1069 753 1298 843 ἀναγκαστοὺς
1311 759 1341 835 ἐς
1351 755 1383 824 τὸ

262 864 364 947 κῆδος
378 860 475 928 ίέναι.
508 858 637 928 τούτων
652 849 702 927 οἷν
723 861 780 928 καὶ
799 865 867 927 τῶν
888 862 1054 929 εἱλωτέων
1071 861 1128 929 καλ
1149 857 1264 928 αὐτῶν
1276 867 1381 947 Σπαρ-

261 965 403 1052 τιητέων
426 959 527 1031 ἐπεὰν
547 965 778 1049 συλλεχθέωσι
803 965 837 1045 ές
856 959 963 1032 τώυτὸ
982 965 1102 1033 πολλαὶ
1120 963 1282 1051 χιλιάδες,
1307 960 1380 1050 σύμ-

297 1155 327 1212 ίν
342 1155 434 1227 πάσης
452 1159 498 1211 δεῖ
509 1159 725 1226 Λακεδαίμονος
741 1179 766 1214 ιι.
779 1179 803 1213 τ.
854 1163 951 1227 τριόνς
968 1159 1016 1213 καὶ
1031 1160 1121 1228 μηδέν
1139 1177 1221 1228 σφισι
1237 1158 1383 1228 προσήκω.

262 1232 298 1299 L]
329 1233 398 1296 „Sic
411 1234 466 1284 iata
479 1233 615 1298 capienda
629 1233 735 1283 iudico:
759 1251 804 1284 rre-
853 1228 903 1291 δας
919 1227 1038 1294 νεκροὺς
1050 1232 1166 1284 κλαίειν.
1195 1235 1380 1285 Addictum.

260 1319 331 1354 ceree
343 1312 382 1354 est
393 1310 427 1367 ut,
437 1312 546 1367 praeter
557 1303 712 1368 Spartiates,
726 1304 804 1367 saner
853 1304 908 1365 IV,
932 1305 977 1366 14,
991 1304 1023 1355 3:
1052 1304 1205 1368 προείρητο
1230 1299 1262 1353 ot
1280 1300 1326 1352 aul
1343 1297 1381 1352 tet

261 1376 379 1427 oeliror'tr'
387 1378 531 1424 comitentur
541 1381 698 1425 caeterorum
708 1374 805 1423 ortium
853 1367 904 1431 τὰς
922 1364 1046 1436 ἐκφορὰς
1060 1374 1117 1422 των
1133 1367 1272 1440 βασιλέων
1287 1370 1331 1422 καί
1342 1363 1381 1422 ἄλ-

262 1444 446 1494 Locom'raram
454 1446 550 1494 incolae
560 1452 630 1494 certo
642 1458 750 1493 renuero.
769 1471 803 1480 -
853 1444 910 1492 λων
922 1440 979 1491 των
991 1435 1021 1492 ἐν
1032 1437 1102 1492 τέλει
1116 1440 1164 1493 καλ
1178 1434 1287 1507 ἄνδρας
1300 1434 1328 1492 ἐκ
1339 1438 1381 1505 τῆς

260 1504 379 1580 ἀριθμῷ
399 1513 537 1577 significat
558 1523 629 1563 certo
647 1511 803 1564 neuremeel
853 1510 1021 1577 Μεσσηνίας
1049 1509 1097 1562 καλ
1127 1509 1177 1569 τὰς
1204 1508 1381 1577 γυναῖκαςέι

261 1584 362 1647 definito
377 1583 425 1650 [cl.
438 1583 575 1634 Kuehner.
586 1583 632 1633 Gr.
646 1582 691 1633 Gr.
706 1585 730 1646 θ.
742 1583 804 1645 586,
853 1573 953 1646 lubrice
970 1571 1049 1646 ἥκειν
1062 1582 1130 1646 pelo
1139 1586 1180 1648 ἀρ
1195 1578 1244 1631 καλ
1257 1584 1327 1632 τοῖσι
1337 1596 1381 1629 κα-

261 1653 299 1720 d].
312 1655 428 1703 Luciau.
440 1655 472 1706 T.
483 1654 536 1703 111.
547 1669 611 1719 pag.
623 1652 682 1703 302.
695 1654 726 1703 T.
738 1654 760 1703 l.
773 1668 800 1717 p.
853 1648 973 1719 ραβᾶοιν
982 1643 1113 1700 ἀπέκειτο
1125 1643 1231 1715 ποινήτ
1251 1668 1318 1718 quae
1328 1658 1381 1718 apte

261 1723 369 1786 mont.
386 1723 510 1789 Thucyd.
522 1723 630 1785 ll,72.“
647 1723 673 1770 V
679 1722 800 1772 clotten.
852 1737 913 1772 eum
928 1721 1092 1773 Herodoteis
1110 1721 1228 1772 contulit
1241 1724 1269 1773 (l.
1283 1723 1312 1771 F.
1324 1723 1382 1772 Her-

260 1793 393 1859 Equidem
401 1794 483 1859 lungo
490 1789 547 1840 reio
554 1789 708 1854 περιοίκων
717 1783 804 1855 rivop-
853 1807 942 1842 menu.
955 1792 1066 1857 Anthq.
1080 1792 1203 1842 Lacona.
1221 1809 1247 1858 p.
1261 1791 1302 1842 28.
1326 1792 1382 1841 Ver-

210 1924 214 1931 ,
259 1856 395 1926 καστοδς,
414 1868 446 1912 ut
465 1870 567 1913 coactos
582 1862 743 1927 quosdame
757 1879 804 1925 pe·
852 1861 894 1912 bie
910 1851 939 1909 ἐκ
959 1854 1050 1925 πάσης
1064 1859 1280 1925 Λακεδαίμονος
1292 1861 1334 1910 hic
1347 1863 1381 1910 in·

260 1932 360 1983 rioecis
381 1948 473 1998 eoaque
492 1938 561 1983 certo
582 1948 614 1981 oc
632 1933 731 1993 definito
753 1947 803 1981 nu·
852 1930 939 1981 dicari
962 1928 1015 1993 τὴν
1032 1926 1218 1996 Λακωνικήν,
1243 1933 1381 1982 Laconicus

260 2018 334 2052 mero
363 2003 460 2053 adosse
483 2002 610 2052 debuisse
641 2002 800 2065 cogitemus.
851 2008 961 2062 torem,
979 2008 1011 2051 ut
1028 2001 1097 2063 Vll,
1121 2001 1188 2063 234,
1211 2009 1285 2051 recte
1302 2006 1381 2049 monet

260 2073 356 2138 Neque
377 2070 447 2121 enim
470 2071 561 2136 placet
583 2070 699 2120 Wert'eri
728 2072 800 2122 ratio
851 2069 1004 2135 Schweigb.
1029 2070 1112 2121 Cuius
1125 2071 1234 2121 incolae
1251 2073 1380 2121 maximam

261 2141 429 2206 (Acttpbill.
440 2141 566 2191 Menace.
579 2140 600 2189 1.
611 2156 636 2205 p.
649 2140 700 2190 240
710 2139 800 2205 seqq.)
850 2147 958 2205 partem
975 2145 1040 2191 suut
1058 2133 1088 2189 oi
1100 2141 1260 2205 περίοικοι,
1280 2157 1296 2190 a
1309 2141 1383 2204 Spar·

259 2212 410 2277 genitivum
423 2206 479 2259 τιδν
494 2209 649 2272 περιοίκων
667 2209 701 2259 ad
715 2200 801 2274 rivop-
851 2210 924 2260 tanis
938 2226 1023 2275 aeque
1039 2210 1140 2261 diversi
1160 2217 1245 2276 atque
1266 2211 1300 2260 ab
1311 2210 1380 2259 Helc-

259 2275 379 2338 καστοὺς
396 2278 490 2331 referri
505 2294 585 2344 posse
599 2281 739 2343 negantis,
750 2295 801 2330 uec
851 2280 902 2340 tie,
923 2282 1011 2331 serris
1030 2279 1163 2344 publicis,
1184 2280 1266 2330 liberi
1283 2294 1380 2345 prorsus

260 2351 346 2416 magis
362 2346 490 2402 accedam
506 2350 536 2402 O.
550 2349 720 2400 0.Muellero
734 2351 800 2400 Dor.
849 2348 980 2414 homines,
996 2350 1050 2398 nisi
1064 2350 1135 2415 quod
1146 2351 1265 2415 Spartae
1280 2351 1380 2414 imperio

261 2423 298 2484 ll,
311 2421 346 2471 99
361 2422 484 2486 iungenti
500 2418 540 2486 τῷ
551 2413 668 2483 ἀριθμῷ
681 2417 738 2468 τοῖν
752 2433 800 2467 πε·
850 2424 963 2484 parent,
981 2424 1078 2469 terram
1093 2420 1260 2470 Laconicam
1272 2419 1380 2469 colentes

261 2490 377 2554 ριοίκων
396 2497 423 2541 et
447 2491 569 2541 dativum
589 2479 708 2555 ἀριθμῷ
724 2505 801 2541 revo·
851 2496 878 2538 et
890 2488 1058 2549 habitantes,
1072 2491 1143 2539 unde
1155 2497 1184 2541 et
1197 2490 1251 2556 ipsi
1262 2489 1381 2540 dictinio·
1462 2546 1463 2553 ρ

259 2563 334 2612 canti
358 2561 394 2611 ad
416 2559 473 2621 δεῖς
503 2575 617 2624 quocum
636 2558 731 2610 dativo
753 2559 800 2624 qui
849 2552 1028 2623 κεδαιμόνιοι
1049 2564 1132 2624 atque
1148 2555 1323 2619 Λακωνικοί,
1339 2573 1380 2607 no·

258 2632 405 2681 convenire
422 2630 509 2695 poeeit
528 2629 703 2679 accoaatlrua
717 2623 801 2691 cinop-
850 2630 930 2679 minis
944 2628 1025 2679 boiae
1037 2630 1239 2693 significatione
1252 2628 1332 2679 latius
1346 2643 1380 2677 re-

258 2694 398 2762 aectoris,
427 2699 580 2765 perspicere
610 2698 682 2749 baud
712 2697 800 2750 releo.
850 2703 941 2764 pente,
954 2705 981 2749 et
995 2698 1029 2748 ab
1042 2699 1110 2761 ipsis
1124 2699 1281 2764 Spartanis,
1294 2696 1379 2763 quibus

259 2774 350 2834 Quare
371 2769 498 2835 displicet
516 2785 549 2820 ea
566 2769 653 2832 ratio,
668 2768 800 2834 quaElte
848 2768 1023 2832 peculiariter
1042 2771 1187 2831 convenit,
1213 2770 1251 2819 ad
1271 2768 1378 2832 reliquos
1461 2792 1462 2835 ;

259 2840 385 2903 (Jahrbb.
407 2840 426 2888 t.
442 2838 541 2890 Philol.
563 2854 589 2889 ιτ,
604 2838 687 2888 Paed.
704 2838 797 2903 Suppl.
849 2838 932 2889 etiam
966 2838 1085 2903 regionis
1118 2837 1225 2889 incolas
1254 2838 1378 2888 traducta

258 2910 378 2963 Vollll.
392 2924 454 2975 pag.
468 2908 540 2973 333),
555 2908 602 2973 qui
614 2909 712 2974 etipse
727 2909 798 2958 dati·
848 2908 940 2973 Ipsum
962 2923 1060 2958 nomeu
1083 2906 1239 2971 περιοίκων
1261 2907 1378 2965 tulerunt,

257 2995 320 3029 enm
337 2970 488 3043 ἄριθμῷε
513 2979 596 3029 verbo
617 2975 663 3026 δεῖ
680 2978 798 3042 pendere
848 2981 974 3042 respectu
1006 2977 1100 3028 habito
1137 2978 1212 3028 urbia
1247 2977 1379 3044 primariae
1460 3002 1461 3009 ε

259 3047 526 3111 dicit,buaclocum
545 3048 634 3112 accipi
646 3046 717 3098 vult:
746 3064 799 3110 „o·
847 3047 978 3112 Spartae,
1000 3048 1074 3098 circa
1093 3062 1174 3112 quam
1194 3054 1295 3100 terrem
1314 3047 1378 3096 iuco-

256 3123 349 3184 portet
369 3121 494 3169 exterra
514 3118 667 3180 Laconica,
688 3122 797 3183 praeter
846 3115 906 3167 lant
918 3117 1090 3169 Laconicam.
1119 3118 1187 3168 Post
1199 3117 1329 3168 Valckeu.
1349 3113 1378 3164 εδ
1459 3172 1460 3183 ¹

257 3188 579 3253 Spartiatas‚nnmerum
592 3185 710 3251 aliquem
725 3188 798 3238 inco·
847 3187 896 3249 IX,
912 3187 940 3237 ll
958 3187 1037 3251 plura
1054 3188 1086 3237 dc
1101 3187 1283 3250 hisperioecr'a
1295 3199 1378 3236 monu—
1459 3216 1460 3255 l

255 3257 342 3308 lerum
355 3263 524 3309 caeterarum
542 3256 648 3306 urbium
663 3254 724 3320 lege
735 3273 798 3307 coe·
847 3260 926 3307 erunt
940 3257 969 3306 C.
985 3256 1017 3306 0.
1034 3256 1158 3307 Mueller.
1182 3255 1201 3310 l.
1218 3256 1237 3307 l.
1258 3257 1293 3307 Il.
1313 3271 1337 3320 p.
1349 3253 1373 3303 tl

257 3333 316 3378 ctos
344 3328 372 3377 in
395 3327 479 3376 lunae
506 3327 638 3386 venire“;
674 3320 796 3390 ἀναγκαι-
846 3342 920 3391 seq..
935 3325 1131 3377 Wacbemutb:
1149 3326 1258 3378 Hellen.
1273 3322 1374 3376 Altertb

257 3390 341 3454 στοδς
365 3396 534 3448 Herodotum
564 3397 690 3461 poenicae
716 3402 796 3460 putat
847 3397 870 3445 I.
886 3411 947 3460 pag.
961 3395 1027 3460 393,
1042 3397 1156 3446 Kortiim
1172 3397 1214 3446 in:
1239 3394 1376 3447 Scblosser.

256 3467 327 3520 Eltz.
340 3482 390 3532 pro
411 3482 452 3531 eo,
466 3466 537 3530 quod
557 3466 663 3531 proprie
684 3467 737 3515 (lici
752 3466 796 3517 de·
847 3470 874 3515 et
889 3466 996 3518 Bercht
1011 3465 1122 3517 Archiv.
1139 3466 1186 3517 1v.
1206 3482 1233 3530 p.
1249 3464 1298 3518 loo
1310 3478 1376 3528 τερα.

240 3527 574 3601 Ἰ1τιτίτεο1,ὀἷναγιωιστὸν,
588 3536 652 3600 quia
665 3536 692 3585 in
706 3544 796 3588 mente
847 3539 874 3585 ct
892 3551 962 3601 quae
977 3535 1033 3585 alie
1052 3536 1086 3586 de
1103 3535 1147 3587 his
1161 3537 1294 3586 excitavit
1307 3533 1333 3586 G.
1348 3532 1375 3581 ll.
1458 3538 1459 3551 ¹

255 3607 398 3659 habuisset
426 3602 483 3655 cciv
512 3603 667 3669 περιοίκων
696 3603 794 3661 revoc:
847 3605 1000 3656 Hermann:
1019 3603 1375 3662 Griecb.Staatsaltcrtb.§.

256 3677 422 3744 quodquam
437 3677 532 3725 durum
547 3677 593 3738 sit,
606 3677 738 3726 neminem
752 3676 795 3726 tu·
848 3674 889 3724 19.
911 3680 968 3729 not.
993 3677 1009 3725 2
1029 3690 1104 3742 seqq.
1129 3677 1152 3738 θ.
1166 3676 1207 3726 20.
1226 3680 1284 3727 not.
1295 3674 1309 3722 7
1320 3669 1373 3723 cell.

254 3762 318 3811 gere
329 3751 430 3812 potest.
452 3745 510 3796 Nec
524 3744 639 3810 denique
651 3746 795 3797 audiamus
844 3745 966 3796 Lacoun.
981 3746 1093 3812 Antiqq.
1105 3760 1131 3810 p.
1145 3746 1276 3811 δέλετρα,
1287 3742 1375 3794 Schoe·
1457 3756 1458 3761 ¹

253 3818 394 3867 Pauwium
420 3830 469 3881 pro
497 3805 693 3880 ἀναγκαστοὺς
718 3832 795 3882 repo·
846 3830 941 3865 mann:
961 3814 1196 3867 Griecb.Altertb.
1213 3816 1237 3865 I.
1258 3808 1374 3880 paptfll

255 3892 364 3938 nentem
382 3879 558 3947 propraetoris
580 3885 635 3952 [vel
648 3890 721 3938 certe
739 3876 795 3935 ori-
847 3899 924 3950 seqq.
961 3887 1004 3937 De
1019 3887 1120 3936 Helotie
1136 3884 1194 3935 vid.
1213 3885 1245 3935 Ο.
1266 3885 1296 3934 F.
1313 3882 1374 3931 Her·

253 3949 414 4020 νομαστοδς
429 3956 562 4006 Herodoti
581 3971 614 4007 ex
627 3953 713 4020 ueu],
732 3958 751 4007 i.
769 3972 792 4006 e.
845 3970 936 4006 maun.
956 3954 974 4004 l.
991 3955 1009 4004 l.
1028 3959 1053 4019 ξ.
1073 3956 1114 4009 19.
1136 3960 1193 4005 not·
1214 3956 1230 4004 2
1248 3949 1374 4021 etScboe·

252 4027 437 4089 honoratiores,
448 4026 596 4077 nobiliores:
614 4026 686 4090 quod
699 4027 795 4091 proba·
845 4040 934 4075 mann.
948 4024 968 4075 l.
979 4024 997 4074 l.
1009 4040 1036 4089 p.
1051 4025 1100 4077 195
1113 4040 1200 4090 seqq,
1212 4023 1372 4075 Lachmann:

253 4099 294 4147 rit
305 4099 412 4164 Negris.
437 4095 479 4145 Ad
489 4094 544 4147 1οοί
554 4096 704 4147 Herodotei
714 4112 794 4162 ergu-
844 4094 972 4160 Spartan.
984 4094 1148 4145 Steatsverl.
1163 4110 1190 4159 p.
1206 4095 1254 4144 147
1269 4107 1338 4156 seqq.

235 4171 373 4219 mentum
387 4167 422 4219 ci.
438 4167 573 4231 geminum
584 4167 690 4216 Aeliani
704 4165 792 4217 locum
878 4160 927 4214 ael
947 4154 1042 4214 αὐταῖν
1061 4158 1276 4229 Σπαρτιητέων]
1304 4160 1372 4209 llaec

252 4240 284 4292 V.
294 4238 329 4297 Η.
341 4239 388 4301 VI,
406 4239 428 4300 l,
445 4237 493 4286 nbi
508 4237 541 4288 de
553 4236 750 4301 Spartanorum
763 4238 792 4286 in
842 4235 936 4297 verba,
951 4250 968 4285 a
977 4234 1135 4297 Schaeiero,
1146 4233 1207 4283 eliis
1218 4230 1372 4283 anctoritate
1455 4256 1456 4271 τ

251 4308 403 4360 Messenios
414 4308 555 4372 perioecos
566 4306 731 4357 acerbitate:
742 4299 792 4363 τὰς
841 4303 905 4356 libri
926 4304 1064 4356 Sencrolti
1079 4308 1163 4370 atque
1183 4303 1294 4354 alterius
1310 4296 1372 4349 dele·

250 4367 402 4442 έλενθὲρας
418 4376 579 4441 (γυναῖκας)
594 4369 635 4432 εἰς
648 4371 681 4425 rei
696 4368 791 4440 πένθη
842 4379 886 4439 ta,
907 4390 924 4424 a
937 4374 1082 4426 Dietscbio
1100 4376 1179 4425 uncis
1200 4371 1303 4423 inclusa
1317 4374 1371 4418 tan·

251 4444 375 4513 βαδίζειν
391 4439 552 4512 ἠνάγκαζον
569 4442 617 4495 καλ
630 4437 699 4504 τούς
710 4435 791 4495 ἄλλο·
842 4461 924 4512 quam
938 4450 1075 4513 suapeeta,
1085 4442 1151 4496 licet
1160 4444 1189 4494 in
1204 4440 1311 4509 reliquis
1321 4437 1370 4489 He·
