3008 5128
202 405 243 468 94
637 406 905 470 HERODOTI

203 576 384 671 ἐτράποντο
398 575 454 650 ἔντ’
470 578 649 670 Ἀθηνέων.
692 578 864 671 Ἀθηναῖοι
879 584 919 652 ds'
928 602 1034 670 σηεας
1054 575 1109 649 ἐπὶ
1123 582 1252 671 ῥητοῖσι
1266 576 1344 650 e’de'-

203 778 378 846 Gephyraeos
394 784 423 831 et
438 780 513 846 ipsos
532 780 591 847 (qni
604 797 658 832 non
674 782 745 833 The·
794 783 974 835 Locutionern
986 774 1032 832 tut
1045 773 1157 846 ὁητοίσι
1177 780 1207 844 (ἰ.
1224 797 1247 833 e.
1263 781 1346 829 eei-tis

203 850 440 901 his'l'hebarumve
455 853 483 900 in
495 852 599 903 ditione
608 852 745 903 sedesha-
795 855 940 918 quibusdum
965 853 1010 903 sub
1034 850 1224 913 conditionibus)
1247 851 1345 912 attigi-

202 919 368 983 hehaut,sed
380 926 537 985 separatam
548 923 668 987 regionis
682 938 745 987 par-

203 996 273 1053 tem,
287 991 479 1056 Tanagraeum
493 1007 588 1057 agrum
601 994 744 1057 tenebant)

201 1058 294 1126 pulsos
306 1059 416 1111 sedibus
426 1060 511 1111 inisse
524 1077 541 1111 a
549 1062 660 1113 Boeotis
670 1062 745 1113 inde·

203 1129 662 1195 queAthsnasversusdiscessisse.
680 1134 745 1183 Per·

202 1203 291 1249 tinent
302 1200 354 1250 hue
366 1201 461 1251 Nostri
474 1202 556 1252 verba
569 1217 640 1267 quae
653 1201 746 1267 legun·

203 1270 286 1352 turV,
293 1270 341 1320 ul:
359 1262 595 1331 -ἐξανιστέαται
610 1269 745 1349 Καδμειοι

202 1330 242 1386 rin
247 1308 393 1419 ’ᾎρηείων
411 1336 459 1389 καλ
470 1331 662 1422 τρέπονταιὲς
649 1335 745 1399 esurie

197 1400 353 1472 Ἐηχέλεας’
369 1402 481 1460 etuti*
455 1405 614 1474 Γέφοραιοι
631 1402 744 1461 ὑπολει-

203 1477 327 1542 φθέντες
339 1480 420 1546 (qui
413 1482 495 1546 igitur
508 1481 543 1531 ab
554 1481 665 1559 Argivis
679 1482 743 1533 sede

202 1548 275 1614 pulsi
288 1564 343 1600 nou
355 1560 443 1614 erant,
454 1552 502 1602 sed
511 1551 611 1631 relicti)
624 1565 744 1616 οστερον

203 1620 247 1683 (ut
260 1620 383 1671 hocloco
397 1613 551 1701 deessent)
538 1614 596 1669 υπὸ
613 1620 745 1671 Βοιωτῶν

201 1684 396 1754 ἀναχωρέουσι
406 1681 447 1749 ἐς
443 1684 570 1756 Αθηνας
584 1692 676 1753 Quare
684 1708 745 1758 pro

202 1759 268 1810 bare
287 1776 411 1826 nequeo,
433 1762 506 1826 quod
517 1759 711 1814 Scholdererl
726 1762 743 1812 l.

202 1844 265 1895 pag.
284 1831 328 1880 50.
352 1829 383 1881 el
410 1846 443 1882 ex
462 1831 597 1881 Herodoti
622 1832 682 1883 loco
704 1833 745 1881 ait

202 1900 350 1950 manifesto
374 1906 484 1964 patere,
507 1900 546 1952 bis
561 1900 744 1983 ’Gephyraeos

203 1969 340 2020 domicilio
353 1969 511 2048 reliquisse,
525 1970 602 2035 prius
617 1972 652 2020 ab
667 1972 745 2036 Argi-

203 2038 260 2100 vis,
272 2039 370 2089 deinde
386 2033 528 2103 (δεύτερα)
541 2055 559 2089 a
572 2042 685 2092 Boeotis
700 2056 745 2092 cx-

201 2107 308 2173 pulsos:
331 2124 392 2158 num
406 2109 488 2158 semel
507 2114 613 2160 tautum
627 2125 644 2159 a
657 2111 744 2161 Boeo·

202 2180 238 2226 tis
250 2177 342 2243 pulsos
355 2193 416 2230 esse
427 2179 644 2230 sedibusNoster
654 2179 744 2230 decla-

201 2252 246 2297 rat
263 2248 343 2313 idque
358 2249 460 2300 factum
475 2264 535 2301 esse
551 2255 615 2316 post
633 2250 745 2301 (ladme-

202 2332 233 2367 οι
247 2317 281 2367 ab
291 2319 399 2384 Argivis
409 2321 520 2370 eiectos
544 2322 604 2371 Vox
617 2314 744 2399 decerpe,

201 2403 271 2454 quac
292 2389 438 2454 respondet
454 2388 627 2440 antecedenti
645 2383 744 2452 πρότε-

203 2471 269 2523 ρον,
289 2461 419 2525 temporie
431 2460 494 2510 inde
509 2461 625 2510 assumit
643 2459 744 2525 signiti-

796 938 855 973 mus
870 937 954 988 supra
971 925 998 971 in
1010 927 1067 973 not.
1079 921 1159 984 adl,
1176 922 1220 970 eu.
1239 936 1265 985 p.
1281 921 1344 969 ltu.

796 993 963 1057 Add.Viger.
978 1009 1004 1058 p.
1017 992 1134 1056 dliseq.
1150 996 1188 1054 et,
1203 992 1249 1054 qui
1261 988 1345 1053 plura

797 1062 890 1125 dabit,
920 1061 1108 1127 Wyttenhaeh.
1139 1059 1174 1109 ad
1198 1058 1341 1109 Plutarch.

796 1134 865 1182 Mor.
880 1133 901 1183 1.
925 1148 987 1197 pag.
1005 1132 1066 1181 ude.
1091 1130 1162 1180 Nam
1179 1129 1261 1179 certis
1278 1136 1343 1177 tan-

796 1208 854 1252 tum
870 1203 920 1252 sub
933 1201 1137 1252 conditionibus
1150 1200 1178 1248 in
1197 1199 1343 1249 civitatem

796 1269 1344 1338 GephyrneosrecepernutAthenienses,

796 1343 1001 1393 communicetis
1025 1340 1134 1407 quidem
1148 1340 1283 1405 plerisque
1298 1340 1347 1388 iu·

795 1412 871 1463 ribus
896 1419 924 1462 et
942 1412 1039 1477 paneis
1059 1414 1164 1460 tantum
1185 1409 1273 1473 iisqne
1293 1409 1346 1459 vix

796 1488 947 1533 memoratu
958 1482 1050 1547 dignis
1059 1480 1189 1544 exceptis.
1204 1480 1283 1528 Hune
1293 1493 1345 1527 ve·

796 1568 826 1602 ro
840 1552 991 1603 Herodotei
1006 1551 1060 1601 loci
1071 1565 1179 1600 sensum
1190 1561 1259 1613 esse,
1272 1547 1344 1597 mihi

796 1622 987 1673 certedubium
995 1636 1049 1672 non
1059 1625 1115 1670 est:
1125 1620 1171 1670 rix
1180 1619 1250 1669 enim
1263 1618 1345 1684 quis-

796 1708 876 1758 quam
886 1693 939 1742 sibi
948 1690 1112 1757 pessundere
1119 1690 1228 1754 poterit,
1235 1689 1345 1738 Aristo·

796 1764 918 1828 gitonem
933 1769 1016 1827 atque
1029 1759 1222 1821 Harmodium,
1235 1759 1281 1823 qui
1296 1764 1343 1821 ty-

796 1848 882 1883 ranno
897 1833 1043 1882 interfecto
1060 1829 1216 1880 libertatem
1227 1828 1344 1880 restitu-

796 1918 851 1954 isse
864 1901 1076 1953 Atheniensibus
1089 1899 1250 1951 dicebantur
1269 1898 1342 1962 (vid.

796 1978 864 2024 nott.
879 1972 915 2023 nd
929 1986 991 2037 cap.
1005 1970 1051 2033 55)
1063 1978 1223 2035 tantumque
1234 1967 1344 2033 gloriae

795 2042 859 2093 inde
875 2041 971 2107 adepti
986 2046 1062 2103 sunt,
1083 2055 1100 2089 a
1117 2039 1271 2105 praecipuis
1287 2041 1343 2087 aut

794 2111 932 2177 plerisque
949 2112 1072 2161 civitatis
1089 2110 1194 2160 iuribus
1213 2107 1344 2159 exclusos

795 2182 894 2242 luisse,
908 2182 1007 2247 quibus
1022 2196 1055 2230 ea
1068 2195 1150 2245 gens,
1166 2195 1199 2230 ex
1211 2193 1265 2244 qua
1284 2179 1342 2227 orti

795 2258 883 2314 crant,
897 2252 1026 2302 caruerit.
1053 2251 1172 2330 ltaque'
1164 2266 1194 2300 ιιι
1205 2247 1343 2299 Herodoti

794 2323 884 2373 verbis
895 2322 1020 2373 voculam
1034 2311 1068 2368 ed
1086 2325 1151 2370 ante
1169 2315 1282 2367 πολλῶν
1296 2316 1342 2366 τὲ-

796 2406 836 2440 ων
869 2391 1004 2443 excidisse
1036 2396 1133 2454 sponte
1161 2387 1343 2453 intelligiturs

795 2462 866 2528 qnod
877 2462 947 2513 idem
957 2461 1043 2513 bene
1036 2475 1089 2509 ram
1099 2460 1169 2509 vidit
1178 2459 1279 2509 Meter·
1294 2458 1341 2509 De

201 2528 338 2580 cntionem
351 2529 463 2597 (postea)
480 2530 604 2596 idemque
616 2529 691 2582 valet
702 2536 745 2581 at·
794 2532 911 2597 gentilit.
922 2546 985 2597 pag
996 2530 1032 2581 40
1044 2535 1101 2580 not
1127 2529 1195 2579 Inde
1211 2527 1340 2594 equidem

202 2614 255 2663 que
266 2613 385 2663 οστερον
396 2601 424 2649 in
441 2599 539 2663 altero,
558 2617 636 2666 quem
649 2601 742 2651 attuli-
794 2602 1021 2653 addidivoeulam
1036 2590 1080 2663 ori,
1098 2599 1146 2650 sed
1160 2599 1239 2649 uncis
1249 2597 1340 2647 inclu-

202 2684 271 2733 mus,
283 2670 377 2720 Nostri
389 2669 459 2720 loeo
487 2671 585 2721 Boeoti
597 2686 668 2722 enim
679 2675 745 2721 sunt
795 2688 869 2735 sam,
887 2669 1070 2721 eumaiibris
1087 2668 1341 2735 scriptisomnibus

200 2740 372 2804 intelligendi
384 2740 491 2803 Aeoles
506 2755 554 2805 qur
567 2757 596 2789 ιιι
607 2741 743 2792 Phthioti
793 2742 842 2792 illa
859 2742 944 2800 absit;
970 2739 1104 2791 Herodoti
1127 2744 1219 2789 autem
1237 2738 1340 2789 verba:

104 2845 111 2865 .
200 2809 243 2858 dis
269 2814 359 2860 tractu
382 2810 551 2859 meridionali
569 2810 743 2862 Thessaliae·
794 2803 829 2860 οὐ
854 2807 969 2861 πολλων
987 2806 1058 2859 τέων
1076 2804 1122 2858 καλ
1140 2802 1193 2858 οὐκ
1214 2800 1340 2871 dercon

201 2894 252 2943 que
265 2884 343 2943 parte
356 2879 527 2943 habitantes
543 2879 606 2930 hine
619 2883 710 2931 coacti
724 2897 742 2931 a
792 2876 887 2945 γητων
900 2873 1082 2941 πιταξαντες
1093 2872 1227 2961 ἔργεσθαι
1242 2878 1338 2943 (qnae.

200 2948 339 3000 l'hessnlis
353 2965 412 3000 eam
421 2964 518 3015 quae
529 2949 644 3013 posthae
656 2952 742 3002 Boeo
793 2952 894 3002 emissit
909 2968 949 3005 sc.
964 2950 1062 3000 voculd
1079 2964 1113 2998 ον
1120 2964 1242 3014 ,parum
1259 2956 1339 2998 recte

200 3018 257 3067 tiae
274 3035 372 3069 nomeu
393 3021 517 3084 aceepit,
534 3026 633 3070 terram
647 3025 741 3071 tenue-
792 3020 1039 3085 sicvulgoLatine
1054 3018 1181 3070 reddunt:
1211 3017 1338 3081 „etillos

199 3093 263 3137 runt
276 3089 371 3139 incolis
384 3089 464 3139 huius
484 3090 602 3154 regionis
615 3091 659 3140 vel
678 3092 741 3141 sub·
791 3098 954 3155 receperunt
971 3089 1151 3141 Athenienses
1173 3089 1225 3138 huc
1243 3089 1340 3139 condi-

200 3159 270 3208 sctis
287 3159 330 3208 vel
346 3160 453 3210 eiectis.
481 3159 542 3209 Vid.
563 3158 593 3211 0.
608 3159 639 3208 Ο.
653 3161 740 3210 Muel-
792 3163 879 3223 tione,
898 3166 928 3210 ut
948 3162 1023 3211 cives
1039 3166 1131 3211 essent
1144 3159 1339 3221 Athenienses,

200 3226 251 3278 ler·
270 3228 432 3279 Orchomen.
446 3243 472 3293 p.
487 3228 574 3279 391-
580 3229 640 3282 396.
673 3230 740 3281 Inde
792 3231 1000 3294 utrompluribus
1017 3239 1097 3281 tumen
1113 3244 1229 3280 necuere
1243 3229 1338 3294 dipsis,

199 3298 374 3364 (lephyreeos
391 3298 513 3350 Athenas
531 3299 647 3350 cessisse
670 3300 740 3350 idem
791 3317 855 3367 quae
865 3301 906 3350 liic
916 3309 1137 3362 comnremoreutur,
1145 3300 1241 3349 inritus
1251 3308 1339 3349 meru

198 3384 260 3433 pag.
281 3370 333 3420 »ltu
351 3371 430 3433 ponit
449 3383 521 3419 auno
536 3372 740 3435 septuagesimo
791 3369 1223 3436 exclusi‘)srcaeerpsvel1mut
1237 3368 1336 3418 iisdem

198 3444 261 3503 post
284 3439 397 3489 Troiam
418 3442 542 3504 captam
569 3441 740 3503 sexagesimo
790 3407 1337 3507 explicenturquodammodoverbninl

197 3508 382 3572 post'lroram
399 3509 515 3560 deletam
531 3525 604 3560 anno
622 3511 740 3562 Boeotos
791 3503 930 3575 §procur
956 3503 1089 3571 ἐδέξαντο
1113 3525 1138 3558 κ.
1159 3523 1182 3559 τ.
1205 3508 1229 3556 λ.
1251 3515 1335 3591 atque

198 3579 226 3627 in
241 3579 411 3628 Boeotiam'
403 3595 539 3644 ingressos
557 3596 616 3631 esse
637 3586 740 3632 statue·
790 3580 1003 3633 Athenienses
995 3597 1023 3630 ιιι
1046 3580 1188 3630 civitatem
1209 3578 1271 3629 illos
1292 3581 1335 3628 sic

198 3654 242 3697 rat
253 3648 382 3702 Lsrcher.
396 3651 464 3700 Tan.
479 3650 599 3701 chronol.
613 3666 675 3716 pag.
688 3652 738 3702 583
791 3652 927 3716 recepisse
951 3651 1091 3713 dicantur,
1119 3653 1150 3699 ut
1169 3650 1227 3698 illos
1243 3653 1336 3712 paucis

199 3733 221 3768 s.
236 3733 308 3769 anno
324 3720 390 3770 1210
403 3735 427 3770 a.
441 3720 503 3770 Chr.
518 3738 544 3771 n.
564 3720 632 3770 Add.
649 3721 738 3772 Beck:
789 3730 883 3771 centron
905 3719 1166 3786 quibusdemaer'midus
1184 3734 1230 3768 nee
1247 3734 1334 3768 irremo-

198 3787 429 3852 Weitgesehichte
440 3796 492 3841 ete.
508 3807 535 3857 p.
547 3790 608 3853 838,
621 3791 669 3841 ubi
681 3792 737 3843 vid
790 3801 851 3841 ruta
864 3792 945 3855 (liquis
957 3801 1084 3854 exemptos
1095 3791 1223 3839 coluerint
1241 3789 1334 3850 Quare

198 3857 292 3923 plura,
307 3859 434 3911 Fischer.
458 3860 564 3912 Griech.
589 3859 739 3912 Zeittateln
790 3862 863 3912 haud
887 3861 987 3926 probo,
1011 3860 1082 3926 quod
1102 3861 1144 3909 vir
1166 3859 1322 3920 doctus,C

197 3930 458 4117 Ριὲτρῖαῗιοντοέτί
415 3988 633 4065 ἰτίἎθηνέων]
672 4000 739 4051 Snu-
790 3894 1334 4067 qchleibpuginlpphpplilqieawqqibg‘thiqqqqga

197 4059 408 4121 croftiliberhr
413 4060 620 4135 Ἀθηναίους,
640 4070 738 4137 quode
792 4070 905 4119 πολλαν
919 4065 1115 4130 τέωνκτ.λ.,
1133 4069 1272 4134 inquibus
1288 4067 1333 4117 vel

197 4139 366 4191 correctione
378 4139 489 4191 duxisse
500 4141 616 4192 videtur.
630 4141 740 4224 Reliqui
790 4131 895 4206 ὀλίγων
908 4140 972 4224 (pro
982 4155 1020 4190 πο
1026 4138 1106 4203 trev)
1122 4140 1175 4201 legi
1188 4138 1260 4198 vult,
1278 4137 1332 4201 vel,

197 4199 371 4261 librivelin'
381 4200 648 4273 ’Aequatn'ovvell
617 4201 741 4274 π’-Αθη
792 4210 819 4260 rd
831 4212 928 4276 quod
921 4211 974 4276 ipsi
992 4209 1210 4292 praeterendum
1213 4209 1333 4269 videtur

197 4276 279 4343 νέων,
295 4279 376 4344 idque
389 4284 471 4331 recte
491 4282 560 4331 Nam
575 4280 696 4332 Athenas
710 4296 740 4331 se
790 4282 886 4331 scribi:
907 4274 1102 4330 noliensium
1116 4275 1164 4328 καλ
1177 4293 1230 4327 oen
1248 4270 1334 4326 α’να-

196 4355 404 4414 converterunt,
425 4351 453 4400 in
473 4366 553 4416 quam
568 4351 678 4413 urbem
695 4351 739 4402 vel
789 4345 982 4416 ξιαττηηήτων,
996 4366 1075 4416 quam
1089 4365 1193 4411 vocem
1208 4349 1273 4399 alibi
1287 4363 1333 4397 vix

197 4423 295 4471 cer'te
287 4437 314 4471 in
337 4422 416 4472 cuius
438 4421 568 4473 ditionem
589 4422 739 4487 reciperen·
789 4422 897 4473 obviam
907 4420 1159 4489 ‚analogittamen
1173 4434 1249 4469 vocis
1261 4434 1333 4467 αια

197 4496 242 4542 tur
252 4493 404 4559 civiumque
420 4493 524 4546 iuribus
535 4493 738 4546 fruerentnrae
789 4461 917 4559 §idioque
925 4492 1035 4559 probari
1044 4506 1125 4558 posse
1134 4494 1225 4558 putat.
1243 4490 1333 4553 Quae·
