2970 5128
523 375 701 443 Ennio.
723 375 778 442 VI.
798 388 842 443 ω.
1189 369 1250 442 289

127 560 288 625 τελευτᾶν.
333 561 621 644 Λακεδαιμονίους
646 554 685 625 δέ
708 551 786 634 τοδς
812 552 886 624 τότε
915 550 1030 634 ἐόντας
1056 556 1250 640 βουλεῦσαι,

126 655 202 728 κατὰ
215 656 319 748 νόμον
332 664 470 747 βασιλέα
489 663 558 728 τῶν
572 664 705 729 παίδων
717 656 776 728 τόν
790 660 1020 747 πρεσβύτερον
1033 655 1248 745 ποιήσασθαι.

125 761 182 832 οὐκ
202 753 249 831 όν
269 763 313 851 δη’
327 784 431 851 σφεας
452 770 555 851 ἔχειν,
576 759 735 851 ὁκότερον
756 765 916 847 ἕλωνται,
941 757 1026 830 ὥστε
1045 763 1102 830 καλ
1122 757 1249 849 ὁμοίων

123 868 174 935 καὶ
192 876 276 935 λσων
297 866 438 954 ἐόντων·
472 864 514 935 οὐ
535 869 746 955 δυναμένους
760 865 797 934 δέ
810 869 957 952 γνῶναι,
977 859 998 953 ἢ
1017 865 1073 959 καὶ
1093 861 1158 952 πρό
1171 863 1249 934 τού-

123 997 194 1054 του,
216 974 403 1059 ἐπειρωτᾶν
421 968 483 1059 τὴν
495 974 670 1040 τεκοῦσαν.
706 966 769 1056 τὴν
783 968 821 1038 δὲ
835 965 915 1038 οὐδὲ
930 964 1037 1056 αὐτὴν
1051 968 1156 1056 φέναι
1174 973 1248 1037 δια·

123 1072 311 1161 γινώσκειν·
341 1079 473 1144 εἰδυῖαν
494 1075 557 1163 μὲν
579 1076 635 1142 καὶ
647 1069 685 1142 τὸ
698 1073 804 1161 κόρτα
818 1075 930 1159 λέγειν
942 1076 1064 1158 ταῦτα,
1085 1073 1249 1161 βουλομέ-

121 1162 181 1265 νην
194 1177 248 1264 δέ,
267 1188 303 1247 εδ
313 1205 380 1258 κως
391 1175 573 1267 ἀμφότεροι
587 1184 741 1264 γενοίατο
752 1178 915 1264 βασιλέες.
961 1173 1044 1256 Τοὺς
1059 1167 1108 1245 όν
1122 1173 1164 1265 δὴ
1177 1183 1247 1245 Λα-

160 1374 406 1442 Λακεδαιμονίονς
439 1367 471 1426 δὲ
501 1372 568 1435 τοὺς
593 1369 657 1426 τότε
705 1376 734 1426 lli
748 1392 836 1442 neque
850 1380 946 1442 αριστι
959 1392 1046 1443 neque
1064 1377 1248 1427 necessarium

121 1437 220 1512 έόντας]
251 1446 386 1499 Consulto
401 1449 502 1498 Noster
517 1445 658 1497 addidisse
706 1447 823 1500 videtur.

121 1510 401 1574 sidetnrserbstoric
416 1512 478 1566 τότε
492 1508 601 1579 ἐόντας,
616 1517 657 1566 in·
751 1509 843 1579 ἥκαΙ
865 1510 922 1580 πρὸ
944 1506 1064 1579 τοότον]
1103 1516 1249 1581 Perspexit

121 1587 254 1637 diesturns
271 1588 400 1638 Lacones
417 1588 492 1638 viros
511 1586 573 1637 illos
585 1587 656 1636 Hsr-
706 1585 927 1651 Schweighaeus.
938 1584 991 1635 looi
1002 1585 1180 1636 sententiam:
1194 1584 1248 1635 Eos

121 1656 182 1709 culis
194 1657 283 1722 stirpe
297 1662 448 1722 prognatos
468 1658 527 1707 sive
541 1656 657 1722 Sparte·
705 1658 782 1719 enim,
798 1658 840 1705 nit
851 1654 1020 1719 Herodotus,
1036 1670 1089 1703 com
1104 1655 1152 1705 Ιιοο
1163 1655 1249 1719 δέμνια·

121 1741 173 1788 nos,
187 1740 245 1776 oum
256 1728 400 1777 Laconum
412 1742 509 1777 nomen
521 1726 603 1792 vulgo
616 1726 657 1776 la·
705 1741 778 1776 scere
789 1734 959 1788 sensionem,
975 1728 1015 1776 uel
1028 1733 1086 1775 tum
1101 1726 1142 1775 oei
1155 1727 1249 1775 etiam

120 1796 167 1846 tius
179 1802 272 1860 patost
285 1811 446 1862 omnesque,
461 1799 508 1862 qni
518 1800 657 1862 regionem

119 1866 274 1917 Laconicam
286 1867 421 1931 incolant,
436 1866 655 1930 comprehendat.

120 1931 260 2001 βουλεῦσαι
273 1935 304 1987 h.
317 1936 335 1987 Ι.
347 1936 423 1988 valet
435 1938 570 1987 statuisse:
587 1950 657 2002 quse

120 2006 194 2055 activi
208 2012 250 2057 est
264 2005 450 2072 significatio,
467 2007 613 2072 praecipue
628 2007 657 2055 in

121 2076 215 2126 soristo
233 2077 339 2141 primo;
357 2076 413 2126 vid.
429 2076 544 2127 Bredos.
565 2092 591 2140 p.
612 2076 655 2125 24.

120 2145 177 2194 Mox
191 2145 252 2197 dedi
271 2143 406 2212 βασιλέα,
440 2140 564 2209 ασιλέες,
578 2142 656 2212 βασι·

120 2208 176 2273 λέας
192 2231 241 2281 pro
256 2212 398 2282 βασιλῆα,
433 2211 547 2279 ασιλῆες
566 2221 594 2267 et
607 2211 657 2282 βα-

121 2282 218 2348 σιλῆας.
383 2292 386 2299 ’

149 2411 214 2473 dors
235 2417 283 2473 καλ
309 2413 419 2484 ὁμοίων
439 2416 487 2470 καὶ
505 2417 575 2470 ἴσων
597 2410 658 2471 έόν.

120 2489 178 2557 των]
205 2494 362 2557 Utrumque
377 2491 466 2559 iungit
482 2490 564 2542 simili
575 2491 655 2541 modo

120 2561 214 2612 Δολίοιο.
236 2564 270 2614 N.
292 2564 328 2612 A.
350 2562 408 2624 111,
433 2564 460 2625 Ι,
485 2561 655 2627 frequentius

120 2630 285 2697 Thucydides
309 2632 338 2680 in
362 2630 516 2682 foederibus
540 2630 655 2697 aliisque

120 2701 191 2752 rebus
201 2701 373 2753 solemnibus
388 2715 422 2751 oe
434 2700 550 2765 publiois
563 2702 598 2751 sd
610 2702 656 2751 tir-

120 2772 235 2822 mandam
247 2771 406 2823 sententias
417 2770 471 2819 vim
486 2785 519 2820 se
532 2776 656 2836 potestn-

121 2847 181 2891 tem:
198 2842 221 2902 1,
235 2843 279 2891 27.
297 2841 357 2893 145.
374 2839 421 2901 IV,
436 2839 494 2890 105.
507 2840 541 2903 V,
553 2841 597 2891 27.
611 2840 655 2891 59.

121 2909 157 2963 ill.
182 2911 242 2961 vii.
263 2926 339 2977 quoe
355 2914 517 2960 monuerunt
534 2910 655 2974 Lennep.

122 2979 151 3028 sd
162 2980 301 3031 Phalarid.
314 2981 404 3044 Epist.
421 2994 448 3043 p.
464 2977 516 3029 294
528 2983 555 3029 et
565 2978 655 3029 Kush-

122 3064 162 3100 uer
176 3051 209 3100 sd
220 3048 348 3114 Xenoph.
361 3048 527 3100 Memorobb.
540 3049 599 3111 111,
615 3049 654 3098 10.

122 3120 141 3180 Ι.
155 3120 197 3183 Ιθ,
215 3122 261 3185 qni
279 3125 427 3183 utrumque
446 3133 540 3169 vocem
559 3120 599 3169 sio
615 3118 655 3166 di-

121 3188 240 3254 stinguit,
262 3193 299 3240 nt
312 3184 375 3245 λ’σος
388 3187 424 3237 ed
437 3187 586 3252 perfectam
600 3203 655 3237 om-

121 3258 185 3308 nium
199 3261 323 3324 portium
343 3258 554 3323 aequalitatem,
576 3248 655 3321 δμοι-

706 1804 809 1846 antso
824 1795 895 1859 (cum
908 1794 966 1843 soil.
979 1793 1107 1859 puerulos
1117 1794 1250 1860 inspexis-

705 1871 767 1917 sent
788 1881 838 1916 neo
856 1881 903 1915 sos
921 1863 1053 1930 distingui
1068 1879 1150 1929 posse
1168 1862 1249 1914 intel-

706 1933 850 1999 lexissent)
869 1936 1040 1999 ι’κλτινσγαοιτ
1055 1942 1166 1985 matrem.
1191 1934 1248 1983 Its·

706 2020 758 2070 que
767 2006 866 2055 voenlu
876 1992 896 2067 ἢ
904 2018 957 2053 non
967 2005 1189 2069 comparativam,
1199 2002 1249 2055 sed

706 2074 899 2125 disiunctivam
911 2074 966 2124 vim
978 2073 1071 2135 habet,
1085 2089 1166 2139 quam
1179 2072 1249 2124 bens

706 2141 1249 2206 notavitKnehnerGr.Gr.§.747.not.3.

706 2211 1249 2278 CnmeodemSohweigh.etGoisi.maio-

705 2300 761 2334 rem
775 2283 856 2349 posui
865 2282 1068 2333 distinctionem
1080 2288 1143 2347 post
1159 2281 1249 2347 drayt-
1283 2300 1287 2305 ·

705 2345 840 2412 vidonem
853 2367 922 2417 quse
935 2356 1086 2417 sequuntur
1095 2352 1248 2403 verbosum

706 2420 957 2487 eodemSehweigh.
968 2420 1138 2473 ethrohsro
1153 2423 1193 2472 sio
1207 2422 1249 2472 in·

706 2498 872 2558 terpretsns:
887 2491 1013 2541 laseoero
1025 2487 1137 2556 (sorite)
1148 2507 1201 2541 eum
1210 2493 1249 2541 sli-

705 2553 1248 2627 orisse‚seienlemqnidsmquummooeirue(rd

705 2626 815 2695 κάρτα),
830 2631 895 2695 quid
909 2631 949 2680 rei
961 2636 1049 2692 esset,
1063 2631 1175 2696 quinem
1186 2630 1247 2684 soil.

706 2703 793 2752 maior
802 2706 874 2751 esset
886 2705 962 2761 natu,
972 2701 1020 2750 ssd
1029 2702 1174 2766 cupientem,
1183 2709 1211 2751 ut
1219 2717 1249 2751 τι·

705 2773 872 2837 terquefierst
883 2785 943 2820 rex.
955 2770 1055 2833 ltaque
1062 2767 1150 2819 ταῦτα
1159 2763 1249 2853 λέγειν

706 2842 741 2893 ad
758 2856 920 2907 praegressa
942 2830 1133 2905 (olidissimis
1156 2855 1248 2904 φαναι

706 2904 915 2975 διαγινώσκειν)
935 2913 1043 2975 spectat
1051 2926 1059 2969 ;
1097 2901 1129 2959 τδ
1160 2903 1250 2973 κάρτα

706 2982 747 3033 sie
781 2981 899 3045 positum
930 2980 1065 3045 reperitur
1095 2984 1249 3031 annotante

706 3049 965 3114 Schweighaeusero
988 3048 1017 3109 1,
1036 3049 1080 3100 71.
1111 3048 1170 3114 ΠΙ,
1188 3049 1247 3101 104.

707 3121 777 3183 Vll,
795 3120 835 3172 16.
861 3118 947 3169 Hisce
963 3117 1073 3181 addam,
1089 3133 1157 3184 quse
1170 3119 1206 3169 sd
1220 3119 1247 3168 h.

707 3189 726 3242 l.
746 3190 897 3253 adscripsit
908 3192 941 3238 Α.
961 3188 1111 3238 Matthiae:
1138 3190 1247 3253 „Roote

704 3257 858 3323 Schweigh.
876 3262 967 3308 monet
982 3258 1066 3308 verbs
1079 3254 1168 3323 λέγειν
1181 3255 1247 3308 ταῦ-

122 3340 147 3382 ος
159 3329 191 3378 sd
203 3328 413 3379 similitudinem
426 3331 542 3392 spectet.
563 3327 652 3378 Tuol.
704 3344 739 3378 τα
762 3344 816 3378 non
839 3328 956 3394 pendere
981 3343 995 3378 e
1022 3328 1106 3378 verbo
1135 3323 1248 3378 εἰδυῖαν

121 3396 231 3463 Thucyd.
246 3399 306 3461 Vl,
325 3398 371 3449 16:
398 3391 433 3446 τὰ
450 3394 498 3446 iou
513 3396 605 3461 νέμων
620 3390 654 3444 τὰ
706 3397 881 3465 (quamquem
898 3400 955 3448 noui
968 3396 1015 3447 lios
1032 3398 1133 3460 dicore,
1158 3399 1248 3449 idest

121 3458 197 3528 ὅμοια
214 3458 404 3528 όνταξιοότω.
441 3468 475 3517 ln
496 3467 652 3518 Herodoteo
701 3484 816 3531 possum,
834 3471 908 3517 reete
926 3466 1061 3518 diceretur
1078 3458 1145 3515 οἶδα
1162 3464 1247 3516 τοῦτο

121 3534 173 3587 loeo
181 3542 426 3604 utramqnevoeem
435 3537 512 3603 iungi
522 3537 556 3586 sd
566 3537 653 3601 ipssm
704 3532 809 3603 λέγειν,
830 3552 885 3587 non
903 3533 1017 3600 λέγων),
1042 3536 1091 3587 sed
1103 3536 1200 3587 referri
1213 3537 1248 3587 sd

122 3607 231 3660 notionis
249 3609 309 3660 vim
328 3607 479 3673 augendum
500 3622 577 3657 nemo
599 3620 655 3655 non
705 3606 872 3672 praecedens
900 3602 1004 3670 φέναι,
1034 3611 1065 3655 ut
1089 3605 1248 3656 Herodotus

121 3676 197 3741 ridet,
205 3679 355 3743 eodemque
365 3678 447 3727 etiarn
457 3682 584 3742 speetsre
598 3691 655 3726 ese·
705 3692 788 3743 saepe
806 3676 919 3742 repetit,
944 3691 1014 3742 quse
1033 3679 1249 3742 prseoessorsnt.

123 3742 175 3796 dem
187 3748 349 3813 particulam
359 3743 406 3795 καλ
418 3747 594 3812 duplicatam.
613 3747 655 3796 De
706 3747 786 3812 Seqq.
800 3739 977 3811 βουλομένην
995 3738 1026 3794 δέ
1041 3741 1071 3794 εἴ
1084 3759 1141 3802 κως
1156 3736 1249 3809 ἀμφό-

122 3828 181 3866 υοαο
196 3807 265 3868 dats
286 3818 326 3868 sio
349 3819 506 3882 praeposite
524 3815 654 3882 genitivis
705 3831 781 3879 τεροι
795 3813 924 3879 γενοίατο
938 3809 1062 3880 βασιλέες
1076 3814 1197 3867 breviter
1211 3814 1250 3865 di·

123 3884 244 3938 absolutis
257 3888 314 3941 vid.
328 3886 415 3936 sllots
430 3885 463 3936 sd
478 3887 532 3948 VI,
546 3887 590 3936 44.
621 3886 654 3935 In
707 3890 780 3937 otum
798 3901 849 3950 pro
872 3877 1049 3951 βουλομένην
1068 3876 1250 3950 ἀμφοτέρους

122 3954 212 4020 sorbis,
221 3973 293 4023 quae
303 3957 433 4008 continuo
445 3961 606 4022 sequuntur:
619 3946 653 4004 οὖ
705 3950 839 4021 γενέσθαι
852 3946 991 4019 βασιλέας,
1004 3950 1034 4003 si
1041 3968 1102 4011 πως
1111 3952 1195 4004 τοῦτο
1208 3953 1250 4020 γί-

124 4017 290 4088 δυναμένους
302 4019 333 4076 δὲ
345 4023 454 4090 γνῶναι
470 4024 500 4092 (i.
513 4040 536 4075 e.
547 4042 600 4075 υαω
614 4041 655 4075 oe·
705 4023 825 4091 yssodun
837 4016 988 4075 δόνακτο.“
1012 4025 1081 4074 Add.
1096 4025 1209 4075 eundem
1220 4024 1249 4073 in

124 4107 150 4141 ro
158 4094 201 4144 loc
211 4099 349 4163 intelligere
357 4112 407 4146 non
415 4103 530 4159 possent,
542 4100 603 4146 uter
615 4109 654 4144 se.
706 4097 752 4147 Gr.
768 4095 816 4148 Gr.
836 4097 862 4157 g.
878 4095 937 4147 531.
958 4098 1016 4145 not.
1032 4095 1048 4144 2
1066 4099 1095 4144 et
1107 4093 1250 4145 Sohseier.

123 4163 190 4225 prior
203 4166 285 4232 esset)
307 4165 378 4232 quod
391 4166 483 4216 Nober
495 4166 522 4215 in
535 4165 655 4214 Mnemo-
706 4165 741 4215 ed
755 4165 843 4229 Longi
854 4165 962 4215 Pastor.
980 4160 1045 4229 png.¹
1063 4162 1116 4215 ³34
1133 4164 1175 4215 ed.
1192 4163 1251 4215 Sei·

124 4247 177 4295 syn.
190 4235 240 4287 111.
256 4253 283 4302 p.
299 4235 352 4287 484
370 4234 425 4301 legi
437 4234 496 4285 vult
513 4231 655 4298 διαγνω-
706 4232 1250 4299 ler.‚qniapteeonisrtllerodoteaquae

125 4315 181 4367 ναι,
201 4320 260 4356 cum
280 4321 342 4356 mox
365 4307 498 4370 sequatur
522 4293 655 4368 διαγινω·
706 4305 833 4369 leguntur
846 4305 884 4365 V,
898 4303 947 4365 30,
960 4304 1009 4354 nbi
1020 4303 1056 4354 ei.
1071 4305 1142 4353 nott.
1159 4308 1187 4353 et
1202 4301 1250 4353 IX.

125 4375 280 4440 στειν,ηοοδ
292 4378 322 4427 in
331 4374 414 4425 simili
424 4390 454 4424 re
463 4390 571 4440 quoque
581 4375 657 4424 inve-
708 4375 750 4425 14.
776 4373 862 4425 Cobet
878 4373 907 4424 in
922 4376 1000 4424 Vsrr.
1013 4373 1104 4423 Leott.
1120 4385 1184 4436 pag.
1198 4369 1250 4421 286

126 4441 192 4492 nitur
204 4445 352 4496 sdhibitum
364 4445 426 4505 Vll,
439 4444 480 4496 10.
494 4447 518 4508 ἕ.
531 4445 556 4507 Ι,
569 4443 597 4494 id
609 4444 659 4493 mi·
706 4443 760 4509 legi
773 4443 835 4496 suit
847 4432 881 4493 οδ
896 4436 1072 4509 βουλομένην
1082 4429 1124 4505 δὲ,
1138 4455 1191 4506 quo
1201 4439 1251 4489 mi-

155 4548 315 4595 sssonor.
339 4551 389 4593 111.
1011 4526 1049 4587 ¹9
