2916 5130
240 391 504 455 EXCURSUS
527 391 575 452 111
598 391 663 453 Al)
687 386 940 451 Huaouuu.
963 388 1018 463 VI,
1046 397 1089 449 42.
1166 383 1228 446 809

465 832 785 911 EXOURSUS
812 834 872 908 ΙΙΙ

361 1005 436 1070 au
469 1004 782 1069 uuaouon.
815 1004 882 1086 vr,
914 1006 970 1067 ιι.

569 1179 763 1188 --..-.——-

153 1302 196 1357 De
211 1304 317 1357 ratione
335 1302 427 1356 tribuni
443 1300 540 1357 Ionum
555 1303 704 1358 ciuitatibus
722 1303 756 1357 ab
772 1302 949 1374 Artapherne
962 1300 1079 1372 impositi
1093 1314 1128 1354 uc
1145 1299 1178 1354 de

457 1403 529 1459 poce
542 1403 613 1459 ηιιιιο
626 1388 721 1459 fertur
738 1388 867 1444 Cimonis.

186 1556 382 1625 Artaphernem,
394 1556 518 1608 Sardium
531 1559 688 1626 praefectus
700 1577 722 1609 s.
737 1565 856 1627 satrapa,
871 1562 979 1626 praeter
991 1554 1051 1613 aiia,
1067 1571 1139 1623 quae
1152 1554 1234 1604 lones

97 1644 192 1695 facere
216 1642 300 1708 cogit,
316 1659 410 1693 eorurn
430 1650 520 1694 terras
537 1659 648 1712 ηιιοηιιο
668 1643 817 1694 secuudum
838 1657 1008 1711 parasangas
1025 1645 1107 1709 (quae
1122 1638 1236 1691 Persica

101 1733 148 1780 est
162 1742 292 1778 mensura
303 1727 418 1793 triginta
429 1726 617 1793 stadiorrnn*)
632 1744 759 1779 emensus
775 1746 836 1779 esse
849 1727 966 1792 dicitur3
982 1719 1053 1778 ιιατά
1070 1718 1105 1794 δὴ
1119 1717 1236 1784 τούτους

100 1811 176 1880 (scil.
193 1805 396 1879 παρασάγγας),
414 1810 505 1879 pergit
521 1812 679 1864 Herodotus
696 1812 713 1865 Ι.
729 1830 814 1881 surpra
830 1812 955 1875 laudato,
976 1804 1110 1879 μετρήσας
1130 1803 1236 1878 φόρους

98 1893 179 1961 ἔταξε
195 1890 347 1964 ἑκάστοισι,
363 1894 390 1948 οἳ
406 1889 476 1948 κατά
490 1890 582 1965 χώρην
596 1895 764 1950 διατελέουσι
785 1894 892 1967 ἔχοντες
906 1891 935 1950 la
953 1891 1053 1948 τούτου
1068 1897 1118 1948 rori
1133 1888 1235 1964 χρόνον

102 1976 318 2043 adsiduitatis
335 1977 394 2050 tut,
416 1975 453 2042 ὡς
470 1975 627 2051 ἐτάχθησαν
642 1977 669 2047 ἐξ
687 1977 892 2052 Ἆρταφέρνεος·
917 1975 1074 2050 ἐτάχθησαν
1089 1977 1118 2033 di
1140 1973 1238 2048 σχεδὸν

101 2061 175 2122 κατὰ
193 2062 227 2120 τά
241 2065 289 2119 καὶ
304 2062 438 2135 πρότερον
450 2063 534 2134 εἶχον,
550 2068 569 2118 i.
581 2086 604 2118 e.
617 2072 760 2122 secundant
776 2070 918 2139 busigitnr
929 2068 1127 2137 (parasangas)
1144 2069 1239 2119 Ιοιιιιιιι

103 2164 191 2208 terras
215 2154 347 2206 dimensus
369 2153 502 2206 constituit
517 2155 616 2205 tributa
638 2156 750 2225 singuiis
770 2153 945 2225 (solvenda),
972 2172 1040 2220 quae
1060 2171 1106 2206 suo
1127 2148 1238 2219 tocott)

103 2248 214 2292 manent
235 2240 268 2290 ab
285 2240 331 2291 uto
347 2239 409 2291 inda
428 2247 545 2307 tempore
559 2258 661 2308 semper
680 2245 772 2294 endem
786 2258 868 2308 usquc
883 2241 919 2291 ad
931 2257 1016 2291 ιιιοοιιι
1033 2241 1100 2292 adeo
1116 2246 1239 2301 aetatum,

105 2326 195 2394 prouti
212 2326 244 2375 ab
263 2326 431 2393 Artapherne
454 2324 598 2376 constituta
620 2334 697 2387 rant3
724 2328 866 2379 constituta
894 2332 981 2377 nutem
1009 2334 1086 2377 eram
1100 2331 1189 2392 serane
1204 2326 1240 2376 ud

105 2413 216 2463 eandem
233 2411 365 2462 rationem
382 2418 461 2475 atque
473 2409 547 2477 prius
561 2411 638 2462 ctiam
653 2429 708 2462 sese
721 2413 861 2463 laubabunt.

190 2493 347 2559 Tributurn,
360 2493 434 2564 quod
446 2493 472 2544 h.
483 2491 500 2543 Ι.
512 2492 666 2562 impositum
677 2495 719 2546 vei
733 2496 826 2564 potius
838 2494 1013 2546 distributum
1026 2494 1060 2545 ab
1069 2493 1240 2562 Artapherne

103 2580 216 2645 dieitur,
231 2578 285 2631 tale
301 2579 389 2630 fuisse
401 2577 552 2631 arbitratur
565 2576 804 2645 Heerenias***),
821 2580 900 2650 quate
916 2579 953 2645 id,
969 2579 1041 2648 quod
1056 2596 1129 2630 nurrc
1141 2576 1242 2629 vo'cant

105 2667 286 2733 bonitatum,
305 2663 378 2732 quod
394 2662 500 2714 scilicet
517 2680 570 2714 non
584 2665 717 2732 pecuniae
731 2666 833 2717 sumnia
849 2664 922 2717 certi
939 2665 1128 2729 contineatur,
1143 2663 1191 2715 sed
1208 2680 1240 2715 ex

103 2762 197 2805 terrae
221 2756 356 2817 proventu
381 2756 465 2816 atque
489 2747 645 2800 huiusmodi
674 2750 811 2802 reditibus
838 2751 976 2801 solvatur:
1001 2749 1081 2818 quate
1109 2749 1240 2800 tributum

105 2837 204 2905 atique
218 2832 333 2899 intelligi
348 2840 476 2902 putamus
492 2830 546 2884 aiio
561 2833 695 2885 Herodoti
710 2835 825 2901 iooo†)‚
848 2836 874 2887 in
891 2853 945 2904 quo
968 2835 1001 2886 de
1017 2833 1130 2885 Thasiis
1152 2851 1241 2885 serino

105 2923 139 2975 fit
150 2914 226 2975 ἐοῦσι
238 2919 352 2987 καρπῶν
363 2910 477 2984 uitiiset,
493 2917 511 2969 i.
522 2938 547 2971 e.
559 2918 723 2971 immunibus
736 2920 900 2972 tributorum
913 2937 1016 2987 eontra,
1032 2936 1102 2988 quae
1114 2934 1242 2986 agrorum

105 3012 243 3077 proventu
272 3022 296 3059 s.
323 3003 454 3071 frugibus
480 3003 637 3057 solvuntur.
680 3005 787 3057 Nostro
812 3013 900 3058 tumen
924 3005 983 3057 loco
1007 3005 1041 3057 de
1065 3001 1113 3055 tali
1136 3003 1241 3056 tributo

106 3089 226 3159 cogitari
240 3088 312 3140 haud
327 3088 443 3157 poterit:
462 3106 552 3157 neque
567 3090 675 3142 omnino
693 3090 736 3143 hic
759 3092 852 3159 agitur
866 3091 900 3142 de
918 3108 990 3143 novo
1006 3089 1122 3160 quodam
1138 3089 1242 3141 tributo

106 3177 142 3229 ab
162 3174 334 3244 Artapherne
358 3173 500 3241 imposito,
523 3175 573 3227 sed
596 3175 689 3244 potius
716 3176 749 3228 de
770 3195 802 3228 eo
825 3177 945 3243 tributo,
975 3175 1048 3246 quod
1071 3174 1173 3227 Darius
1195 3191 1243 3227 rex

106 3260 224 3313 Ionibus
246 3260 414 3328 imposuerat
428 3258 499 3327 (vid.
519 3260 652 3313 Herodot.
671 3260 890 3331 111,t)0seqq.),
906 3263 979 3314 inter
999 3258 1125 3328 singulae
1141 3259 1243 3312 iustius

107 3344 313 3413 dispertiendo:
335 3343 435 3397 etenim
450 3343 485 3395 ad
503 3344 530 3396 id
554 3345 642 3412 ipsunt
665 3363 768 3398 onrnern
784 3347 966 3417 Artaphernis
979 3363 1088 3416 opararn
1102 3352 1245 3414 spectasse

107 3430 255 3496 credimus,
274 3427 322 3498 qai
340 3427 429 3497 ipsum
445 3428 589 3497 tributum,
606 3432 687 3499 quate
703 3431 814 3485 aDario
832 3433 988 3484 institutum
1007 3436 1081 3497 erat,
1104 3429 1244 3499 haudqua-

109 3531 189 3586 quarn
214 3512 344 3578 mutavit,
369 3512 412 3565 rel
434 3514 560 3581 augendo
579 3514 623 3566 vel
644 3517 820 3570 diminuendo
842 3518 885 3585 (id
906 3517 978 3586 quod
996 3514 1131 3568 Herodoti
1151 3515 1245 3566 serbis

109 3618 196 3668 supra
211 3597 301 3650 allatis
319 3598 452 3651 declarari
468 3606 574 3667 putem:
595 3593 753 3672 ἐτάχθησαν
768 3598 798 3656 db
818 3599 859 3672 [οἷ
870 3597 966 3671 φόροι]
989 3593 1059 3654 κατὰ
1074 3593 1109 3653 τά
1128 3591 1199 3652 αὐτὰ
1211 3592 1246 3653 τά

110 3678 309 3754 καὶπρότερον
325 3679 427 3751 εἷχον)ι
443 3685 492 3736 sed
508 3686 629 3753 niodum,
652 3704 707 3757 quo
730 3688 862 3741 tributum
884 3685 951 3738 iilud
971 3685 1176 3755 perciperetur,
1201 3702 1246 3736 ac-

109 3771 234 3823 curatius
250 3768 400 3821 secundum
417 3769 456 3837 id,
474 3770 547 3839 quod
559 3788 715 3840 aequaruac
729 3774 832 3826 iustum
848 3779 900 3840 est,
915 3768 1060 3822 constituit
1073 3770 1112 3821 ita
1127 3769 1245 3839 quidem,

109 3862 149 3923 ut,
167 3854 241 3924 quod
255 3855 283 3906 in
300 3854 460 3906 universum
474 3862 551 3907 esset
566 3859 770 3925 praestandum,
784 3858 812 3910 id
824 3858 897 3909 inter
912 3854 1085 3923 singulorum
1098 3854 1247 3907 fundorum

109 3957 289 4011 possessores
305 3957 355 4008 pro
371 3939 518 3993 fundorum
535 3941 656 4010 ipsoram
671 3945 771 3996 arabitu
788 3942 1005 3995 distribueretur
1019 3946 1103 4012 atque
1119 3940 1156 4006 id,
1173 3940 1247 4009 qaod

109 4024 211 4093 cuique
228 4024 292 4077 inde
316 4030 393 4077 esset
407 4023 578 4095 solvendum,
595 4036 698 4081 cortun
709 4029 848 4097 fixamque
860 4033 983 4080 maneret
994 4026 1022 4078 in
1040 4043 1118 4078 omne
1129 4032 1247 4094 tempus,

181 4258 208 4324 *)
220 4259 275 4310 riu.
289 4266 359 4313 nott.
377 4262 412 4312 ad
424 4261 557 4313 Herodot.
570 4262 609 4325 ΙΙ,
626 4263 651 4314 a.

180 4329 229 4393 **),
243 4323 315 4379 κατὰ
329 4323 438 4396 χάρηνς
452 4332 509 4382 vid.
523 4334 625 4386 Herod.
641 4333 694 4395 ΙΙΙ,
709 4333 767 4385 135.
783 4333 831 4396 IV,
847 4332 896 4384 135
908 4332 1001 4398 ibique
1010 4336 1080 4383 nott.
1170 4358 1173 4363 >

179 4399 242 4459 ***)
256 4400 338 4451 Idaea
351 4404 375 4463 1,
389 4404 412 4453 Ι.
427 4418 489 4469 pag.
505 4402 565 4453 496.

180 4468 210 4535 †)
223 4471 271 4534 VI,
286 4470 320 4521 46
332 4471 377 4525 tin.
388 4510 395 4536 ,
407 4473 454 4523 ubi
469 4473 525 4523 vid.
537 4478 606 4524 nott.
622 4487 685 4538 pag.
696 4469 756 4522 283.
