3008 5128
244 373 303 438 118

672 371 938 451 unuonorr

242 553 491 642 invaduntque,
518 545 711 653 roinf'lorvos
733 526 879 637 sartho,
904 549 1082 630 Γελέοντος
1105 548 1160 618 καὶ
1179 544 1362 637 Αἰγικόρεος

243 757 352 810 Atticae
388 754 513 808 civitatis
545 752 676 815 tribubus,
715 767 785 818 quae

244 828 362 880 omnium
391 826 505 877 lonicae
539 824 632 895 stirpis
665 825 785 890 gentium

243 911 400 950 communes
425 911 458 946 sc
485 896 613 962 propriae
638 894 725 946 luisse
744 894 785 945 ri·

244 968 342 1019 deutur
368 965 434 1031 (rid.
457 965 560 1019 Herod.
579 967 617 1028 V,
640 963 675 1015 69
694 965 786 1029 ibique

244 1035 327 1102 nott.)
350 1050 502 1101 nomenque
523 1051 601 1085 sunm
619 1034 733 1087 Athenis
750 1033 785 1084 ab

245 1108 319 1160 Iouis
334 1105 396 1156 tiliis
409 1107 549 1170 accepisse
567 1105 709 1165 dicuntur,
729 1103 785 1154 sid.

246 1192 316 1244 quae
334 1191 349 1226 e
365 1177 485 1227 virorum
505 1175 646 1226 doctorum
660 1174 788 1240 disquisi-

245 1247 368 1298 tionibus
378 1245 495 1297 collecta
510 1246 623 1310 praebet
634 1245 663 1295 C.
675 1245 706 1294 F.
719 1245 788 1295 Her-

244 1326 341 1368 tnann:
361 1315 469 1367 Griech.
487 1314 693 1367 Staatsaltorth.
707 1318 731 1379 ξ.
745 1313 788 1366 94.

246 1387 355 1437 Etenim
384 1386 623 1451 antiquissimam,
657 1389 789 1450 quantum

247 1462 320 1508 certe
331 1456 471 1517 novimus,
489 1456 599 1507 Atticae
613 1455 735 1506 civitatis
751 1454 790 1504 di·

246 1527 379 1578 visionem
389 1525 440 1577 hae
450 1531 580 1591 quattuor
591 1525 679 1576 tribus
689 1524 791 1576 consti·

248 1602 345 1660 tuunt,
360 1595 512 1646 naturalem
524 1611 558 1646 ac
570 1596 735 1661 primitivam
750 1593 790 1644 di·

247 1668 340 1730 xeris,
366 1682 436 1732 quas
453 1666 533 1715 varia
553 1667 627 1716 vitae
645 1680 746 1731 genera
762 1667 791 1715 et

249 1737 447 1798 occupationes
460 1735 666 1801 complectitur,
687 1736 715 1785 in
731 1734 790 1800 qui·

248 1807 299 1857 bus
316 1805 387 1856 lilius
406 1806 563 1872 plerumque
579 1809 682 1870 patrem
700 1804 790 1869 sequi·

248 1881 310 1938 tur,
330 1891 418 1940 neque
437 1891 501 1927 vero
515 1891 547 1925 ea
567 1874 626 1939 lege
640 1874 789 1924 adstrictus

249 1951 308 2007 est,
328 1960 408 2010 quarn
422 1947 451 1995 in
462 1945 657 2011 Aegyptiorum
670 1950 698 1994 et
710 1943 790 1994 ludo·

248 2031 307 2065 rum
318 2014 417 2078 castis,
434 2030 502 2079 quas
516 2019 630 2078 vocent,
643 2013 734 2065 valere
745 2029 792 2063 no-

249 2086 353 2145 vimus,
366 2089 397 2134 ut
406 2084 493 2149 patris
505 2084 641 2149 negotium
652 2099 685 2134 ae
695 2098 793 2134 munus

250 2156 405 2206 necessario
417 2154 499 2204 tilium
511 2155 587 2218 sequi
600 2158 735 2219 oporteat,
744 2152 791 2205 sed

248 2224 334 2275 libere
345 2222 446 2287 eligere
457 2223 542 2274 eidem
552 2222 634 2274 liceat
644 2222 717 2273 aliud
728 2238 794 2288 quo·

251 2309 317 2359 que,
338 2308 500 2359 quamquam
516 2293 543 2343 id
557 2294 646 2343 rarius
658 2300 732 2343 certe
746 2309 793 2358 per

250 2364 297 2415 illa
313 2369 437 2428 tempora
453 2363 556 2414 iactum
572 2379 632 2414 esse
654 2365 794 2414 existima-

251 2449 325 2495 mus,
350 2434 448 2499 quibus
465 2449 498 2483 ex
516 2434 713 2485 consuetudine
728 2448 793 2499 que·

250 2504 312 2556 dam
327 2503 517 2554 innatatilium
532 2505 619 2568 patris
630 2504 793 2570 negotiace-

251 2590 362 2641 passere
374 2578 586 2624 consentaneum
599 2580 666 2626 erat.
695 2573 793 2639 Itaque

250 2660 343 2695 omnes
354 2644 461 2694 Atticos
470 2643 592 2694 homines
602 2660 649 2709 per
661 2648 792 2708 quattuor

250 2713 332 2765 hasce
347 2713 436 2762 tribus
457 2713 603 2764 secundum
620 2714 694 2763 vitae
707 2728 793 2777 genus

251 2789 279 2833 et
292 2799 338 2847 pro
349 2782 516 2846 negotiorum
529 2783 689 2835 diversitate
702 2784 793 2834 distri-

250 2854 331 2902 butos
352 2852 437 2903 fuisse
454 2853 597 2904 credimus.
633 2853 675 2902 De
694 2853 792 2918 quibus

251 2921 364 2986 singulis
374 2935 459 2986 aeque
474 2938 507 2973 ac
519 2921 551 2972 de
566 2923 734 2986 singularum
748 2923 794 2972 tri·

251 2993 333 3041 buum
353 2992 471 3055 negotiis
488 2993 517 3041 in
537 2992 661 3041 Exenrsu
684 2991 759 3042 adh.
773 2990 791 3041 l.

251 3061 458 3124 disputavimus,
471 3076 521 3112 nec
534 3060 612 3126 plura
626 3061 740 3112 adhunc
754 3061 794 3111 lo·

252 3145 312 3180 cum
323 3130 492 3194 proferemus
501 3131 535 3180 de
541 3131 675 3193 pirantis,
687 3128 715 3180 iu
725 3145 794 3193 quas

252 3198 793 3264 divisaeluerinttribus,aliisquerebus

250 3269 304 3320 huo
315 3270 520 3333 spectantibus,
535 3284 606 3333 quae
615 3270 649 3318 ad
659 3270 793 3321 Herodoti

250 3338 339 3389 locum
347 3338 539 3389 illustrandum
546 3339 634 3391 minus
644 3340 792 3404 pertinent:

252 3410 532 3474 quaeramuspotius,
548 3409 611 3473 quid
623 3408 732 3460 consilii
744 3409 794 3460 ha·

252 3479 342 3530 buerit
355 3477 523 3542 Clisthenes,
547 3478 647 3543 quidve
662 3481 794 3544 spectarit

252 3548 375 3609 omnino,
395 3564 456 3598 curu
472 3553 602 3613 quattuor
616 3550 735 3614 antiquis
748 3549 794 3598 tri·

251 3618 341 3669 bubus
352 3617 493 3669 dissolutis
504 3618 595 3668 decem
606 3635 692 3669 novas
708 3619 795 3669 tribus

252 3688 433 3739 constitueret
453 3704 553 3753 easque
572 3704 632 3738 cum
648 3689 734 3739 deruis
755 3690 795 3737 ita

252 3759 443 3823 coniungeret,
475 3764 507 3808 ut
530 3757 644 3823 siugulis
669 3758 795 3809 tribubus

252 3833 355 3879 certum
378 3827 516 3878 demorum
533 3843 675 3878 numerum
694 3828 796 3879 adscri-

252 3897 344 3959 beret,
362 3896 455 3947 demos
473 3897 557 3963 igitur
570 3914 663 3948 omues
679 3913 725 3963 per
741 3900 797 3948 ein·

253 3965 332 4033 gulas
344 3966 433 4017 tribus
447 3966 633 4018 distribueret.
662 3968 738 4018 Inter
750 3984 797 4019 ve-

252 4043 324 4087 teres
335 4036 389 4086 iam
399 4036 560 4088 Aristoteles
571 4037 696 4088 Politice.
707 4038 758 4099 ΙΙΙ,
771 4037 794 4092 1.

253 4106 307 4169 VI,
320 4107 346 4157 2.
362 4109 387 4170 5.
407 4106 435 4157 ll
452 4105 604 4172 (Schneid.)
619 4106 690 4158 hanc
703 4110 793 4174 reipu-

252 4174 342 4228 blicae
358 4178 554 4239 mutationem,
577 4192 647 4241 quae
667 4178 695 4228 in
710 4184 792 4229 aucto

253 4244 394 4310 phylarum
413 4246 540 4297 consistit
558 4262 685 4308 numero,
707 4248 742 4297 ad
760 4263 792 4298 ea

254 4317 352 4376 refert,
371 4315 468 4381 quibus
483 4316 638 4380 respublica
653 4318 740 4383 magis
757 4318 792 4368 ad

253 4383 383 4451 populare
397 4385 556 4437 detrudatur
568 4387 722 4451 imperium:
749 4388 794 4438 cui

254 4455 361 4507 scilicet
378 4458 540 4522 conveniet,
558 4461 590 4508 ut
604 4458 740 4522 prioribus
754 4459 794 4509 ci·

834 755 908 806 vium
930 749 1066 805 classibus
1092 750 1190 803 solatis
1211 763 1300 802 omnes
1315 765 1364 801 om·

836 827 910 875 nium
930 823 1052 890 gentium
1067 822 1142 873 cives
1158 835 1240 887 quam
1259 822 1365 870 maxime

836 895 1051 961 permisceantur
1075 906 1126 942 nee
1152 897 1210 942 tam
1232 896 1290 941 arto
1314 892 1365 941 rin-

836 965 898 1017 culo
920 963 1021 1030 singuli
1042 978 1103 1013 cum
1124 961 1238 1025 siugulis
1259 962 1366 1026 amplius

836 1038 1042 1086 connectantur.
1076 1033 1145 1082 Nam
1159 1031 1267 1082 ridetur
1281 1033 1367 1098 utique

837 1106 889 1157 hoc
907 1109 1049 1170 spectasse
1066 1100 1237 1163 Clisthenes,
1257 1105 1287 1151 ut
1303 1102 1367 1151 omni

838 1174 1006 1241 reipublicae
1048 1170 1233 1236 descriptione
1270 1176 1367 1222 mutata

839 1244 1013 1311 optimatium
1037 1246 1121 1307 atque
1143 1241 1273 1292 nobilium
1300 1250 1369 1307 pote·

840 1320 898 1368 stas
911 1315 1084 1379 frangeretur
1093 1326 1127 1361 ac
1139 1312 1227 1376 magis
1238 1313 1369 1378 magisque

839 1386 1040 1437 deminueretur
1048 1397 1090 1443 eo,
1103 1380 1175 1446 quod
1185 1383 1234 1447 qni
1245 1395 1291 1446 per
1300 1387 1370 1447 quat·

840 1462 903 1507 tuor
924 1454 1011 1504 tribus
1036 1451 1100 1501 olim
1123 1450 1266 1503 distributi
1288 1454 1371 1504 meent

840 1525 960 1587 nobiles,
980 1521 1085 1573 viribus
1105 1522 1190 1586 igitur
1208 1522 1295 1588 magis
1312 1537 1370 1572 con·

840 1596 956 1656 iunctis,
972 1594 1025 1643 iam
1035 1590 1184 1657 perdecem
1194 1590 1371 1657 tribussparsi

841 1665 970 1716 minorem
989 1665 1017 1712 in
1035 1661 1152 1727 reliquos
1170 1662 1247 1712 cives
1267 1676 1371 1712 omnem·

840 1751 893 1801 que
912 1732 1107 1797 rempublicam
1125 1747 1254 1782 exercere
1270 1735 1372 1797 possent

840 1806 909 1867 vim,
929 1803 1015 1869 plebis
1032 1815 1098 1852 vero
1114 1807 1241 1865 potestas
1260 1802 1373 1867 aliquan-

839 1879 897 1924 tum
910 1876 1055 1939 augeretur
1063 1870 1107 1921 rei
1120 1872 1206 1936 magis
1218 1887 1296 1937 quam
1307 1871 1373 1924 eso·

840 1944 912 1996 louis
924 1944 1067 2002 instituto,
1085 1942 1133 2007 qui
1144 1948 1321 2007 temperatam
1333 1956 1374 1991 ro·

841 2013 931 2064 luerat
942 2011 1135 2076 rempublicam
1146 2018 1174 2062 ot
1182 2013 1305 2071 mixtam,
1318 2027 1375 2062 cou-

842 2085 958 2137 veniret.
995 2080 1104 2133 Etenim
1125 2082 1191 2132 bina
1213 2083 1375 2149 potissimum

844 2158 923 2217 sunt,
938 2168 1007 2219 quae
1018 2153 1046 2201 in
1059 2150 1111 2202 hac
1123 2156 1184 2202 tota
1196 2167 1229 2204 re
1239 2153 1375 2219 praecipue
1477 2182 1478 2213 ,

844 2223 994 2288 spectanda
1009 2220 1151 2272 ridentur:
1170 2221 1297 2284 alterum,
1311 2220 1375 2287 quod

844 2289 1376 2357 Clisthenesphylarumnumerumauxit

843 2364 888 2414 vel
897 2365 988 2428 potius
995 2367 1124 2428 quattuor
1132 2360 1376 2429 antiqnistribubus

843 2434 985 2485 dissolutis
997 2431 1089 2482 decem
1101 2447 1187 2482 noras
1200 2434 1320 2484 instituit
1334 2431 1377 2480 tri-

842 2504 908 2568 bus,
923 2502 1061 2567 inquibus
1075 2500 1191 2566 singulis
1208 2505 1296 2554 minor
1307 2501 1377 2551 nobi·

842 2573 910 2623 lium
927 2587 1053 2624 numerus
1069 2572 1211 2637 minorque
1223 2573 1377 2630 auctoritas,
1478 2574 1479 2625 ζ

843 2642 891 2693 sed
908 2643 995 2692 maior
1004 2641 1169 2707 reliquorum
1182 2644 1284 2695 civium
1298 2640 1379 2692 multi·
1478 2640 1479 2645 ’

843 2711 909 2763 tudo
920 2712 1060 2778 maiorque
1072 2712 1135 2762 inde
1151 2715 1292 2778 potentia,
1306 2725 1378 2776 pm·

844 2782 936 2832 scrtim
953 2782 977 2830 si
989 2796 1082 2831 verum
1097 2785 1152 2839 est,
1167 2784 1241 2848 quod
1255 2783 1379 2833 Aristote·
1442 2816 1446 2821 .

842 2851 883 2903 les
898 2852 980 2902 Polit.
995 2851 1054 2913 111,
1073 2852 1101 2910 1,
1122 2850 1154 2902 10
1171 2854 1282 2917 scribit,
1306 2852 1378 2901 testis

843 2923 912 2973 satis
935 2919 1070 2985 locuples,
1097 2920 1266 2975 Clisthenem
1286 2922 1378 2972 multos

845 2992 993 3056 inquilinos
1010 2995 1038 3040 et
1050 2990 1191 3042 libertinos
1204 2993 1233 3043 in
1245 2992 1379 3044 civitatem

845 3066 872 3112 et
883 3062 910 3111 iu
920 3075 1017 3120 novas,
1028 3075 1095 3125 quas
1108 3061 1239 3126 institnit,
1247 3063 1333 3113 tribus
1341 3076 1378 3110 ro·

845 3132 967 3195 cepisse3
986 3129 1115 3192 alterurn,
1136 3132 1208 3196 quod
1224 3132 1312 3199 phylis
1327 3144 1380 3180 aso

845 3201 984 3251 institutis
996 3198 1089 3250 demes
1104 3200 1245 3253 adiunxit:
1266 3201 1380 3267 quicum

843 3270 963 3320 locorum
985 3271 1119 3320 rationem
1142 3271 1224 3322 unice
1241 3285 1380 3337 sequeren-

844 3344 902 3402 tur,
924 3340 953 3388 id
970 3339 1095 3390 effectum
1110 3346 1164 3404 est,
1183 3346 1216 3392 ut
1233 3342 1281 3408 qni
1294 3340 1380 3392 eodem

843 3408 904 3459 loco
924 3409 1096 3473 habitarent,
1114 3411 1175 3462 iura
1191 3411 1302 3477 publica
1321 3424 1381 3476 quo·

844 3493 897 3544 qne
911 3480 1156 3542 communicarent,
1178 3481 1284 3532 nobiles
1301 3494 1381 3544 seque

845 3554 928 3613 atque
941 3548 1084 3614 ignobiles,
1096 3552 1196 3602 divites
1205 3566 1293 3617 seque
1305 3556 1381 3614 atque

845 3633 993 3684 pauperes,
1014 3623 1098 3684 atque
1114 3622 1252 3672 communi
1270 3619 1382 3687 quodam

844 3688 952 3738 viuculo
970 3689 1067 3739 iuriam
1082 3690 1202 3742 civitatis
1217 3692 1382 3742 contineren-

846 3762 899 3809 tur.
923 3759 1002 3821 Quod
1015 3761 1155 3825 sapienter
1168 3777 1185 3811 a
1195 3761 1333 3813 Clistheue
1345 3760 1382 3808 in·

845 3828 972 3878 stitutum
997 3844 1058 3879 csse
1084 3832 1177 3897 negari
1200 3832 1247 3882 vix
1275 3829 1381 3895 poterit,

846 3913 908 3948 cum
927 3899 967 3947 ita
984 3898 1145 3952 diversitate
1159 3901 1260 3952 civium
1277 3900 1382 3950 sublata

847 3982 941 4018 ornnes
966 3968 1042 4020 ciues
1069 3970 1166 4022 melius
1190 3971 1330 4021 coniuncti
1356 3969 1382 4016 in

847 4052 931 4087 unum
955 4040 1037 4103 quasi
1067 4056 1165 4106 corpus
1192 4039 1382 4098 coalescerent,

844 4108 1019 4172 omnibusque
1036 4108 1203 4161 factionibus
1220 4127 1253 4161 sc
1265 4108 1383 4161 dissidiis

844 4177 954 4227 obviam
969 4178 1062 4229 iretur.
1096 4180 1223 4240 Accedit,
1241 4179 1313 4245 quod
1326 4179 1383 4243 ipsa

843 4247 946 4296 civitas
960 4249 1052 4300 Attica
1069 4251 1253 4301 Pisistratidis
1272 4263 1382 4313 regnan·

844 4316 919 4366 tibus
938 4318 978 4367 ita
1002 4324 1085 4370 sucta
1106 4326 1167 4371 erat
1186 4326 1214 4371 et
1237 4319 1335 4385 opibus
1357 4320 1382 4366 et

844 4400 955 4438 numero
968 4388 1121 4454 hominnm,
1142 4392 1239 4456 quibus
1254 4388 1381 4451 antiquae

843 4462 973 4523 quattuor
997 4458 1095 4527 phylae
1117 4461 1242 4512 sufficere
1269 4456 1381 4524 amplias
