2986 5130
420 343 695 407 POLYMNIA.
721 346 791 405 Vll.
818 354 972 410 rso—let.
1199 345 1260 407 725

132 519 399 610 ἐπιβατεύοντος,
420 517 544 608 ἀνδρὸς
556 517 696 608 ἆρίστου
710 524 895 609 γενομένου
909 520 1033 608 ταύτην
1046 519 1107 609 την
1123 515 1259 609 ἡμέρην,

32 648 34 681 l
131 623 163 707 ὃς
179 623 295 713 ἐπειδη
315 619 436 713 ἡνηύς
455 619 627 713 ἡλίσκετο,
656 628 689 705 ἐς
703 630 802 694 τοῦτο
815 623 946 713 ἀντεῖχε
965 625 1166 713 μαχόμενος,
1188 627 1221 705 ἐς
1242 621 1260 695 ό

130 729 421 817 κατεκρεουργήθη
441 725 537 809 ἅπας.
575 725 619 809 οἱς
641 729 678 799 δὲ
703 726 816 799 πεσόν
835 726 897 799 ούκ
923 727 1091 816 ἀπέθανε,
1119 724 1194 797 ἄλλ’
1216 719 1260 817 ἦν

130 842 283 923 ἔμπνοος,
303 837 338 902 οί
349 834 494 919 Πέρσαι,
509 838 606 920 οἵπερ
621 832 825 921 ἐπεβάτευον
838 836 893 903 ἐπὶ
906 838 975 903 τῶν
987 837 1091 918 νεῶν,
1114 830 1163 902 δι’
1179 830 1257 920 ἄρε-

32 982 33 985 =
101 980 107 987 ·
130 935 267 1027 τὴντὴν
292 939 425 1005 ἐκείνου
452 941 670 1025 περιποιῆσαί
689 966 748 1024 μιν
768 939 845 1022 περὶ
871 945 1029 1007 πλείστου
1049 933 1258 1025 ἐποιήσαντο,

129 1041 295 1131 σμύρνῃσί
303 1067 338 1109 τε
354 1039 490 1128 ἐσόμενοι
504 1039 544 1109 τύ
558 1044 656 1109 ἕλκεα
671 1044 725 1110 καί
740 1041 894 1121 σινδόνος
908 1048 1072 1130 βυσσίνης
1092 1046 1258 1130 τελαμῶσι

129 1151 400 1223 κατειλίσσοντες.
435 1152 495 1213 καί
513 1172 591 1231 μιν,
619 1139 663 1224 οἱς
683 1141 789 1213 ὀπίσω
816 1141 976 1215 ἀπίκοντο
1002 1148 1035 1225 ἐς
1059 1144 1096 1214 τό
1123 1147 1259 1214 ἑωυτῶν

128 1245 367 1335 στρατόπεδον,
397 1250 641 1317 ἐπεδείκνυσαν
661 1249 920 1337 ἐκπαγλεόμενοι
941 1248 1030 1339 πόση
1050 1255 1091 1338 τῇ
1109 1253 1257 1335 στρατιῇ,

128 1354 339 1440 περιέποντες
354 1341 407 1420 rii·
431 1349 510 1431 τούς
528 1351 564 1421 δέ
585 1346 722 1436 ἄλλους,
738 1350 817 1433 τούς
831 1359 953 1440 ἐλαβον
967 1357 1004 1423 ἐν
1018 1358 1058 1440 τῇ
1072 1357 1132 1439 νηῒ
1142 1351 1256 1440 ταύτη,

127 1470 299 1544 περιεῖπον
314 1451 357 1534 ὥς
372 1452 579 1542 ἀνδράποδα.
613 1460 661 1524 At
671 1456 733 1544 μέν
747 1454 789 1544 δὴ
805 1457 867 1525 δύο
881 1462 948 1525 τῶν
961 1462 1050 1525 νεῶν
1065 1453 1153 1525 οὕτω
1170 1459 1252 1543 ἐχει-
1266 1462 1325 1526 182

31 1602 34 1648 4
127 1560 294 1648 ρόθησαν.
330 1555 351 1647 ἡ
373 1559 410 1627 δέ
431 1567 543 1646 τρίτη,
562 1563 620 1646 τῆς
639 1560 851 1647 ἐτριηράρχεε
871 1560 1018 1648 Φόρμος,
1047 1556 1132 1647 ύνὴρ
1151 1557 1252 1646 Ἀθη-

128 1681 233 1749 ναῑος,
255 1663 429 1750 φεύγουσα
450 1665 614 1745 ἐξοκέλλει
635 1666 668 1743 ἐς
688 1661 745 1744 τὰς
766 1661 904 1751 ἐσβολὰς
924 1668 985 1732 τοὺ
1000 1668 1162 1752 Πηνειοῦ·
1200 1663 1257 1730 καί

127 1837 284 1888 eldererbo
294 1824 470 1901 ἐπιβατεύειν
479 1837 664 1897 οο11.τδ1111,
716 1831 917 1900 παγλεόμενοι,
940 1839 1083 1901 politorum
1096 1850 1169 1885 more
1185 1834 1257 1885 dixit

128 1908 168 1958 tt.
199 1907 251 1957 Pro
266 1904 340 1970 vulg.
360 1904 431 1962 ναῦς
449 1922 510 1958 oum
527 1906 664 1968 Beklrero,
715 1923 764 1972 pro
780 1895 998 1969 ἐκπληττόμενοι
1012 1906 1255 1971 (stupentemdmi-

125 1976 247 2026 Dindori,
258 1979 285 2026 ot
294 1976 416 2030 Dietroh.
427 1976 490 2027 dedi
501 1974 580 2040 νηῦς,
592 1975 663 2041 quod
715 1982 812 2029 ratione
819 1974 951 2041 percolit),
967 1980 997 2027 ut
1007 1975 1085 2034 v111,
1095 1976 1138 2026 in.
1151 1976 1199 2038 lx,
1209 1976 1253 2026 48.

124 2046 254 2097 Herodoti
272 2060 360 2096 sermo
378 2047 500 2112 flegitet3
525 2047 579 2096 vid.
598 2048 663 2097 Bre·
713 2048 827 2108 Dioni-n.
848 2046 938 2097 Helio.
963 2047 997 2097 A.
1017 2046 1048 2095 R.
1067 2047 1096 2106 1,
1119 2045 1161 2095 ³2.
1183 2048 1208 2108 ξ.
1226 2047 1251 2094 4.

124 2117 185 2167 δον.
197 2132 223 2180 p.
237 2116 298 2167 260.
712 2116 795 2167 Hand
808 2117 916 2167 diverso
931 2131 1012 2166 renen
1025 2115 1123 2166 Noster
1136 2116 1192 2176 IX,
1204 2114 1253 2165 82:

30 2184 31 2199 ¹
162 2173 221 2242 tei*
232 2180 480 2248 κατεκρεουργήθη
498 2172 585 2250 ἅπας]
606 2172 663 2242 tot
712 2180 883 2249 ἐκπλαγέντα
901 2180 936 2235 τό
955 2184 1127 2247 προκείμενα
1145 2177 1254 2247 ἀγαθοί.

123 2255 303 2315 valadoira,
320 2256 385 2305 δατκ.
414 2254 475 2304 vid.
496 2261 565 2306 nott.
586 2253 621 2304 εδ
637 2255 660 2317 Ι,
712 2259 749 2308 Et
761 2257 796 2307 οί.
809 2271 916 2321 quoquo
926 2253 1076 2306 Blomfield.
1090 2257 1119 2305 in
1131 2255 1252 2306 Gloeear.

126 2324 375 2387 115.11,118.111,
392 2326 436 2375 48.
464 2324 549 2385 Quem
562 2325 662 2375 Noster
713 2324 1099 2391 edAesclryl.Cboiiph.2ll.
1123 2323 1252 2375 Alioelo·

122 2395 206 2455 vlu,
223 2395 257 2445 92
279 2393 348 2445 dicit
367 2388 577 2457 κατακοπέντα,
601 2409 661 2444 oum
713 2412 760 2446 eos
774 2395 1049 2461 suppeditabit'l'hee.
1062 2394 1251 2460 Ling.Grree.

121 2460 621 2527 1ι.λελικατακρεουργηθηναι,λε.
637 2467 661 2514 in
711 2467 764 2516 ΙΙΙ.
784 2481 809 2530 p.
830 2467 880 2516 512
898 2465 938 2516 ed.
955 2464 1095 2525 Diodori,
1111 2464 1157 2515 ubi
1168 2464 1251 2515 etiam

117 2536 204 2597 frusta
216 2535 337 2584 οοκοίικοι
347 2537 424 2584 veluti
431 2550 529 2584 earnem
539 2533 662 2583 dirlania-
711 2534 790 2600 plura
803 2535 836 2585 do
848 2550 914 2587 voce
924 2529 1071 2597 ἔκπαγλος,
1087 2550 1140 2599 qne
1152 2535 1252 2586 Homo-

121 2613 168 2654 ενοι
178 2619 249 2660 erre,-
260 2618 314 2667 quo
325 2604 418 2654 eodem
428 2603 511 2654 verbo
521 2601 584 2653 olirn
595 2617 661 2652 neue
711 2621 769 2656 τοττι
786 2621 863 2655 urum
881 2620 941 2655 esee
953 2609 1071 2654 constet.
1107 2606 1149 2656 De
1168 2605 1251 2655 verbo

123 2677 181 2725 erat
193 2674 319 2724 Xentlrur
332 2690 376 2738 ap.
391 2672 489 2722 Athen.
503 2674 542 2735 X,
556 2673 581 2725 3.
597 2687 660 2737 pag.
712 2672 856 2735 περιέπειν
869 2674 926 2724 dixi
939 2675 973 2724 ad
986 2676 1018 2737 V,
1035 2676 1046 2724 l
1064 2674 1137 2726 etde
1154 2674 1252 2725 νοοοΙι

121 2744 210 2795 4151).
224 2744 262 2807 (ρ.
271 2743 320 2795 185
331 2744 488 2808 fragmenti.
499 2742 606 2793 hirtorr.
618 2743 661 2793 ed.
711 2732 742 2794 εὖ
756 2745 785 2794 in
797 2743 928 2794 oluueulis
941 2746 1006 2808 poni
1019 2743 1103 2794 nolite
1114 2745 1169 2795 vid.
1180 2751 1249 2795 nott.

122 2813 260 2877 Creuzer.)
271 2813 396 2879 quodque
407 2814 489 2863 etiam
503 2828 535 2862 ex
547 2811 598 2862 hoo
608 2812 662 2862 He·
710 2813 744 2866 κδ
758 2815 797 2876 V,
810 2815 850 2869 27,

119 2883 210 2934 rodoti
219 2882 279 2933 loco
290 2883 369 2934 nti'ert
377 2884 492 2948 Longin.
501 2883 542 2932 De
552 2880 660 2932 sublim.

118 2969 179 3019 cop.
193 2953 244 3004 IX.
265 2969 287 3003 ε.
299 2954 342 3004 31.
378 2952 432 3003 Alii
449 2953 612 3018 scriptores,
630 2958 660 3002 ut

117 3024 152 3073 αδ
175 3022 201 3072 h.
219 3022 236 3073 1.
258 3024 406 3074 observant
428 3024 605 3088 interpretes,
631 3022 659 3071 in
859 2986 924 3038 ΟΠ·
945 2987 1105 3038 CLXXXII·

117 3093 270 3144 huiusmodi
305 3093 446 3143 lancinata
482 3084 659 3142 membroriun
744 3080 880 3151 ἐξοκέλλει
890 3085 918 3148 ἐς
929 3083 980 3145 τὰς
992 3081 1119 3157 ἐσβολὰς]
1134 3080 1251 3156 ἐσβολὰς

118 3163 238 3214 ieiunare
260 3164 374 3228 simplex
395 3162 576 3214 adhibuerunt
598 3176 659 3222 κρε-
709 3176 758 3226 pro
780 3161 854 3226 vulg.
875 3153 1007 3228 ἐμβολὰς,
1037 3161 1108 3227 quod
1131 3162 1251 3212 retinue-

120 3229 310 3296 ουργηδῆναι,
332 3235 421 3298 Atque
434 3234 493 3297 ipre
504 3230 659 3282 Herodotus
709 3238 774 3281 runt
786 3231 925 3290 Schneler,
938 3232 1072 3283 Matthiae
1083 3229 1250 3290 armenon,

117 3302 170 3365 111,
184 3302 298 3354 l3dixit
310 3296 377 3359 τούς
387 3291 492 3363 ἄνδρας
506 3316 659 3365 κρεουργη-
709 3301 771 3351 dedi
792 3317 852 3351 eum
873 3301 1091 3368 Schweighaeue.
1116 3308 1143 3350 et
1160 3299 1247 3353 Gaias.

117 3365 173 3420 δδν
186 3364 409 3435 διασπάσαντες,
428 3372 473 3421 ubi
490 3372 544 3421 virt.
558 3378 628 3424 nott.
710 3389 724 3421 e
744 3372 803 3421 cod.
820 3371 978 3422 Florentino
996 3372 1155 3437 duobusque
1171 3369 1248 3429 eliie;

154 3435 297 3509 σμύρνῃσί
307 3457 335 3492 τε
350 3434 465 3505 διόμενοι
476 3433 510 3489 τόι
524 3436 658 3506 ἓλκεα]Ε
710 3441 827 3492 Bekker.
850 3449 877 3491 et
898 3443 1024 3492 Diodori.
1051 3441 1197 3492 dederunt:
1221 3429 1250 3496 ἐς

115 3511 224 3563 dnobus
236 3512 314 3563 codd.
328 3529 388 3563 eum
402 3510 481 3561 Velle
495 3510 602 3562 Sclreel.
618 3526 659 3561 το-
709 3503 760 3566 τὰς
773 3502 787 3560 ἐ
792 3508 853 3575 κβο
863 3502 911 3568 iric
923 3509 974 3560 tori
985 3508 1125 3576 Πηνειοό;
1143 3509 1190 3560 σεδ
1203 3525 1249 3558 νο-

115 3590 230 3646 eepernt
244 3575 362 3646 σμύρνη.
386 3581 532 3643 vulgatum
543 3597 602 3630 oum
615 3597 658 3631 re·
710 3596 767 3631 cern
783 3571 897 3647 ἐσβολὰς
911 3582 980 3631 eatis
993 3587 1117 3641 tuentur,
1132 3595 1201 3646 quoe
1213 3579 1248 3628 ad

115 3651 203 3716 liquis
217 3653 292 3703 librir
303 3658 394 3703 tuetur
404 3651 504 3702 Surdas
513 3667 535 3701 ε.
545 3667 571 3701 v.
581 3650 658 3699 τελα-
711 3652 772 3710 VII,
785 3652 832 3700 173
843 3651 928 3702 allato
943 3658 1016 3701 eunt.
1043 3654 1099 3702 Neo
1110 3652 1197 3715 magis
1208 3664 1248 3699 re·

113 3718 357 3788 μὼν111.ρ.441.
389 3721 430 3772 λδ
444 3737 521 3786 seqq.
534 3720 590 3770 vid.
604 3721 658 3770 He·
709 3721 803 3785 cipere
821 3723 913 3787 potui,
942 3721 1013 3787 qnod
1032 3722 1142 3786 Sauppe
1158 3720 1248 3784 Epist.

114 3791 209 3842 rodot.
217 3792 255 3855 ΙΙ,
265 3792 312 3843 86:
326 3789 530 3841 κατειλίσσουσι
540 3787 600 3839 πᾶν
609 3785 659 3839 αδ·
708 3791 796 3843 critic.
809 3807 870 3856 pag.
885 3792 934 3841 1110
946 3790 1040 3856 refingi
1052 3790 1148 3840 maluit
1160 3779 1187 3845 ἐς
1198 3780 1248 3845 τὰς

112 3858 169 3911 τοῦ
182 3852 214 3910 τό
229 3859 307 3924 σῶμα
320 3855 454 3917 σινδόνος
466 3857 601 3926 βυσσίνης
616 3874 660 3908 τε·
709 3853 825 3926 ἐκβολὰς
836 3858 889 3910 τοῦ
902 3859 1053 3924 Πηλίου,
1067 3859 1175 3910 uthoee
1186 3858 1247 3908 inde

113 3929 224 3992 tapnim
237 3925 521 3995 κατατετμημένοισι,
538 3929 584 3980 ubi
601 3931 656 3980 vid.
708 3932 825 3982 exsistet
842 3932 992 3981 sententia:
1014 3932 1039 3980 ίπ
1054 3931 1249 3993 μτοπιοκιοκίνκι

111 4007 186 4052 nott.
208 4000 286 4063 Quod
296 4017 360 4052 vero
371 4002 491 4051 Heeren:
505 4000 588 4051 Ideen
596 3999 620 4061 1,
632 4000 657 4050 l.
707 4004 796 4053 moritis
806 4000 872 4050 Pelii
883 4002 968 4052 delata
979 4008 1017 4051 εει
1026 3998 1144 4066 (οονίε);
1161 4013 1248 4065 neque

112 4088 142 4137 p.
160 4071 208 4123 107
224 4070 275 4122 hoo
292 4089 324 4123 ox
336 4071 396 4122 loeo
412 4068 504 4136 colligi
517 4068 591 4130 vult,
603 4070 659 4120 sin·
708 4072 793 4133 enim,
812 4069 868 4120 elia
889 4076 920 4121 ut
939 4077 1058 4132 taceam,
1079 4068 1248 4134 persuadere

113 4142 203 4193 donee
221 4141 349 4207 byssinas
363 4142 446 4192 iniere
459 4145 550 4191 reetoe
566 4156 581 4190 ε
597 4156 657 4205 goe·
709 4141 775 4191 milri
789 4155 913 4204 poenum.
928 4132 1045 4206 ἐκβολὰς
1059 4140 1113 4190 dini
1126 4138 1159 4189 de
1172 4155 1247 4190 mon·

111 4213 198 4278 nypio
219 4210 377 4274 coniectas,
401 4212 471 4260 satir
489 4211 517 4259 in
533 4216 603 4260 nott.
623 4209 658 4258 κδ
709 4212 745 4260 tie
759 4210 882 4276 pertibus
893 4212 920 4260 in
933 4225 1006 4262 mare
1018 4208 1246 4276 prominentibus:

110 4282 355 4347 11‚86pr01·asso
370 4281 448 4332 nobie
465 4279 602 4337 videmur,
624 4278 658 4329 (le
709 4286 740 4330 tri
764 4281 822 4330 vid.
846 4295 917 4344 quae
942 4280 999 4330 dixi
1029 4281 1071 4330 in:
1103 4278 1247 4331 Heidelbb.

100 4340 202 4406 ,lr'nteir
214 4352 310 4402 fasciis
322 4353 402 4402 unice
416 4350 465 4400 hoo
482 4366 586 4416 quoque
597 4348 658 4400 loco
708 4350 825 4404 Jahrbb.
845 4351 921 4404 1841.
941 4366 1005 4415 pag.
1023 4351 1143 4414 7411εοη,
1182 4352 1247 4400 Ver-

54 4434 58 4445 ·
108 4422 235 4488 eogitari
253 4437 343 4486 poree.
381 4420 460 4483 Quod
480 4410 658 4487 seqnitnrlu-
708 4419 772 4470 burn
791 4411 946 4481 ἐξοκέλλειν
967 4420 1148 4482 δεπενδεντ,
1177 4435 1247 4485 queo
