2970 5128
187 406 247 471 298
619 406 886 469 HERODOTI

186 584 241 655 καὶ
261 584 298 653 ἐν
323 597 409 653 τοῖσι
436 577 641 670 induendos
666 586 846 671 προεδρίας
868 582 1071 672 ἐξαιρέτους·
1108 580 1165 650 καὶ
1186 582 1320 670 προξεί-

184 716 266 769 υους
284 684 528 758 ἀποδεικνύναι
541 685 689 757 τούτοισι
703 697 924 775 προσκείσθω
940 685 1019 769 τούς
1037 680 1081 757 ἆυ
1094 687 1238 754 ἐθέλωσι
1250 689 1322 754 τῶν

183 871 249 907 vcro
269 854 356 920 qualis
374 859 530 920 quantaque
551 853 634 904 fuerit
656 870 730 904 men·
779 854 858 907 Ocni.
869 854 1022 906 Meier2De
1034 853 1165 919 proxenia
1176 868 1204 918 p.
1215 851 1258 915 17,
1267 852 1321 902 Pc-

185 940 265 987 snra,
276 927 323 975 vix
333 925 449 976 dixeris:
467 926 612 975 Laconicae
622 939 728 974 mensu·
778 930 869 975 tarsen
884 925 919 975 ad
938 924 1056 976 Phaedri
1066 925 1176 989 Epicur.
1193 923 1319 988 fragma.

184 1011 231 1047 rae
243 1011 329 1061 genus
347 995 462 1059 intelligi
480 994 583 1044 indicat
605 993 727 1044 additum
777 994 913 1060 (Hambur
932 1032 939 1046 .
955 992 1033 1057 1833)
1046 1008 1110 1058 pag.
1123 993 1167 1045 32.

151 1066 155 1075 '
183 1057 370 1129 Λακωνικὴν,
386 1081 440 1129 qua
452 1079 519 1113 voce
529 1063 626 1113 addita
637 1063 728 1114 exclu-
799 1010 1321 1127 nolnpo{ec‘voocoinodeeancr'nuetori-

183 1136 257 1185 ditnr
271 1136 362 1185 Attica
372 1150 508 1195 mensura,
522 1132 617 1183 melius
630 1135 724 1199 utique
775 1146 848 1182 τοισι
872 1132 1074 1199 προσκεῖσθαι]
1092 1133 1234 1185 Mediceus
1257 1146 1319 1182 cum

173 1205 265 1255 -ncbis
281 1207 400 1269 cognita.
440 1205 551 1254 Atticae
572 1218 725 1267 mensurae,
774 1202 1033 1266 111111προ11εῖσθαι.
1064 1203 1119 1253 Sed
1134 1203 1204 1253 satis
1222 1200 1320 1267 vulga·

184 1290 254 1341 quae
282 1271 422 1339 peepncod
451 1274 560 1323 nomine
587 1273 725 1323 iudicatur
774 1280 830 1323 tam
842 1279 953 1324 tuentur
965 1264 1063 1324 bi⁰loci
1075 1273 1111 1322 ab
1126 1271 1187 1323 edd.
1200 1270 1282 1322 allati
1294 1274 1319 1334 I,

183 1347 355 1410 maximaque
368 1349 410 1393 est
424 1343 579 1405 fluidorum,
597 1348 724 1407 quartam
777 1344 835 1393 118.
856 1344 912 1394 1111.
934 1344 976 1406 11,
996 1343 1038 1394 83.
1055 1343 1123 1404 Vll,
1143 1341 1177 1393 35
1195 1342 1318 1406 itemque

183 1421 288 1479 partem
302 1416 326 1464 si
339 1413 522 1476 intellexeris,
537 1412 648 1462 nimium
663 1428 726 1478 pro·
773 1412 925 1463 Florentini
936 1413 999 1463 libri
1009 1413 1174 1463 auctoritas.
1191 1413 1318 1475 Namque

183 1485 256 1536 fecto
268 1484 331 1534 inde
345 1484 450 1549 prodit:
468 1498 530 1532 nam
542 1483 724 1532 exsistnutoi·
772 1482 926 1533 infinitivus
947 1475 1155 1531 ἀποδεικνύναι
1175 1481 1278 1546 pendet
1300 1496 1317 1531 a

180 1558 246 1621 picti
254 1553 297 1604 vel
310 1558 397 1619 nipinti
409 1562 528 1618 quattuor
540 1551 723 1618 „Scnoppen“,

182 1632 214 1675 ut
226 1641 275 1675 nos
286 1623 361 1690 loqui
375 1624 506 1675 solemus:
522 1623 564 1673 sin
574 1638 638 1673 vero
651 1622 725 1688 cogi·

182 1701 225 1747 tes
235 1696 269 1746 de
284 1710 318 1747 ea
333 1694 475 1744 fluidorum
487 1707 628 1755 mensura,
643 1707 723 1758 quam

182 1764 264 1831 vulgo
279 1770 381 1815 vocant
400 1758 547 1827 τέταρτον,
568 1766 724 1845 quarterium

183 1852 205 1885 s.
218 1840 343 1900 quartam
357 1837 461 1898 partem
477 1830 528 1881 τοῦ
545 1828 644 1893 ξεστου
664 1833 723 1884 sive

180 1907 292 1956 sectarii
303 1908 330 1955 et
343 1902 482 1953 dimidium
501 1899 552 1965 τῆς
564 1898 685 1965 κοτύλης
700 1918 722 1953 s.

180 1975 305 2033 ltenninne,
318 1988 388 2037 quae
403 1974 463 2036 ipsa
476 1978 503 2023 et
519 1972 659 2021 dimidium
671 1969 723 2021 τοῦ

181 2040 294 2104 ξὲοτου,
312 2058 405 2106 parum
415 2042 509 2106 utique
521 2042 584 2092 inde
595 2041 721 2104 efficitur,

181 2111 400 2178 qnandoquidem
417 2127 481 2160 nnnc
497 2110 554 2162 sere
576 2106 675 2174 ξέστης
697 2127 720 2161 s.

179 2184 312 2233 sectoriae
330 2182 370 2231 sic
389 2181 458 2231 11111
478 2186 580 2246 aequat
600 2185 721 2230 nostram

180 2266 350 2314 mensnram,
369 2266 440 2315 quae
455 2256 569 2301 vocatur
580 2250 721 2313 Sclcppen.

179 2322 240 2373 Vid.
253 2322 353 2371 Wurm.
370 2321 413 2371 De
428 2320 528 2385 pondd.
547 2326 612 2370 ratt.
628 2336 654 2385 p.
671 2320 720 2371 128

179 2407 254 2458 seqq.
266 2390 326 2441 coll.
340 2390 397 2440 141.
413 2390 470 2453 1⁶23,
483 2391 608 2441 Boeclrh:
621 2391 722 2441 Metro·

178 2460 402 2525 lopllntersuch.
414 2476 440 2525 p.
455 2460 486 2510 16
496 2476 572 2526 seqq.
583 2461 629 2512 281
644 2476 718 2527 seqq.

180 2533 334 2593 Medianas,
361 2532 471 2580 Atticus
495 2532 520 2581 si
539 2530 720 2594 intelligatur,

178 2600 402 2653 eodemll'urmio
412 2606 524 2653 auctore
535 2615 596 2666 pag.
607 2600 651 2651 131
663 2616 719 2666 seq.

179 2673 227 2722 141
239 2708 245 2735 ,
260 2687 307 2722 sex
319 2671 455 2721 continuit
465 2671 570 2721 modios
581 2672 719 2720 Romanos

179 2746 207 2791 ct
220 2742 349 2792 convenit
363 2756 422 2791 cum
442 2747 541 2791 octava
556 2746 634 2806 parte
648 2756 722 2791 men·

177 2827 257 2861 surae
268 2811 548 2879 Wpcrtembergicce,
564 2810 608 2860 cui
621 2826 720 2860 nomen

176 2882 300 2947 Scdeffel,
322 2881 375 2932 duo
393 2882 474 2931 Simri
490 2887 517 2931 et
535 2881 606 2946 quod
625 2895 719 2931 ercur·

176 2954 221 3013 rit,
233 2950 452 3016 complectentis.
470 2952 512 3002 De
522 2951 636 3000 choenice
648 2951 718 3001 idem

176 3022 281 3073 Wurm.
299 3020 316 3070 l.
336 3020 352 3069 l.
371 3036 434 3086 pag.
449 3021 507 3071 132.
544 3020 632 3084 Vulgo
653 3034 718 3085 qua-

176 3089 304 3155 draginta
317 3096 379 3139 octo
398 3090 543 3139 choenices
563 3104 645 3139 unum
662 3106 718 3140 me·

176 3160 296 3210 dimnum
311 3161 479 3210 constituere
494 3159 629 3208 dicuntur.

223 3225 376 3291 προεδρίας
402 3219 576 3292 ἐξαιρέτους]
607 3228 722 3289 praeci..

175 3314 257 3364 puam
272 3304 355 3362 atque
372 3315 389 3349 a
402 3297 513 3362 reliquie
529 3303 663 3348 secretam
676 3314 718 3348 re-

175 3385 223 3434 ges
238 3371 265 3419 in
280 3368 351 3418 ludis
367 3367 543 3433 accipiebant
564 3367 655 3420 sedem
669 3368 717 3418 ho-

176 3440 250 3489 noria
262 3454 354 3489 cansa.
379 3440 439 3500 Quo
449 3438 542 3488 eodem
552 3443 634 3502 pacto
645 3440 672 3487 in
685 3437 719 3487 li·

174 3509 247 3559 beris
266 3510 431 3558 Graecorum
458 3508 617 3559 civitatibus
642 3507 716 3558 band

175 3595 236 3628 raro
247 3570 301 3642 τὴν
312 3574 468 3640 προεδρίαν
484 3593 642 3629 concessam
655 3594 716 3629 esee

173 3648 288 3714 legimus
312 3652 362 3697 aut
387 3646 527 3697 ordinibus
553 3647 715 3710 quibusdem

174 3718 397 3769 eminentioribus
409 3722 457 3766 aut
470 3717 586 3780 singulis
603 3717 669 3766 viris
681 3717 715 3767 de

173 3788 314 3853 republica
328 3787 396 3836 bene
409 3787 513 3835 meritis
526 3791 553 3836 et
565 3786 616 3836 hoc
630 3785 715 3836 hono-

172 3859 210 3908 ris
224 3858 305 3907 titulo
322 3856 434 3906 ornatis.
462 3857 534 3905 Conf
558 3856 586 3915 I,
601 3856 634 3906 54
648 3856 713 3922 ibiq.

173 3932 243 3978 nott.
257 3927 423 3977 Addcitata
432 3941 449 3975 a
460 3926 490 3976 C.
498 3927 529 3975 F.
541 3927 713 3975 Hermanno:

172 3996 309 4051 Lehrbad.
323 3996 491 4047 Gricclrisch.
506 3996 710 4046 Staatsaltcrth.

173 4072 195 4131 ξ.
221 4068 277 4119 llil.
296 4070 353 4116 not.
374 4066 400 4119 o.
435 4067 468 4115 ln
487 4067 712 4130 inscriptionibus

174 4137 287 4189 Graecis
308 4136 530 4201 frequentissima
556 4138 657 4186 mentio
681 4136 712 4185 fit

173 4207 252 4258 huius
264 4204 433 4269 acccipiens,
454 4222 595 4271 quaecum
611 4202 712 4266 προξε-

172 4276 221 4345 νίᾳ
245 4277 356 4340 saepius
376 4278 523 4328 coniuncta
545 4292 651 4341 quoque
672 4292 713 4325 re-

172 4347 276 4413 peritur
296 4351 323 4396 et
343 4346 379 4396 ad
399 4362 491 4396 omnes
508 4345 587 4397 ludos
604 4345 711 4410 publice

772 1553 864 1603 verbis
883 1546 1009 1602 τούτοισι
1027 1550 1160 1617 (regibus)
1183 1551 1317 1612 προσκεῖ-

775 1621 857 1683 σθαι,
876 1623 946 1672 adeo
960 1628 991 1672 nt
1005 1621 1048 1672 his
1062 1622 1172 1687 regibus
1185 1621 1317 1670 tributum

774 1694 966 1743 mandatumve
983 1692 1020 1742 sit
1032 1691 1077 1742 ael
1089 1692 1126 1740 cd
1138 1693 1250 1755 ipsoram
1262 1707 1317 1740 mn·

773 1779 838 1812 nero
851 1764 1018 1824 pertinuerit,
1042 1762 1170 1811 nonnincre
1181 1775 1317 1823 proaence

773 1832 898 1883 ecinibna
918 1833 1218 1898 pnoscanpnecclnerint.
1243 1830 1317 1879 Atti·

772 1903 815 1965 git
825 1917 931 1968 quoque
939 1902 1097 1952 Herodctea
1106 1900 1267 1951 Eustathius
1279 1899 1316 1949 ad

772 1971 987 2036 lli.p.405,nl
1006 1970 1114 2034 1307,
1133 1971 1177 2031 l8,
1199 1970 1247 2020 ubi
1264 1985 1315 2034 pro

772 2040 962 2103 προσκεῖσθαι
975 2040 1043 2090 dicit
1051 2033 1134 2104 γέρας
1143 2032 1226 2089 εἶναι.
1242 2039 1314 2089 Hinc

770 2111 924 2162 Larchcrns
931 2108 1035 2161 Gallice
1045 2110 1084 2161 sic
1093 2109 1316 2172 reddiditqc'eat

770 2195 819 2230 rore
833 2182 865 2230 de
878 2183 946 2231 leurs
953 2179 1156 2244 preropctisea.“
1184 2177 1265 2240 Quod
1276 2178 1315 2229 111

770 2248 941 2311 προξείνους
953 2253 1068 2312 attinet,
1082 2250 1152 2299 satis
1163 2252 1241 2314 patet
1254 2246 1283 2301 lr.
1294 2246 1312 2298 l.

770 2335 825 2369 non
837 2336 883 2370 eos
897 2319 967 2381 dici,
993 2321 1166 2384 „quicunque
1184 2318 1211 2367 in
1227 2334 1260 2368 ea
1274 2318 1315 2368 ci·

771 2391 893 2453 ,‚vitate‚
913 2392 992 2441 cuius
1012 2391 1086 2441 cives
1104 2394 1212 2449 essent,
1232 2402 1314 2437 cura-

770 2462 847 2523 „rint
858 2460 969 2510 resciae
982 2459 1120 2521 civitatis,
1132 2459 1210 2509 cuins
1220 2461 1314 2508 essent

769 2531 918 2594 „proxeni,
934 2531 961 2579 iu
975 2534 1072 2579 neutra
1084 2543 1148 2578 vero
1167 2530 1315 2591 magistra·

770 2605 867 2662 „tuum
895 2604 1032 2664 potestate
1053 2598 1179 2648 inerint“
1204 2596 1313 2659 (Meteri

769 2676 834 2719 sunt
851 2669 935 2721 verba
955 2670 982 2718 in
996 2668 1177 2719 Commentat.
1200 2666 1235 2717 dc
1248 2682 1313 2731 pro-

769 2740 851 2789 rsuia
873 2755 937 2804 pag.
959 2741 975 2787 4
994 2744 1068 2789 recte
1086 2737 1237 2798 monentis,
1260 2736 1314 2787 buc

769 2824 952 2873 prorsuorum
973 2823 1059 2873 genna
1085 2807 1166 2873 longe
1184 2806 1314 2871 trequen-

768 2880 823 2928 tius
843 2879 1022 2943 omnibusque
1037 2878 1149 2930 Graccis
1168 2891 1313 2927 commune

768 2949 882 3011 fuisse).
904 2949 953 2998 scd
970 2950 1018 3013 qui
1037 2965 1054 2998 a
1073 2963 1122 2998 sua
1139 2945 1313 3011 1111111τοίτί-

767 3024 827 3069 tate
836 3020 990 3079 constituti,
998 3018 1242 3081 sincmagistratus
1251 3017 1313 3066 sive

768 3091 870 3153 privati
889 3088 1027 3150 homiues,
1051 3088 1076 3138 si
1098 3088 1146 3152 qui
1172 3086 1313 3151 peregrini

767 3158 804 3209 ad
819 3160 939 3223 ipsorum
954 3159 1097 3209 civitatem
1116 3157 1310 3214 devertisseut,

765 3229 919 3292 reciperent
929 3229 1107 3293 omnibusque
1121 3225 1203 3276 rebus
1216 3240 1312 3276 ueces-

767 3299 850 3348 sariis
871 3298 1046 3348 instruerent.
1079 3297 1207 3361 Spartam
1225 3296 1311 3360 igitur

767 3368 812 3433 qui
828 3368 862 3417 ab
879 3367 942 3418 11111
960 3367 1121 3419 civitatibus
1141 3365 1217 3415 missi
1230 3370 1312 3415 erant

764 3436 849 3501 legati
870 3438 905 3487 ad
927 3452 971 3487 res
994 3437 1118 3501 publicas
1137 3435 1310 3495 tractandas,

765 3507 814 3559 hos
828 3507 949 3572 recipere
961 3507 1097 3558 debebant
1108 3498 1259 3569 πρόξενοι,
1272 3505 1309 3554 ab

765 3577 832 3643 ipsis
856 3577 967 3641 regibus
992 3576 1138 3627 constituti
1166 3580 1309 3626 eteorum

765 3648 844 3711 qussi
867 3647 926 3697 loco
949 3646 1000 3696 hcc
1019 3662 1129 3697 munere
1150 3644 1309 3709 fungentes,

765 3717 790 3767 si
819 3717 926 3781 quidem
951 3715 987 3765 ad
1010 3717 1206 3782 Spartanorum
1227 3729 1309 3779 reges

764 3787 939 3852 pertinebant
950 3801 1043 3838 omnes
1059 3801 1102 3836 res
1115 3801 1175 3836 cnm
1192 3784 1253 3834 aliis
1267 3785 1309 3834 ci·

763 3857 896 3906 vitatibus
922 3857 1099 3917 tractandae,
1124 3855 1209 3919 legati
1234 3855 1309 3904 exci-

762 3927 856 3990 piendi
869 3941 1016 3991 eorumque
1033 3926 1163 3976 mandata
1177 3923 1212 3973 ad
1228 3939 1309 3975 seua-

762 4002 820 4046 tum
831 3995 994 4060 populumne
1004 3994 1162 4047 deferenda:
1176 3999 1309 4059 recteque

761 4066 825 4115 inde
842 4066 873 4115 O.
892 4065 924 4114 0.
942 4065 1071 4116 Mueller:
1094 4066 1160 4115 Dor.
1182 4064 1219 4113 11.
1238 4080 1305 4129 pag.

766 4136 822 4188 103.
844 4135 894 4186 104
919 4135 1004 4186 hocce
1026 4137 1069 4185 ius
1088 4150 1181 4199 regum
1204 4135 1307 4199 repeti·

763 4210 819 4254 tum
838 4205 911 4265 vult,
929 4206 1001 4270 quod
1016 4207 1125 4255 omnino
1138 4219 1233 4269 regum
1248 4204 1307 4254 fuit

761 4290 867 4325 summa
875 4279 1000 4339 potestas
1011 4277 1038 4324 in
1047 4275 1082 4324 iis
1092 4275 1224 4337 omnibus,
1232 4288 1305 4339 quae

762 4345 797 4394 ad
816 4359 861 4395 res
877 4349 1002 4395 externas
1018 4345 1180 4409 spectabant
1195 4345 1254 4394 sive
1268 4343 1306 4393 ad

170 4418 314 4467 institutae
331 4417 495 4480 pertinebat,
514 4417 543 4465 in
556 4416 652 4481 quibus
665 4430 711 4465 no·
761 4416 897 4477 rationes,
915 4430 986 4479 quae
999 4414 1144 4478 Spartanis
1163 4429 1224 4463 cum
1238 4413 1304 4463 aliis

171 4484 251 4537 bilior
275 4487 419 4550 spectandi
442 4487 518 4537 locus
544 4485 711 4537 conceditur.
761 4485 893 4537 Graeciae
911 4484 1073 4536 civitatibus
1086 4483 1302 4535 intercedebant.
