3046 5134
1233 403 1296 467 499

476 404 975 473 P01.YMN1A.v11.3s.3r.

158 610 231 668 κες,
260 579 322 670 τὴν
348 577 381 651 d'
401 584 521 670 ἑτέρην
546 579 608 671 τὴν
630 588 798 670 βυβλίνην
818 579 1008 669 Αἰγύπτιοι.
1055 585 1124 649 ἔστι
1153 580 1189 649 db
1214 577 1296 649 ἑπτὰ

158 688 288 756 στάδιοι
311 690 343 768 ἐξ
363 683 509 773 Ἀβύδου
531 689 565 767 ἐς
579 683 641 774 τὴν
660 682 833 754 ἀπαντίον.
873 686 940 754 Καὶ
962 685 1004 774 δὴ
1023 687 1222 772 ἐζευγμένον
1237 688 1297 751 τοῦ

159 791 267 879 πόρον
288 790 525 878 ἐπιγενόμενος
544 787 669 878 χειμών
691 791 793 877 μέγας
811 790 983 871 συνέκοψέ
999 815 1035 858 τε
1054 792 1166 857 ἐκεῖνοι
1186 787 1295 857 πάντα

158 993 217 1042 sive
236 990 307 1056 quod
330 989 413 1056 (quae
434 994 476 1040 est
494 991 632 1039 sententie
649 988 702 1039 viri
753 987 1021 1051 Sultanie·Oulessi‚
1045 992 1076 1039 ut
1100 1003 1172 1039 nnnc
1193 1001 1294 1038 vocan-

159 1063 233 1112 docti
247 1063 320 1112 liras
333 1064 362 1110 iu
375 1060 523 1125 scriptione
537 1058 572 1108 ud
585 1059 654 1121 Vll,
668 1059 701 1109 36
753 1063 813 1122 tnr,
833 1059 993 1109 distantiam
1007 1059 1047 1108 ait
1059 1074 1119 1109 esse
1135 1058 1187 1109 800
1199 1058 1294 1108 toises.

158 1133 350 1197 laudetapag.
367 1131 381 1179 7
396 1128 468 1196 seq.)
487 1129 595 1180 duobus
612 1128 703 1193 ponti·
753 1129 831 1190 Quae
856 1129 1036 1179 recentiorum
1060 1129 1295 1194 peregrinatorum

159 1203 210 1251 bus
223 1201 336 1252 structis
345 1205 374 1250 et
387 1200 495 1266 quidem
507 1214 560 1248 nno
571 1198 649 1249 inxtu
662 1196 703 1247 ul·
751 1199 909 1248 testimonia
922 1199 1032 1262 aMiot,
1047 1198 1126 1249 Gallo
1136 1198 1294 1262 interprete,

158 1277 261 1333 terum,
279 1279 424 1336 utrumqne
442 1274 552 1334 pontem
571 1269 701 1318 maiorem
752 1271 779 1317 iu
794 1272 860 1318 notu
874 1268 907 1318 ad
920 1267 947 1321 h.
965 1266 985 1322 l.
1001 1268 1088 1318 allatu
1106 1267 1191 1333 (conf.
1210 1267 1293 1317 etiam

158 1341 351 1392 firmitudinem
364 1340 519 1390 habiturum
532 1340 703 1404 essemugis-
750 1338 852 1388 Uhert:
873 1338 970 1403 Geogr.
989 1338 1015 1388 d.
1032 1337 1140 1395 Griech.
1157 1352 1185 1389 u.
1199 1338 1293 1388 Roem.

158 1428 211 1476 quo
227 1416 315 1460 tutum
329 1411 387 1461 iore
402 1409 519 1475 putabat
532 1414 700 1459 eventorum
750 1408 810 1471 111,
822 1410 847 1456 2.
871 1423 933 1473 pag.
955 1405 1032 1472 137),
1057 1423 1112 1474 quo
1132 1407 1211 1458 modo
1232 1423 1292 1458 cum

144 1487 188 1535 .et
200 1483 328 1532 fluctuum
340 1481 379 1533 vi.
396 1480 438 1529 'l'u
446 1480 503 1529 rid.
515 1493 622 1544 qnoque
632 1493 701 1543 quse
750 1477 904 1540 Herodoto,
920 1479 965 1542 qui
976 1487 1070 1540 septem
1081 1483 1187 1528 tantum
1199 1478 1291 1528 stadie

158 1553 186 1600 in
215 1550 327 1601 eandem
356 1550 520 1600 senteutiam
548 1548 702 1614 disputavit
750 1546 902 1612 (retuso
920 1547 999 1614 pedd.
1019 1548 1121 1598 Periss.
1146 1546 1292 1614 arvenos}

157 1623 261 1683 Krnse,
278 1635 356 1685 quem
371 1621 467 1672 inuot.
483 1618 599 1683 auvil,
612 1617 646 1668 33
659 1617 702 1667 al·
750 1616 849 1682 toises)
872 1623 1015 1682 utrumque
1034 1617 1099 1667 litus
1118 1618 1221 1667 distare
1240 1622 1294 1666 tru-

159 1692 285 1743 ieremus.
752 1686 808 1749 dit,
829 1686 1026 1750 concilientur,
1050 1686 1161 1737 difficile
1181 1686 1292 1738 dixeris.

194 1753 251 1811 ἔοτι
272 1750 303 1808 dl
317 1748 388 1807 ἔπτὰ
406 1750 515 1805 στάδιοι
535 1747 564 1817 ἐξ
583 1746 701 1823 'siderion
750 1757 875 1821 Namque
887 1758 933 1807 vix
951 1756 1097 1820 credibile,
1114 1756 1178 1808 inde
1190 1756 1225 1807 eb
1238 1756 1293 1807 He·

158 1820 187 1887 ἒς
206 1822 258 1894 τὴν
279 1824 431 1891 ἀπαντίον]
458 1820 569 1875 στάδιοι
588 1827 702 1891 praebe·
750 1826 841 1877 rodoti
858 1832 951 1877 aetate
968 1828 1003 1889 iu,
1016 1832 1124 1877 tuntum
1138 1827 1294 1879 excrevisse

158 1902 225 1949 beni
235 1900 297 1949 libri
308 1897 433 1947 meliores
445 1912 494 1960 pro
507 1890 618 1950 στάδιοι.
638 1896 699 1949 Vid.
751 1895 816 1946 freti
827 1895 934 1947 alveum
951 1898 1034 1946 muris
1048 1896 1175 1947 fluctibus
1194 1896 1294 1946 dilata·

156 1969 274 2021 Bredov.
288 1984 351 2034 pag.
362 1966 412 2019 335
423 1982 481 2031 seq.
493 1969 522 2016 et
533 1966 605 2016 conl.
618 1969 701 2016 etiam
750 1970 823 2028 tum,
837 1972 868 2017 ut
880 1965 1041 2032 quibusdum
1053 1966 1189 2032 placuisse
1201 1967 1292 2019 video.

158 2041 342 2091 destructura
358 2041 427 2087 nott.
443 2038 477 2086 ad
493 2036 520 2098 1,
534 2036 577 2087 26.
593 2037 640 2099 lv,
655 2037 699 2088 85.
751 2035 830 2087 Coni.
857 2036 1149 2087 choiseul-Goulfier:
1180 2036 1293 2102 Voyage

157 2110 247 2159 —Ad
261 2109 371 2159 verbum
385 2098 585 2177 ἐπιγενόμενος
599 2106 701 2170 (ruper·
750 2109 986 2172 pittoresqneetc.
1003 2106 1041 2156 11.
1057 2108 1197 2171 pegam.
1236 2108 1294 2157 Neo

155 2178 444 2301 1313111.ΡῖἒῖΤὲ
453 2190 529 2295 ‘dr
539 2176 700 2295 “libili
748 2175 1292 2310 tr.⁹‚f.¹¹.“.⁰.rl.⁰l.l;l⁸.t¹inludi·

156 2319 307 2369 Hermann.
319 2317 354 2367 ad
365 2315 468 2367 tuenda
476 2314 605 2380 Aeschyli
615 2315 700 2365 verba
749 2320 780 2365 ut
790 2316 906 2366 maxime
916 2315 1083 2380 probabilem
1092 2317 1236 2379 accedeus,
1244 2317 1292 2383 qui

157 2389 186 2438 iu
195 2390 285 2439 Perss.
298 2386 350 2438 390
360 2391 387 2438 et
397 2386 456 2445 257,
465 2384 513 2434 ubi
523 2385 616 2434 eodem
626 2400 702 2450 pror·
748 2386 833 2435 decem
846 2385 936 2436 studia
950 2384 1157 2450 Hellespontum
1170 2401 1243 2436 nuno
1254 2386 1294 2436 la-

157 2474 205 2508 sus
218 2457 296 2508 modo
311 2457 403 2521 posita
417 2456 592 2506 inveniuntur
606 2449 700 2504 πάντα
750 2459 807 2504 tum
822 2471 881 2506 esse
891 2456 984 2506 sumit.
1009 2453 1104 2506 Adhuc
1114 2471 1169 2506 uon
1180 2472 1212 2506 eo
1221 2454 1292 2519 loco,

156 2519 268 2591 ductos,
283 2526 326 2578 vel
342 2518 548 2587 πάνταταῦτα,
562 2529 594 2575 ut
605 2526 634 2573 in
646 2525 701 2574 Eu·
751 2539 802 2590 qno
815 2524 913 2575 Xersis
928 2526 1024 2589 copiae
1035 2527 1219 2587 transierunt,
1235 2531 1293 2576 trs-

156 2597 275 2648 meuidd.
291 2595 348 2647 113.
376 2595 454 2657 Quod
465 2593 501 2644 ad
512 2598 699 2659 argumentum
750 2596 837 2645 iectus
849 2594 907 2645 fieri
921 2594 1003 2658 solet,
1020 2595 1070 2647 sed
1080 2594 1141 2646 loco
1154 2595 1293 2661 psnlulum

154 2666 211 2718 loci
229 2667 345 2729 attinet,
374 2680 434 2715 cnm
454 2665 588 2715 Herodoti
607 2672 700 2727 reptem
749 2664 878 2715 inferiore
900 2680 984 2729 prope
1011 2680 1089 2716 arces
1109 2666 1198 2716 medio
1223 2680 1292 2717 sevo

154 2738 247 2788 studiis
265 2736 370 2801 reliqua
385 2736 467 2784 etium
482 2738 605 2786 veterum
621 2736 701 2785 testi·
750 2738 905 2785 exstructas
924 2733 1042 2800 indeque
1059 2735 1203 2786 admodum
1222 2735 1294 2787 eele-

156 2808 249 2857 mouiu
275 2806 331 2857 iere
362 2805 542 2869 conveniunt,
571 2803 657 2854 allatu
682 2820 701 2854 a
750 2804 1294 2870 brutas,quibusuomenllilidniBulrr

155 2877 257 2927 Krusio
271 2875 288 2925 l.
302 2875 320 2928 1.
333 2889 396 2939 pag.
411 2875 443 2924 rt
457 2889 532 2940 seqq.
550 2890 603 2925 uno
623 2889 701 2926 exce·
750 2872 780 2939 (i.
796 2889 820 2925 s.
833 2875 915 2924 muris
929 2873 1025 2939 clavis)
1036 2877 1063 2924 in
1075 2874 1293 2941 Europaelitore

156 2952 205 3012 pto
220 2944 401 3009 Xenophonte
413 2944 489 2997 Hist,
503 2944 551 3006 lV,
563 2944 590 3004 8,
603 2947 632 3004 5,
651 2944 700 3009 qui
750 2948 777 2994 et
794 2942 1068 2995 Troianae-Kalama·
1083 2944 1114 3011 (i.
1132 2961 1156 2998 e.
1175 2945 1292 2996 lancium

156 3023 212 3067 octo
227 3016 304 3080 ponit
324 3015 431 3075 stadia,
454 3019 482 3063 et
493 3012 608 3079 Polybio
625 3014 698 3078 XVI,

157 3088 207 3148 14,
225 3084 296 3149 apud
311 3099 390 3150 quem
407 3084 457 3132 (ino
472 3083 628 3133 iudicantur
642 3089 701 3134 sta-

155 3155 215 3219 dia,
228 3155 411 3214 librariorum,
425 3158 455 3202 ut
467 3152 585 3217 videtur,
599 3169 699 3204 errore.

155 3227 250 3290 Neque
267 3240 331 3275 vero
351 3223 536 3274 accuratiores
557 3238 700 3274 mensurae

155 3295 301 3346 recentiori
320 3299 411 3343 astute
425 3293 570 3343 institutae
589 3309 699 3359 prorsus

155 3368 318 3430 congruunt.
343 3364 381 3414 Ut
401 3364 472 3413 enirn
490 3364 523 3414 de
534 3364 700 3414 'sommior-

156 3436 197 3484 tio
210 3442 331 3495 taceam,
346 3434 391 3498 qni
406 3434 514 3498 ungusti
527 3433 699 3484 latitudinem

153 3520 238 3555 unum
266 3503 422 3553 milliarium
450 3502 594 3567 Anglicum
619 3504 701 3554 aesti-

154 3579 228 3637 mat,
247 3573 319 3639 quod
331 3578 434 3637 reptem
447 3572 531 3624 ferme
546 3573 638 3624 stadia
653 3589 699 3624 ex·

155 3658 278 3709 sequare
289 3648 383 3694 uotum
395 3648 453 3703 est;
467 3642 537 3694 alius
549 3644 590 3692 vir
601 3644 700 3693 doctus

155 3713 265 3775 Gallus,
284 3714 528 3779 T1·uguet,mare,
547 3714 599 3777 qut
612 3727 699 3778 angu-

156 3783 307 3834 stissimum
321 3788 377 3846 est,
392 3784 464 3833 inter
475 3782 600 3845 Abydum
612 3799 634 3833 s.
645 3784 701 3832 Nu-

153 3868 251 3919 gurem
264 3857 293 3903 et
306 3853 460 3918 oppositum
471 3854 598 3918 Europae
613 3868 699 3913 oram,

155 3938 281 3974 emensus
292 3923 387 3974 scribit
396 3938 456 3974 esse
470 3920 640 3974 litu—1130
649 3924 701 3973 toi·

154 4008 199 4044 ses
231 3991 314 4057 (qnae
334 3991 471 4043 Gallorum
497 3997 539 4042 est
566 4007 699 4054 mensura,

154 4079 204 4114 sex
222 4062 304 4126 pedes
321 4064 411 4128 regios
432 4079 454 4115 s.
471 4063 610 4113 Parisinus
628 4078 700 4113 oom-

154 4133 305 4197 plecteus);
325 4133 447 4194 Bouteu,
462 4132 618 4198 praelectus
630 4133 700 4182 mili·

155 4203 244 4265 taris,
265 4201 409 4252 coustituit
432 4203 499 4254 1150
521 4204 622 4266 toises,
647 4202 700 4252 dis-

154 4273 292 4322 sentiente
305 4272 359 4322 alio
376 4273 436 4324 viro
454 4273 535 4323 docto
551 4272 699 4338 eodemque

154 4340 235 4391 Gallo
246 4340 396 4393 Iuchereau
407 4341 441 4393 de
454 4341 534 4392 Saint
543 4343 638 4407 Denis,
653 4344 701 4408 qui

154 4411 325 4476 quaererem
345 4412 431 4463 fertur
454 4427 514 4462 esse
535 4413 700 4476 angustissi-

154 4496 227 4534 mum
247 4481 320 4532 iutra
343 4497 421 4534 urceo
436 4481 656 4535 Kelidit=ssehur
672 4487 700 4535 et

748 3012 847 3079 claris)
856 3015 885 3064 in
894 3014 1017 3064 Asiatico
1027 3012 1115 3077 litore,
1127 3020 1199 3066 teste
1209 3016 1294 3065 Ham·

750 3099 824 3135 mero
837 3086 881 3134 in:
901 3084 988 3134 Wieu.
1002 3083 1117 3135 Jahrbb.
1132 3085 1193 3137 Vol.
1206 3085 1292 3136 LVII.

749 3169 813 3219 pag.
828 3155 854 3208 2.
886 3154 947 3204 Ηοο
961 3169 1026 3205 vero
1045 3152 1106 3204 loco
1126 3170 1201 3205 mare
1221 3170 1294 3205 nnnc

749 3239 836 3288 aeque
854 3229 1000 3288 angustum
1019 3239 1081 3274 esse
1098 3225 1193 3276 dicunt
1211 3230 1294 3290 atqua

750 3292 836 3345 altero
863 3293 910 3344 illo
936 3292 996 3344 loco
1022 3294 1175 3360 antiquitus
1196 3295 1294 3345 nobili·

750 3368 824 3426 tuto,
839 3364 888 3414 sed
904 3365 958 3426 ita,
981 3368 1011 3414 ut
1028 3367 1142 3430 utroque
1155 3365 1217 3416 loco
1231 3365 1293 3415 lati-

750 3434 815 3484 tudo
838 3432 954 3484 excedet
979 3433 1062 3485 ferme
1082 3451 1166 3486 novun
1191 3435 1292 3487 studia.

750 3506 840 3567 Quare
850 3504 1007 3568 suspicetur
1013 3504 1105 3555 Leuke
1114 3504 1180 3570 (Die
1190 3507 1294 3557 Demen

749 3572 871 3624 Attilsa's
889 3590 915 3638 p.
933 3572 994 3640 169)
1013 3579 1147 3625 mutatum
1165 3590 1225 3627 esse
1238 3591 1293 3626 ma·

750 3644 790 3694 ris
803 3658 878 3694 oram
891 3649 1043 3708 temporum
1056 3644 1186 3705 decursu,
1209 3650 1240 3695 ut
1255 3646 1294 3696 el·

750 3718 809 3764 tero
824 3712 885 3763 loco
902 3721 994 3763 terrae
1013 3728 1077 3779 pers
1097 3715 1225 3766 fluctibus
1247 3715 1295 3765 ab·

750 3787 874 3848 sumpta,
897 3783 984 3833 altero
1005 3789 1094 3834 sutem
1110 3785 1226 3851 adgestu
1247 3786 1292 3840 sit,

750 3853 791 3903 De
804 3868 856 3919 qno
870 3853 996 3918 equidem
1009 3856 1185 3918 pronuntiare
1195 3855 1292 3905 nolim:

751 3922 779 3973 id
788 3938 869 3973 unum
881 3923 1017 3985 adiiciam,
1033 3924 1106 3989 apud
1116 3930 1222 3977 veteres
1233 3940 1294 3977 eum

750 3993 855 4057 locum,
871 4008 924 4058 quo
934 3995 1039 4045 Xerxes
1048 3999 1145 4059 pontes
1159 3997 1229 4046 strui
1239 3997 1295 4047 ius-

750 4066 795 4124 sit,
814 4063 931 4112 omninm
943 4066 1062 4114 maxime
1076 4070 1219 4130 augustum
1234 4080 1294 4116 esse

750 4132 872 4183 habitum
895 4137 979 4198 atque
999 4133 1062 4183 inde
1082 4140 1210 4186 vocatum
1234 4150 1295 4185 esse

752 4196 787 4251 τοὶ
805 4193 888 4252 στενοὶ
907 4202 980 4268 apud
993 4203 1119 4255 strubon.
1137 4206 1176 4256 11.
1190 4220 1216 4270 p.
1233 4204 1294 4255 108.

750 4274 829 4324 XIII.
843 4288 870 4337 p.
885 4273 944 4324 581.
958 4272 1024 4333 591,
1044 4277 1093 4324 aut
1112 4266 1144 4322 τὸ
1160 4268 1293 4323 στενώτα-

750 4357 801 4392 τον
814 4339 866 4391 τοῦ
875 4332 1086 4405 Ἑλλησπόντου
1100 4342 1174 4409 apud
1182 4344 1294 4408 Lyciam

752 4414 778 4463 in
790 4417 859 4462 orat.
870 4411 1198 4480 funebr.§.23.pug.193.
1214 4414 1294 4467 Cous.

752 4483 835 4535 etium
847 4482 945 4536 Uhert.
958 4480 977 4531 l.
988 4480 1007 4532 1.

1028 4563 1096 4629 32*
