3008 5128
414 431 780 498 TnRPschORn.
802 432 841 494 V.
864 441 908 499 87.
926 442 971 500 88.
1198 429 1278 496 165’

139 614 189 680 ἵνα
208 607 247 699 δὴ
267 606 426 700 περόνῃσι
447 638 491 699 μη
478 607 681 698 χρ.έωνιιιι
718 614 787 677 ἔστι
809 608 845 677 δὲ
865 605 988 697 ἀληθέι
1005 605 1093 700 λόγω
1114 607 1257 697 χρεωμέ·
1268 618 1307 683 88

137 736 216 785 νοισι
230 711 290 783 οὐκ
307 710 369 794 ’rig
389 710 473 802 αὕτη
491 742 512 802 η
499 708 685 801 ἐσθὴς
652 738 689 780 το
703 709 863 797 παλαιόν,
887 708 970 781 ἀλλὰ
983 712 1128 837 Κάειρα·
1155 709 1260 801 {nell}

135 846 169 906 γε
186 815 356 906 Ελληνικὴ
376 816 478 906 ἐσθὴς
496 821 587 886 πᾶσα
607 812 627 906 ἡ
646 812 766 904 ἀρχαίη
785 819 853 883 τῶν
871 844 1043 903 γυναικων
1060 811 1082 904 ἡ
1101 813 1184 904 αὐτὴ
1206 806 1259 904 ἦν,

133 919 419 1010 ιὴινῦνΔωρίὸιι
440 922 610 1009 καλέομεν.
655 927 748 988 Τοῖσι
770 918 806 987 ot
826 916 1001 1007 Ἀργείοισι
1019 921 1075 989 καὶ
1097 936 1181 990 τοῖσι
1197 928 1258 990 Αί-

133 1024 276 1114 γινήιῃσι
302 1026 360 1094 καὶ
388 1022 470 1113 πρός
490 1028 595 1093 ταῦτα
616 1029 664 1093 ἔτι
683 1022 760 1092 τόδε
778 1025 912 1111 ποιῆσαι
936 1023 1042 1113 νόμον
1062 1021 1149 1092 εἶναι
1170 1022 1261 1113 παρὰ

131 1227 214 1276 mento
242 1223 367 1275 nonnihil
395 1224 482 1276 luisse
511 1225 665 1286 diversum
716 1224 817 1290 legem,
833 1240 887 1290 qun
899 1224 1009 1275 Atticae
1023 1240 1126 1276 meroes
1138 1224 1258 1291 prohibi-

131 1308 284 1360 qnamqnsm
299 1296 328 1344 in
340 1311 392 1361 ruo
408 1296 467 1360 ipso
480 1295 564 1345 tuerit
577 1296 665 1346 diver·
716 1298 761 1345 tes
772 1298 845 1358 sunt,
855 1311 946 1345 earum
958 1311 991 1345 ex
1003 1310 1100 1360 genere
1111 1310 1178 1357 esse,
1188 1310 1259 1361 quse

130 1380 189 1427 sum,
202 1364 228 1412 id
240 1366 268 1413 in
281 1368 364 1415 tanta
374 1365 590 1416 testimoniorum
607 1365 666 1414 ino·
716 1365 1045 1429 nostristemporihnsper
1055 1365 1211 1415 omnestere
1220 1366 1258 1415 ei·

129 1435 170 1498 pie
181 1435 226 1482 rix
244 1439 322 1484 certo
342 1435 452 1485 dixeris.
485 1434 564 1489 Oonf.
580 1433 610 1489 0.
630 1433 662 1487 0.
714 1436 815 1485 ritates
826 1433 1000 1485 introductae
1013 1435 1202 1497 inveniuntur,
1214 1451 1256 1486 re·

129 1502 242 1555 Mueller.
255 1505 323 1557 Dor.
335 1505 373 1555 ΙΙ.
384 1520 448 1570 pap.
462 1504 522 1556 265.
547 1507 604 1555 Nec
615 1504 664 1552 mi·
715 1503 966 1569 ferriqneposaead
976 1504 1030 1553 ista
1040 1505 1255 1566 instituta‚nunc

128 1588 166 1622 ror
179 1573 300 1637 equidem
315 1590 350 1625 ea
363 1577 393 1623 iu
410 1574 490 1632 urbs,
511 1575 665 1639 quaeinter
716 1573 824 1636 quidem
844 1573 955 1637 cognita
979 1572 1062 1623 variis
1085 1573 1254 1624 nominibus:

129 1642 237 1708 reliquas
252 1643 363 1694 divitiis
383 1646 411 1694 et
425 1643 520 1707 opibus
532 1649 665 1693 mercatu·
714 1642 815 1703 Manen,
827 1643 892 1701 Zoll,
904 1642 1003 1703 Daune,
1017 1642 1115 1707 quihus
1126 1641 1170 1692 vel
1185 1642 1254 1692 redi-

128 1713 154 1761 ri
173 1713 315 1777 acquisitis
332 1717 438 1763 mature
459 1712 602 1775 excelluit,
618 1727 663 1762 ve·
714 1717 758 1761 tna
772 1711 896 1762 civitatis
909 1712 1005 1777 sugeri
1018 1710 1061 1761 vel
1075 1716 1254 1761 mercaturam

127 1782 218 1831 sticndi
231 1798 320 1849 genus
340 1786 472 1833 mutatum
487 1788 515 1832 et
529 1798 546 1831 ιι
564 1780 665 1846 simpli·
712 1781 866 1846 indigenum
876 1781 1030 1843 promoveri
1043 1779 1182 1830 dictitant.
1192 1780 1255 1831 su-

127 1851 188 1902 ciori
205 1852 305 1914 forma,
330 1867 400 1917 quae
420 1851 531 1901 Doribis
550 1850 663 1915 reliquis
713 1851 755 1901 ins
768 1850 873 1901 inventi
884 1849 992 1901 landem
1002 1865 1036 1901 ne
1049 1850 1108 1916 quis
1120 1852 1253 1900 recentio-

127 1923 227 1986 propria
242 1922 309 1984 fuit,
328 1921 499 1985 aliquantum
516 1922 663 1971 recessisse
712 1921 786 1970 ribus
800 1920 917 1982 tribnat,
937 1921 995 1985 ipse
1007 1918 1050 1969 hic
1069 1919 1254 1985 antiquissimi

127 1990 157 2039 sel
173 1992 305 2041 rationem
328 1990 469 2041 cultiorem
494 1994 521 2040 et
545 1990 664 2055 exquisi-
712 1989 837 2039 historici
850 1989 927 2040 locus
945 1989 1013 2041 satis
1027 1988 1115 2052 docet,
1129 2005 1163 2040 ne
1177 1993 1253 2040 vete·

126 2061 222 2110 liorem.
712 2074 756 2110 res
770 2059 878 2125 qurdem
894 2059 960 2110 talra
972 2059 1102 2121 lntursse
1124 2059 1253 2125 clareque

155 2125 200 2177 iro
220 2120 256 2194 δὴ
268 2120 423 2208 περόνῃσι
448 2120 486 2191 μὴ
510 2124 659 2192 χρέωνται]
711 2133 925 2181 commonstrant
948 2097 1154 2179 Atheniensium
1178 2129 1253 2191 leges

125 2189 411 2285 Voculadqeodem
402 2197 591 2275 modoposita,
607 2212 661 2281 qno
711 2198 878 2263 complures,
904 2199 1003 2263 quibus
1020 2198 1106 2249 libero
1124 2200 1253 2249 mercium

126 2269 373 2332 snprnV,681u1t
395 2258 549 2330 ἴναδημη
565 2259 662 2315 αῖαν
712 2268 887 2351 quarundam·
913 2268 1074 2317 commercio
1104 2269 1253 2318 interdixe-

126 2334 165 2385 ταὶ
177 2308 248 2387 ἔωσι
253 2342 332 2387 τοῖσι
344 2334 529 2386 Σικυωνίοισι
541 2331 589 2384 καὶ
604 2336 661 2383 roi·
710 2339 774 2399 rint,
790 2354 868 2388 sunm
879 2337 997 2401 ipsorum
1010 2338 1197 2387 commercium
1212 2338 1254 2386 in-

126 2418 149 2454 σι
161 2400 302 2485 Ἀργείοισι
319 2407 378 2458 scil.
395 2403 491 2469 φυλαί.
516 2404 660 2457 Fibuliss.
711 2407 744 2457 de
768 2408 950 2470 maximopere
972 2407 1068 2469 angeri
1091 2407 1153 2455 rati.
1195 2406 1252 2456 Nee

124 2469 250 2557 περόναις
276 2480 423 2528 uterentur
451 2488 563 2526 necesse
590 2478 660 2538 erat,
710 2474 1253 2540 aliasaneheginetarnmfuissevidetur

125 2546 278 2613 quicumque
295 2547 402 2597 Dorice
421 2548 562 2610 gestarent
579 2544 662 2594 vesti·
710 2546 791 2608 rstio,
800 2546 843 2595 eui
857 2559 966 2595 causum
982 2560 998 2593 a
1010 2543 1153 2608 religione,
1169 2542 1251 2606 unfit,

125 2620 206 2666 menta
222 2616 306 2667 nullis
330 2616 443 2665 manicis
463 2616 596 2664 instructa
610 2630 661 2665 nec
710 2616 854 2679 repetitam
873 2614 1086 2678 praetenuerint.
1116 2614 1156 2662 Ac
1175 2628 1253 2663 sane-

125 2686 376 2744 oousuts310num
399 2685 531 2744 amictus,
557 2685 586 2733 in
607 2697 660 2766 qno
712 2700 792 2751 qnam
806 2683 880 2733 haud
893 2684 949 2734 scio
962 2698 998 2733 en
1012 2699 1045 2733 en
1055 2685 1116 2747 ipsa
1130 2681 1173 2732 lex
1186 2698 1253 2733 mer

126 2757 206 2804 omnia
220 2760 340 2805 consuta
355 2759 449 2815 erant,
466 2754 555 2804 nnllss
573 2754 662 2817 requi·
711 2760 834 2804 caturam
854 2758 881 2803 et
895 2753 1045 2803 sollertium
1059 2752 1252 2817 Aeginetsrnm

30 2872 31 2875 ,
126 2824 194 2873 rebat
206 2824 315 2875 fibulas
340 2823 459 2875 Suhrnde
473 2831 566 2873 tumen
579 2825 661 2873 etrum
711 2840 739 2874 ιιι
754 2823 882 2887 operibus
902 2821 1003 2887 figlinis
1018 2822 1098 2873 valde
1112 2837 1253 2886 promove

125 2891 248 2943 inlonnm
263 2894 406 2945 mulierum
420 2893 524 2943 smrotu
537 2906 662 2955 περόνας
709 2894 746 2943 rit
761 2893 919 2955 staurerrt
935 2907 1065 2942 eumerus
1078 2893 1168 2957 gentrs
1182 2894 1253 2956 oprst

125 2960 405 3015 inveniriadmanicas
415 2964 516 3013 scissos
527 2962 662 3012 constrin-
709 2967 782 3014 rinae
798 2964 900 3027 liptinas
924 2963 1078 3026 antiquitus
1097 2959 1252 3012 celebratae

125 3032 360 3095 gendasmonetC.
372 3032 395 3082 Ο
416 3032 536 3083 Mueller.
543 3033 609 3081 Dor.
622 3031 659 3080 ll
711 3032 796 3083 fuisse
810 3033 963 3082 videantur.
989 3033 1058 3082 Nem
1079 3033 1150 3081 inter
1168 3046 1202 3080 no
1207 3031 1253 3078 is-

126 3115 179 3166 pag.
190 3104 251 3164 234,
263 3105 314 3168 qni
329 3102 439 3152 idemin
449 3102 587 3166 Aegrnctt
597 3116 659 3165 psg.
711 3103 793 3159 sima.
810 3107 841 3150 nt
855 3101 976 3163 videtur,
997 3100 1150 3151 istiusmodi
1168 3114 1251 3162 opere

126 3170 154 3220 7²
164 3171 231 3223 hsnc
241 3141 384 3233 lahulsm,
401 3186 481 3236 quam
498 3171 531 3221 de
543 3171 660 3222 vestium
711 3161 861 3235 όκέριιμος
876 3164 1021 3235 Αἰγιναιος
1034 3171 1106 3234 spud
1121 3169 1251 3232 Stephsn.

125 3240 591 3297 commutationeHerodotustradit,
601 3255 661 3321 pro
710 3242 777 3304 Byr.
799 3255 822 3288 s.
835 3256 861 3290 v.
881 3238 993 3303 Αἴγιναι
1013 3239 1074 3290 coll
1086 3256 1109 3290 s.
1124 3254 1151 3288 v.
1164 3233 1251 3297 Γάζα.

125 3307 216 3360 lectam
228 3312 320 3363 videri
332 3310 391 3362 vult
403 3327 418 3360 e
428 3309 518 3361 studio
531 3314 559 3360 et
572 3310 661 3360 consi·
711 3311 753 3359 Τιι
776 3309 831 3359 vid.
850 3325 956 3375 qnoque
973 3308 1094 3362 Mueller.
1114 3307 1250 3371 Aeginett.

126 3376 157 3428 lio
167 3382 420 3447 antiquissimorum
431 3380 622 3430 historicorum
633 3381 660 3428 et
711 3394 774 3442 pag.
788 3378 821 3429 79
834 3393 891 3443 seq.
906 3384 933 3430 et
946 3378 1065 3429 Boechh.
1077 3377 1253 3428 Stnotshnus-

126 3448 354 3514 philosophorum,
370 3451 529 3513 cuicumque
546 3464 662 3499 consue·
711 3448 781 3498 halt.
796 3448 818 3500 Ι
835 3463 897 3513 pag.
911 3447 983 3498 63ι.
999 3464 1059 3513 pag.
1075 3446 1109 3497 83
1130 3447 1172 3496 ed.
1195 3462 1250 3496 sec.

127 3519 205 3568 tnrlini
219 3526 246 3569 ct
260 3521 390 3570 instituto
409 3515 504 3568 airino
522 3524 550 3568 et
569 3516 661 3566 κτίσιν
711 3520 810 3583 ltaque
824 3516 1063 3582 profectolongnm
1078 3517 1158 3567 abest
1162 3516 1252 3580 ,qnod

125 3589 252 3650 qnondam
268 3589 426 3655 quaerendi.
448 3588 595 3639 Nceslirer
604 3588 660 3638 fere
711 3587 833 3638 Orientis
848 3602 947 3636 morem
961 3587 994 3637 ad
1009 3586 1151 3638 Graeciam
1164 3601 1251 3649 usqne

126 3657 252 3710 iudicasse
269 3657 498 3709 videoWelclrer.
518 3659 545 3706 in
565 3660 661 3707 Museo
710 3662 889 3722 propagatum
914 3658 944 3706 in
967 3656 1018 3706 hoc
1045 3657 1172 3705 instituto
1199 3655 1251 3705 sibi

126 3725 238 3780 Rhenan.
251 3730 276 3793 1,
292 3730 319 3778 2.
336 3743 400 3793 pag.
413 3728 473 3779 252.
499 3727 567 3778 Mihi
581 3743 660 3778 seona
712 3741 861 3788 agnoscere
883 3741 963 3790 posse
984 3725 1092 3776 videtur
1115 3727 1251 3775 Laurent:

126 3796 235 3851 ridetur,
710 3797 833 3846 Histoire
847 3796 882 3844 du
893 3795 964 3845 droit
974 3795 1020 3847 des
1030 3811 1096 3859 gens
1106 3796 1179 3858 II.p.
1192 3795 1252 3845 104.

744 3867 785 3915 De
803 3866 904 3915 Atticis
925 3880 1007 3929 opere
1024 3863 1103 3916 fictili
1124 3864 1251 3930 omnique

255 3968 508 4024 ...mvn
709 3926 1252 4086 nennslnrrrnrr:n.

155 4064 338 4141 ollqhs'tiopqo
348 4011 540 4155 χρεωμένοιόι]
556 4074 658 4124 Eodem
708 4075 836 4124 traducto
849 4073 1053 4136 excellentibus,
1066 4074 1107 4123 ita
1118 4078 1166 4135 nt,
1179 4078 1250 4123 testa

126 4138 258 4204 locutiol,
276 4145 320 4203 143
340 4133 658 4225 ιΙὶιειῖληθείῃχρήσο-
708 4144 986 4206 Quintilianolnstit.
1006 4160 1045 4195 or.
1063 4145 1106 4206 ΙΙ,
1126 4144 1169 4204 17,
1189 4143 1249 4206 ipsu

127 4213 248 4289 nuerl,
268 4213 326 4265 101.
347 4212 396 4262 104
415 4205 656 4276 0011.v1‚53'op-
709 4213 945 4265 hneoarselnto
964 4212 1250 4263 vasadncendihtti-

127 4274 171 4327 lini
183 4250 253 4359 λόγῳ
266 4276 422 4359 χρεωμένῳ.
708 4298 768 4333 oum
779 4288 935 4334 censeretur
945 4285 1094 4341 inventum,
1105 4280 1183 4346 plura
1194 4295 1249 4329 mo·

159 4363 272 4414 ποιησαι
284 4365 373 4414 νομον
388 4330 474 4415 sivae]
496 4350 538 4399 Ex
550 4354 657 4401 antece
708 4368 773 4403 nere
790 4368 836 4402 mx
848 4356 957 4406 sttrnet
988 4354 1030 4403 Τιι
1048 4351 1104 4400 rid.
1123 4348 1247 4399 moloc.

128 4415 210 4469 dentis
221 4435 281 4484 cap.
301 4421 379 4470 initio
393 4418 571 4484 supplendum
585 4414 657 4484 λέγε·
709 4421 741 4472 0.
748 4421 871 4473 Mueller.
883 4422 992 4472 Handh.
1002 4422 1028 4472 d.
1038 4417 1214 4497 Archaeolog.
1222 4421 1246 4479 5.

128 4498 179 4540 ται.
208 4490 336 4542 Acuemo
353 4504 408 4540 non
424 4488 566 4553 intelligit,
585 4489 657 4540 hanc
707 4491 800 4544 62-
817 4492 850 4541 In
859 4506 937 4557 seqq
955 4507 1005 4557 pro
1017 4489 1091 4556 vulg
1105 4502 1184 4552 ιιιιριι
1196 4499 1248 4551 σφι
