3046 5134
512 388 786 452 POLYMNIA.
810 389 882 451 VII.
906 397 950 453 37.
973 399 1015 453 38.
1266 386 1325 446 511

191 591 266 635 vern
279 562 317 632 τὸ
331 561 456 652 φάσμα.
484 568 518 632 oi
535 564 572 633 83
586 571 748 652 ἔφραζον,
769 558 813 643 ὥς
824 559 960 649 Ἕλλησι
979 557 1194 650 προδεικνύει
1216 555 1328 642 &dede

191 675 344 750 ἔκλειψιν
359 672 427 736 τῶν
448 673 591 753 πολίων,
621 670 774 754 λέγοντες
792 662 889 755 ἥλιον
913 664 999 734 εἶναι
1016 661 1184 752 Ἑλλήνων
1204 669 1326 746 προελέ-

191 798 311 858 κτορα,
326 770 471 860 σελήνην
486 768 523 840 δὲ
539 772 665 858 σφέων.
700 770 895 858 πυθόμενος
914 770 951 838 di
966 773 1070 837 ταῦτα
1089 764 1243 855 ὁΞέρξης
1265 796 1324 837 τιε-

191 873 328 965 ριχαρής
343 873 410 944 ἐῶν
427 878 574 944 ἐποιέετο
588 872 651 962 τήν
670 882 797 944 ἔλασιν.
836 870 892 952 Ὡς
916 870 949 942 d'
967 873 1128 961 ἐξήλαυνε
1151 869 1213 959 τήν
1225 892 1323 962 στρα-
1333 887 1373 951 38

191 978 283 1068 τιην,
312 979 447 1059 Πύθιος
471 974 490 1047 ὁ
519 977 649 1065 nodie,
676 977 936 1067 καταρρωδήσας
963 974 1000 1046 τὰ
1030 981 1067 1045 ἐκ
1092 980 1152 1044 τοῦ
1177 971 1327 1062 οὐρανοῦ

191 1185 220 1229 et
235 1178 321 1230 Gnisi.
338 1195 370 1230 ex
382 1195 436 1231 uuo
449 1179 510 1231 eod.
522 1178 681 1231 Florentino
694 1197 734 1232 re·
785 1179 894 1229 modurn
924 1177 1041 1228 reddidit
1069 1176 1324 1242 Schweighaeuser:

190 1255 340 1314 posuerunt
357 1248 438 1298 θέλοι
460 1254 491 1298 nt
508 1248 581 1314 stylo
599 1250 734 1301 Herodoti
783 1249 894 1310 Domine,
910 1251 1181 1313 ammonicionem,
1194 1248 1327 1314 qnodnn'di

190 1319 406 1370 convenientius.
430 1318 509 1381 Quod
517 1319 658 1371 Bekkerns
669 1337 734 1385 quo·
782 1321 853 1368 uelim
864 1318 1026 1382 concinnere?
1058 1322 1094 1367 At
1112 1332 1176 1367 nero
1190 1318 1223 1384 de
1241 1318 1324 1367 verbo

190 1389 531 1454 querecepit3Dindortius
540 1390 733 1441 etDietechius
783 1384 856 1451 χρᾶν
867 1387 986 1453 cogitari
1003 1386 1048 1437 hic
1061 1402 1116 1438 nou
1129 1402 1210 1452 posse
1224 1386 1268 1437 vel
1282 1402 1323 1437 se-

154 1508 159 1515 ,
191 1458 371 1509 exhibuerunt
386 1449 641 1524 iddiossssnedovii
656 1475 734 1526 prae.
782 1472 866 1523 quens
879 1449 994 1523 χρήσειν
1011 1456 1065 1519 (vel
1078 1457 1170 1523 potius
1182 1452 1321 1523 χρηίσειν)

190 1533 299 1594 ceptum
315 1545 340 1594 p.
357 1529 406 1579 117
419 1526 520 1589 secuti,
541 1530 574 1580 de
594 1545 646 1595 quo
665 1529 731 1580 mihi
782 1528 850 1578 setis
867 1527 988 1577 indicere
1003 1531 1125 1591 poteret:
1146 1528 1241 1591 itsque
1255 1527 1325 1577 Bek-

190 1614 244 1649 nou
255 1613 366 1664 prorsus
378 1598 474 1663 liquet.
506 1599 651 1664 Equidem,
667 1616 732 1650 con·
783 1597 878 1658 ker-us,
896 1602 1007 1648 auctore
1023 1596 1169 1656 Siivernio,
1184 1595 1325 1647 exhibuit:

190 1669 280 1719 ferens
292 1669 345 1728 IV,
366 1666 424 1718 131.
445 1668 496 1727 Vi,
517 1668 558 1719 37.
576 1670 605 1733 Ι,
621 1670 730 1724 780011.
782 1661 888 1732 ’χρήσας
906 1658 944 1715 ἄν
963 1681 1011 1716 τεν
1031 1664 1188 1732 βουλοίμην
1212 1668 1324 1730 τνχεῑνς

189 1739 267 1797 7111,
273 1737 317 1799 58,
330 1752 391 1788 cum
401 1738 460 1787 viro
471 1738 553 1788 docto
564 1742 591 1788 in
601 1740 732 1805 Epireme·
782 1737 854 1801 quod
870 1752 928 1786 cum
939 1735 1078 1787 Dindorfio
1091 1742 1119 1787 et
1130 1736 1272 1786 Dietschio
1284 1752 1327 1786 ne·

188 1809 257 1858 nidd.
271 1809 392 1859 lenense.
408 1807 484 1860 1817.
504 1822 544 1861 nr.
560 1809 617 1860 188.
638 1825 665 1874 p.
680 1810 731 1860 377
783 1807 936 1871 cipieudum
952 1807 1032 1869 dirui,
1055 1822 1104 1871 pro
1123 1800 1230 1870 χρήσας
1247 1822 1325 1871 repo·

188 1879 319 1929 revocavi
329 1875 416 1927 θὲλει.
435 1877 539 1937 Similis
552 1878 676 1930 confusio
689 1881 732 1929 in·
782 1891 849 1927 nens
871 1873 1001 1942 χρηίσας
1019 1892 1080 1926 cum
1093 1874 1213 1925 Bnedov.
1233 1892 1260 1942 p.
1274 1878 1324 1926 174

189 1950 231 1998 ire
245 1948 308 2011 Vll,
322 1948 374 1998 226
388 1952 416 1997 et
428 1946 491 2011 711,
504 1947 547 1999 49.
567 1951 592 2011 β.
605 1950 630 1997 ⁴2.
667 1951 732 2000 Mox
781 1945 898 2012 indeque
909 1947 991 1998 etium
1005 1946 1032 1995 in
1044 1961 1118 2013 seqq.
1134 1940 1262 2009 χρηίσειν
1274 1961 1323 2011 pro

188 2034 237 2082 pro
250 2010 361 2081 ἔφασαν
373 2031 445 2067 nuuc
458 2022 532 2067 recte
546 2019 636 2068 editur
645 2011 733 2084 ἔφρα·
781 2011 912 2081 χρήσειν,
932 2031 991 2066 oum
1004 2014 1073 2066 hoec
1088 2016 1224 2066 sitierunt
1236 2016 1324 2066 Hero·

186 2086 246 2147 ζον.
277 2086 355 2139 Coni.
368 2086 431 2151 VII,
445 2086 505 2137 219.
781 2087 847 2136 doto
860 2087 1035 2148 conveniens,
1047 2085 1138 2136 ubivis
1146 2079 1248 2149 χρηίζω
1259 2087 1325 2137 scri-

227 2153 417 2222 προδέκτορα]
448 2157 515 2218 „Ex
541 2148 730 2221 προδείκνυμι
781 2156 869 2219 beuti,
893 2157 1017 2206 utlooiu
1033 2156 1168 2206 Bredonio
1187 2155 1324 2206 ulistise-

187 2229 264 2279 venit
273 2224 445 2289 nondimeno,
453 2234 672 2289 praemonstrator·
681 2243 733 2277 nna-
781 2226 818 2274 tis
831 2231 996 2287 monstrunt3
1019 2225 1112 2276 valent
1130 2229 1222 2276 entem
1235 2227 1322 2276 Hero·

117 2296 120 2299 ’
187 2300 266 2347 iorem
279 2302 389 2347 etentes
408 2296 517 2361 quidam
535 2294 730 2363 [praenuntius].

187 2368 278 2432 Magi,
294 2360 443 2429 φάσματος
457 2367 588 2416 mirabilis
602 2369 733 2433 interpre-

188 2442 239 2501 tes,
254 2436 433 2502 respondent:
447 2439 531 2498 solem,
542 2439 566 2486 si
577 2437 640 2502 quid
652 2452 731 2502 pree·

187 2513 229 2558 ter
239 2510 399 2557 consuetum
410 2507 542 2572 patietur,
556 2507 663 2556 Graecis
669 2521 731 2569 por·-

187 2577 291 2628 tendere
301 2584 326 2625 et
334 2578 501 2641 praesaeirae
520 2580 601 2625 ίιιιιαυι
611 2592 673 2626 enne
685 2593 731 2625 nn·

187 2648 278 2697 ticni.“
302 2648 494 2710 Wesselinq.
520 2646 730 2699 Adderenner.

187 2715 307 2782 symbol.
322 2716 345 2766 1.
362 2732 387 2781 p.
404 2715 456 2766 333
469 2717 511 2766 ed.
528 2722 607 2779 tert,
623 2718 670 2783 qni
687 2732 730 2768 re·

186 2786 281 2851 spousi
291 2801 400 2836 sensum
410 2784 482 2835 hunc
493 2801 552 2837 esse
563 2792 667 2837 monet:
687 2802 727 2836 so·

187 2855 729 2921 lisdefectioneGrsecisnssieportendi,

185 2925 268 2976 lunae
290 2925 444 2976 deiectione
460 2925 564 2977 Persice
586 2926 636 2978 hos
657 2927 729 2977 enim

185 2996 278 3046 lunum
287 3000 443 3060 protegen03
463 2996 536 3046 cons.
549 2998 645 3058 etium,
659 3011 729 3063 queo

186 3066 257 3116 hunc
280 3065 308 3116 in
330 3080 386 3115 rem
408 3065 509 3115 statuit
527 3067 650 3118 Morerst
677 3067 730 3118 Die

185 3135 313 3186 Phoenic.
330 3135 353 3185 1.
368 3150 395 3199 p.
410 3134 470 3188 821.
497 3136 528 3184 In
544 3135 596 3187 fine
612 3153 673 3202 esp.
688 3152 731 3186 re-

186 3206 256 3255 tinui
269 3200 364 3253 ἔλασιν
376 3220 424 3269 pro
436 3191 575 3264 ἐξέλασιν,
591 3207 662 3273 qnod
676 3221 730 3256 unu

185 3275 269 3325 hebet
281 3274 390 3326 Aldine,
417 3274 495 3325 Conf.
509 3275 565 3330 111.
579 3279 604 3326 4.
621 3277 673 3326 711
682 3314 688 3338 ,
703 3278 729 3328 8.

188 3344 246 3396 106.
262 3343 385 3409 Xenoph.
399 3344 498 3410 Oyrop.
514 3344 592 3410 7111,
605 3347 630 3398 3.
645 3348 670 3408 β.
685 3345 728 3397 34.

338 3517 403 3568 (λιν.
424 3518 579 3570 XXXVIII.

221 3615 338 3677 Πύθιος
350 3610 365 3670 ὁ
375 3617 481 3686 Λυδὸς]
496 3622 538 3674 Oi.
550 3621 611 3681 711,
622 3622 665 3673 27,
687 3621 728 3671 Ad

184 3680 323 3752 ἐπαρθεὶς
341 3692 413 3742 conf.
430 3697 498 3743 nott.
518 3691 552 3742 sd
569 3693 609 3751 V,
626 3692 670 3743 81.
684 3691 728 3744 81.

184 3761 217 3810 ln
227 3775 303 3826 seqq.
311 3759 528 3827 Schweighueue.
537 3760 652 3812 dederet
662 3756 730 3826 χρή-

185 3843 248 3885 σαις
266 3824 302 3879 ἄν
325 3844 352 3879 τι
370 3828 418 3880 τεῦ
435 3827 592 3897 βουλοίμην
614 3833 724 3896 τυχεῐνι

185 3916 255 3965 quee
274 3903 303 3950 in
321 3899 388 3952 Lex.
401 3900 501 3951 Herod.
522 3902 560 3955 11.
579 3918 604 3967 μ,
621 3902 673 3954 370
687 3903 728 3951 sic

184 3969 288 4020 reddit:
312 3971 437 4035 daretne,
457 3973 615 4037 indulgeres,
628 3974 729 4036 μνοίὴί-

782 2295 841 2345 doti
854 2297 952 2345 verbus
971 2296 1100 2359 indinens,
1112 2298 1214 2357 cupiens
1226 2297 1324 2362 aliquid

780 2366 851 2415 uelim
866 2365 924 2416 nriiri
941 2367 1098 2429 εοαίίυμετε,
1122 2367 1195 2429 sive,
1214 2370 1244 2415 ut
1256 2366 1323 2415 Din-

781 2433 853 2485 dorf.
863 2434 995 2485 reddidit:
1011 2435 1149 2499 „precibus
1158 2435 1274 2486 meirade
1288 2444 1323 2499 te,

782 2505 898 2567 Domine,
916 2504 973 2555 nini
988 2507 1056 2553 velim
1073 2506 1231 2569 eontinyere,
1256 2507 1324 2569 qnod
1340 2550 1343 2555 .

780 2573 826 2624 tibi
836 2575 889 2623 leue
900 2583 940 2625 est
946 2583 1102 2638 praestare,
1122 2576 1181 2624 milri
1189 2590 1249 2624 vero
1257 2590 1322 2637 per—

779 2659 891 2709 υιαρααοι
898 2644 1007 2707 fuerit.“
1028 2643 1220 2703 Schueiderus,
1233 2651 1264 2694 ut
1273 2660 1322 2696 no-

780 2719 822 2764 tut
834 2714 898 2777 Gr„
920 2715 948 2764 in
964 2714 1030 2767 Lex.
1046 2715 1093 2768 Gn.
1109 2729 1131 2764 s.
1146 2730 1172 2765 v.
1190 2709 1268 2779 χροὶω
1285 2714 1323 2764 le-

778 2783 894 2849 gendnm
917 2789 1011 2834 censet
1035 2777 1151 2848 χρήσας.
1191 2784 1322 2849 Stegerus

780 2854 864 2904 scribi
876 2855 953 2904 iubet
966 2850 1071 2918 χρήσας
1084 2852 1168 2919 (quod
1181 2856 1270 2920 ipsum
1282 2854 1323 2904 ei·

779 2924 835 2975 fert
845 2923 985 2976 Seueroiti
1005 2923 1087 2987 liber)
1104 2916 1180 2973 ἄντι
1196 2920 1244 2973 τεῦ
1256 2921 1323 2989 βου·
1380 2988 1382 2992 ³

780 2991 883 3056 λοίμην
903 2994 1014 3057 τυχεῖν,
1038 3009 1135 3058 royano
1151 2994 1196 3045 nel
1207 2996 1323 3059 τομαιιίο

779 3065 877 3130 aliquid
892 3080 908 3113 α
927 3073 952 3115 te
971 3065 1041 3113 veiim
1057 3067 1210 3129 inpetrare,
1231 3064 1322 3114 deleto

779 3134 839 3187 scii.
852 3134 1074 3198 interrogationis
1090 3135 1176 3200 signo.
1204 3138 1240 3185 At
1254 3135 1324 3185 bene

780 3207 872 3254 monet
894 3203 1046 3268 Lipsiensis
1074 3220 1170 3255 censor
1191 3202 1322 3271 (Ergiinn.

779 3274 821 3325 Bl.
837 3271 913 3324 1833.
929 3290 991 3339 pag.
1002 3272 1057 3339 44),
1071 3273 1118 3323 τευ
1130 3276 1260 3326 Doricum
1274 3290 1322 3340 pro

780 3339 833 3393 enni
844 3343 879 3392 eb
890 3344 1024 3394 Herodoti
1034 3343 1151 3396 disiecto
1166 3344 1324 3411 abhorrere.

780 3413 848 3464 Cum
860 3429 926 3463 vero
939 3416 967 3463 in
980 3414 1120 3464 Soncrofti
1131 3414 1201 3465 libro
1212 3431 1263 3481 pro
1275 3416 1323 3468 m

777 3483 885 3549 legatur
912 3482 976 3547 σεῦ,
1005 3483 1033 3532 id
1057 3486 1145 3549 ipsum
1173 3488 1323 3553 assumpsit

779 3554 852 3604 Elin.
874 3552 915 3602 in:
943 3555 1056 3617 Quaest.
1076 3555 1222 3606 Herodoti.
1241 3572 1267 3621 p.
1288 3556 1320 3607 ‘21

780 3622 906 3689 (Jahrbb.
935 3622 956 3674 f.
982 3622 1116 3690 Philolog.
1145 3640 1172 3677 u.
1200 3626 1322 3692 Puedug.

779 3693 873 3758 Suppl.
890 3692 949 3745 Vol.
964 3693 1013 3746 IX.
1035 3709 1060 3758 p.
1077 3694 1155 3759 338),
1177 3701 1265 3747 totum
1284 3698 1321 3747 io·

780 3778 840 3813 curn
859 3763 899 3813 sio
915 3764 1102 3815 constituens:
1121 3759 1229 3831 χρήσας
1244 3759 1280 3816 ἄν
1295 3782 1321 3815 τι

781 3830 829 3882 σεῦ
841 3828 998 3899 βουλοίμην
1009 3835 1122 3898 τυχεῖν,
1139 3835 1166 3885 id
1180 3842 1238 3888 est:
1258 3839 1320 3888 indi·

777 3919 841 3968 μειιο
854 3905 952 3968 aliquid
966 3921 983 3954 α
994 3910 1019 3954 te
1029 3908 1148 3970 consequi
1157 3908 1240 3969 velun,
1260 3924 1322 3959 enm

779 3967 931 4037 τυγχάνειν
943 3989 970 4022 τι
986 3973 1094 4024 dicotur
1103 3976 1175 4040 spud
1189 3977 1321 4030 Her-odet.

183 4043 285 4091 cereris
293 4039 351 4090 milri
355 4058 366 4099 ,⁴
378 4040 528 4092 observans
536 4042 648 4092 verbum
656 4040 730 4107 χρᾶν
780 4043 833 4102 lx,
850 4043 900 4094 109
913 4048 940 4093 et
952 4038 1100 4108 τυγχάνειν
1112 4043 1142 4094 τί
1155 4062 1234 4104 τινος
1248 4049 1321 4114 apud

145 4118 149 4125 ’
185 4110 336 4174 simplicem
349 4126 487 4161 assumere
500 4112 579 4161 dandi
589 4114 617 4162 et
629 4113 730 4177 μνοίίβ·
779 4113 952 4177 Xenophont.
968 4115 996 4164 in
1010 4114 1098 4164 Anub.
1110 4116 1159 4177 71,
1175 4118 1200 4179 4,
1214 4117 1258 4170 32.
1291 4120 1321 4168 In

185 4181 263 4230 enneli
278 4180 474 4246 significatum,
494 4187 526 4231 ut
540 4183 592 4246 71,
609 4181 652 4235 89.
674 4182 729 4245 111,
781 4182 852 4249 qnod
887 4184 957 4234 idern
990 4183 1048 4235 fere
1078 4185 1207 4237 incidisse
1241 4187 1322 4239 video

185 4249 233 4312 58,
258 4252 354 4315 quibus
376 4255 467 4301 temen
485 4250 552 4302 locis
573 4251 645 4302 houd
671 4252 730 4303 scio
781 4252 957 4303 Scheeierum
984 4255 1013 4303 in
1035 4255 1122 4306 Indic.
1147 4255 1182 4306 ad
1208 4258 1321 4310 Lucien.

186 4320 310 4385 equidem
322 4336 357 4370 sn
367 4321 459 4372 suiset
470 4332 553 4372 υιαιοο
565 4323 652 4382 dandi,
667 4337 731 4373 eons-
781 4322 894 4388 catapli
909 4323 953 4376 ed.
970 4324 1102 4375 lueobitn.
1118 4340 1181 4392 pag.
1198 4327 1323 4379 21181811

185 4390 309 4441 moriundi
325 4392 412 4442 notio.
447 4391 479 4441 In
498 4392 560 4457 ipss
574 4392 674 4442 Latine
689 4394 730 4442 in·
781 4394 863 4444 scribi
878 4393 1029 4445 iubentem:
1047 4386 1183 4460 χρήσας
1197 4395 1231 4463 (s.
1245 4396 1323 4462 χρηΐ·

187 4460 484 4527 terpretatione'textni
493 4462 620 4513 subiecto
633 4478 691 4513 enm
703 4464 730 4513 in
782 4464 843 4531 σας)
857 4451 899 4513 ἄν
917 4459 953 4514 τί
970 4476 1031 4514 σευ
1044 4462 1202 4534 βουλοίμην
1217 4472 1322 4535 τυχεῖν,
