2970 5128
499 390 678 455 ERATO.
702 392 757 454 vl.
776 401 819 456 46.
1161 382 1222 452 983

109 568 164 658 μίν
175 595 211 656 γε
229 572 297 638 των
315 569 352 638 ἐκ
366 563 632 657 Σκαπτῆς”Τλης
651 572 719 637 των
732 567 884 655 χρυσέων
902 564 1077 655 μετάλλων
1098 562 1136 635 τὸ
1150 568 1222 635 ἐπί·

109 700 169 742 ταν
187 668 377 760 ὀγδώκοντα
400 672 547 741 τάλαντα
568 672 723 762 προσήῑε,
756 673 792 739 ἐκ
814 670 851 740 di
871 676 939 739 suiv
962 673 999 739 ἐν
1020 666 1105 761 αὐτῇ
1124 669 1223 763 Θάσω

109 777 224 846 ἐλάσσω
237 776 299 863 μὲν
311 775 458 861 τούτων,
473 774 580 863 συχνά
594 776 630 845 δὲ
646 772 751 859 οὕτω,
770 771 854 843 ὥστε
868 772 905 843 τὸ
919 777 1043 844 ἐπίπαν
1058 781 1222 858 Θασίοισι,

108 883 188 949 lovios
203 885 341 968 καρπῶν
351 877 492 966 ἀτελέσι,
507 879 645 969 προσήιε
660 876 725 948 ἀπό
738 905 775 947 τι
787 883 845 968 τῆς
858 874 998 967 ἠπείρου
1012 880 1068 946 καὶ
1081 883 1150 947 τῶν
1163 904 1221 966 με·

107 983 225 1052 τίλλων
244 989 335 1063 ἔτεος
355 983 495 1054 ἑκάστου
514 981 667 1072 διηκόσια
686 982 846 1069 τάλαντα,
875 978 930 1050 ὅτε
951 982 986 1053 di
1010 980 1047 1051 τὸ
1067 992 1223 1053 πλείστον

135 1175 162 1234 ἐι
177 1176 269 1250 μένγε
285 1182 344 1234 τοῖν
362 1178 392 1234 ἐν
405 1183 542 1250 Στρεπτῆς
550 1172 634 1249 “Tine
685 1183 788 1236 Eodem
808 1183 888 1236 modo
902 1186 1002 1236 Noster
1018 1185 1076 1246 111,
1091 1185 1122 1237 91
1146 1174 1223 1232 ἀτε.

107 1251 292 1319 ιωνχρυοέων
308 1247 467 1320 μετάλλων]
503 1257 634 1307 Voculam
684 1253 742 1304 λέοι
756 1247 862 1317 Πέρσαι
876 1249 1008 1318 νέμονται
1023 1246 1223 1318 χώρην,ἰτοω-

107 1338 131 1387 γε
145 1325 263 1389 inprimis
279 1330 361 1389 urget
372 1325 500 1389 Larcher,
519 1326 634 1376 reddens
685 1340 736 1390 que
752 1324 804 1382 ΙΙΙ,
815 1324 858 1374 97.
874 1324 923 1375 160
938 1325 1072 1383 et1‚192.
1101 1326 1156 1389 „Et
1168 1325 1223 1373 sru-

106 1398 224 1444 oanuoins.
252 1394 325 1444 Mihi
336 1394 402 1445 nihil
416 1395 531 1460 emplius
543 1395 634 1445 valere
685 1395 769 1445 menti
792 1396 871 1459 copilt
888 1395 1053 1446 abundabat
1064 1394 1170 1445 Thaeus
1196 1399 1224 1444 et

106 1464 201 1515 ridetur
213 1465 266 1514 uisi
275 1473 355 1515 certe.
383 1465 509 1518 Eustath.
522 1466 557 1515 ad
571 1466 636 1514 Dio·
685 1465 776 1513 vinum
791 1479 896 1529 quoque
907 1466 1029 1530 inprimis
1040 1462 1224 1515 celebreThu-

107 1548 157 1597 uys.
171 1535 274 1599 Perieg.
290 1535 344 1584 517
357 1534 525 1585 Herodotum
545 1535 634 1585 citans
684 1535 751 1583 nium
770 1538 837 1583 erat.
868 1533 922 1583 Sed
936 1536 1063 1585 videntur
1079 1539 1106 1583 et
1121 1532 1224 1583 fertiles

107 1602 202 1653 exhibet
214 1600 337 1668 μέταλλα
356 1601 446 1669 χρυσᾶ
464 1601 590 1670 σιιοιπτῆς
606 1592 635 1652 ὅ·
685 1603 848 1653 Thasiorum
861 1604 922 1721 eqni
935 1611 962 1654 et
971 1605 1063 1654 vineta
1076 1604 1104 1653 in
1117 1603 1225 1667 opposi-

107 1673 155 1735 Ιρς.
191 1673 325 1739 Equidem
350 1690 410 1724 cum
433 1679 547 1726 recentt.
572 1674 633 1725 edd.
684 1667 1225 1740 taeoutinente(vnlneipqrmaximelu-

106 1742 258 1805 Florentini,
279 1744 398 1794 aliorum
420 1744 520 1795 retinui
538 1743 634 1794 lectio·
683 1744 751 1803 inse3
770 1757 866 1807 nempe
888 1744 915 1793 in
929 1743 1064 1793 Thraciae
1077 1758 1138 1803 ora,
1154 1757 1224 1807 quae

106 1828 171 1875 uem,
189 1828 268 1877 quum
287 1829 324 1863 ex
341 1829 395 1863 uno
408 1813 547 1864 Seuerofti
565 1814 634 1864 libro
684 1813 848 1863 Thasioruur
861 1812 930 1862 fuit:
950 1814 997 1878 qui
1012 1829 1073 1863 curn
1088 1813 1224 1863 fructuum

106 1882 242 1962 Schweigh.
261 1889 289 1933 ct
309 1883 398 1934 Gaisf.
413 1890 552 1933 mutarunt
565 1884 592 1932 in
605 1873 636 1931 ἒν
685 1884 792 1932 nornine
809 1898 841 1930 ex
861 1898 893 1932 ca
912 1884 1023 1947 regione
1036 1887 1224 1948 perceptorum

106 1944 300 2018 ΣιαπτῃὟλῃ,
329 1951 461 2002 Herodot.
476 1953 532 2017 111,
546 1954 571 2003 8.
587 1952 634 2015 IV,

109 2021 148 2071 llb
163 2028 188 2072 et
200 2038 270 2087 quae
288 2022 330 2072 ibi
342 2021 520 2073 laudavimus.
540 2024 578 2086 V,
593 2021 635 2072 35.

106 2090 226 2142 Kuehner.
240 2092 285 2144 Gr.
301 2091 351 2142 Gr.
367 2096 391 2155 ξ.
402 2092 462 2146 823.
483 2091 563 2156 Apud
576 2092 634 2142 Ste-

684 1967 734 2001 nec
746 1951 882 2001 Threcum
894 1953 1004 2018 regibus
1017 1968 1067 2003 nec
1080 1954 1172 2003 Persis
1185 1968 1225 2001 οε-

684 2024 761 2086 αιίρυλ
775 2023 847 2070 υίίιαα
865 2026 914 2070 aut
931 2022 1047 2072 tributum
1065 2022 1225 2087 penderent,

686 2079 764 2140 ἐοῦσι
783 2088 901 2153 κυρτών
918 2083 1038 2152 ἀτελέσι,
1056 2092 1093 2142 ud
1109 2092 1225 2153 reditus,

106 2159 176 2233 phun.
189 2162 255 2226 Byr.
270 2177 337 2227 pag.
351 2162 411 2212 871.
434 2153 635 2224 Σκαπτησύλη,

106 2228 176 2287 αυλις
192 2224 313 2299 Θρᾴκης
330 2223 430 2295 μικροὶ,
447 2221 566 2293 ἀντικρὺ
580 2225 637 2282 Θά-

106 2312 156 2350 σου.
178 2301 230 2351 Ubi
244 2301 414 2351 coniunctim
429 2301 558 2351 scribitur
572 2316 635 2350 nox.

106 2368 140 2419 'lu
167 2372 265 2420 rectius
295 2385 364 2420 sane
389 2373 493 2423 scribes
518 2361 636 2434 Σκαπτή

98 2428 170 2502 Ὗιὶη,
186 2440 275 2490 (Ιίιίιά
289 2444 408 2505 utrique
423 2439 534 2501 vocult,
555 2455 635 2505 quam

106 2506 148 2558 boc
165 2525 271 2576 quoque
297 2511 359 2560 loco
376 2511 550 2560 coniunctam
568 2510 635 2559 San·

105 2577 174 2627 crusti
188 2579 255 2631 liber
270 2579 363 2630 offert.
390 2580 476 2645 Regio
491 2581 551 2645 ipae
564 2579 636 2629 The·

106 2663 131 2697 ιο
143 2649 190 2698 luit
205 2650 337 2716 opposita
356 2651 383 2698 in
399 2651 565 2709 continenti;
584 2664 638 2713 qua

106 2717 207 2780 posthae
242 2721 330 2784 potiti
365 2724 430 2769 aunt
457 2719 637 2769 Athenienses

106 2801 225 2854 quemque
252 2790 341 2838 etium
361 2789 402 2838 ita
425 2792 587 2849 tenuerunt,
608 2794 638 2837 ut

106 2856 207 2921 singulis
235 2860 342 2908 Atticis
372 2859 479 2908 civibus
517 2857 637 2919 metalla,

107 2941 206 2989 qnorum
224 2928 313 2978 etium
325 2926 500 2991 Thucydides
517 2928 640 2978 meminit

106 2994 201 3061 1,100,
220 3012 362 3062 agrosque
381 2998 549 3048 concessisse
563 2997 638 3048 vide-

105 3071 185 3116 antur.
216 3068 295 3117 Setis
314 3072 438 3129 constat,
453 3066 640 3132 Thucydidem

105 3133 191 3186 ibidem
206 3137 367 3201 possedisse
380 3136 501 3195 metulla,
518 3152 588 3201 quae
603 3137 638 3187 ab

105 3218 178 3254 nrore
191 3206 255 3257 hinc
267 3207 355 3257 duote
368 3211 531 3271 acceperut,
546 3206 638 3271 ibique

105 3275 176 3324 etium
189 3276 296 3326 diutins
310 3292 370 3327 esse
383 3280 585 3335 commoratum,
600 3276 640 3324 hi·

104 3347 198 3395 storiae
213 3347 380 3396 scribendae
402 3363 511 3411 operam
534 3362 639 3397 navan-

686 2177 752 2226 quos
763 2176 796 2210 ex
811 2160 927 2210 metallis
940 2162 1140 2227 percipiebant,
1162 2162 1226 2211 insi·
1316 2158 1319 2163 ⁴

685 2232 745 2296 gnis
759 2231 905 2295 quotannis
917 2233 1041 2283 cumulus
1051 2248 1084 2282 en
1099 2247 1226 2297 agrorum

686 2302 800 2351 istorum
819 2301 1176 2367 vinetorumqueproreutu
1195 2302 1226 2350 il·

685 2370 720 2420 lis
734 2370 911 2420 accedebat.“
937 2371 1129 2437 Schweiplt.
1168 2373 1226 2421 Neo

686 2439 767 2489 aliter
784 2438 809 2489 b.
828 2439 844 2487 l.
862 2441 952 2505 accipi
971 2440 1050 2492 video
1071 2457 1087 2503 ρ
1106 2438 1225 2491 Boectrb.

686 2507 918 2579 praeeuntibus
937 2510 962 2559 d.
978 2509 1076 2560 Athen.
1092 2511 1114 2560 1.
1135 2526 1159 2575 p.
1175 2508 1226 2559 423

687 2579 732 2629 ed.
746 2594 812 2639 aee,
827 2578 874 2643 qui
886 2593 945 2628 eam
958 2578 1013 2630 sere
1023 2578 1156 2630 Herodoti
1168 2594 1228 2630 sen·

686 2649 801 2697 tentiam
821 2662 882 2698 esse
900 2648 996 2699 docet:
1020 2664 1035 2698 e
1057 2648 1175 2700 metallis
1200 2650 1227 2698 in

688 2723 763 2767 terra
779 2717 931 2767 continenti
950 2720 1014 2767 sitis
1034 2719 1067 2769 ad
1081 2720 1227 2783 Scepteey·

687 2787 742 2838 lem
762 2787 908 2851 quotannis
926 2790 955 2837 in
968 2788 1130 2838 'Plrasiorum
1153 2803 1228 2838 aeru-

688 2858 758 2906 rium
771 2858 885 2907 rediisse
903 2858 1042 2922 octogiuta
1054 2857 1165 2921 talenta,
1181 2858 1229 2906 nri·

688 2942 779 2975 norem
796 2942 954 2978 nummame
970 2927 1086 2977 metallis
1101 2930 1128 2977 in
1143 2927 1229 2978 Thasi

689 2996 779 3045 insula
801 2998 876 3060 sitis,
897 2997 944 3047 sed
965 3002 1072 3047 tantum
1091 3004 1180 3059 certe,
1198 3002 1229 3047 ut

690 3065 851 3116 Thueiorurn
867 3067 924 3132 (qui
940 3067 992 3131 ipsi
1009 3068 1081 3117 omni
1101 3083 1227 3133 agrorum

688 3135 886 3201 fundorumque
900 3137 1001 3187 tributo
1012 3139 1131 3202 exempti
1142 3138 1227 3199 luere)

688 3205 791 3255 reditus
809 3208 895 3256 annui
916 3222 930 3256 e
953 3207 1071 3258 metallis
1093 3210 1121 3257 iu
1143 3208 1231 3257 conti·

690 3277 768 3325 nenti
791 3291 876 3341 aeque
897 3281 978 3341 utque
1001 3277 1028 3326 in
1048 3276 1139 3327 insula
1158 3278 1229 3339 aitis,

689 3347 744 3394 uult
769 3346 829 3395 cum
848 3346 1030 3410 vectigalibus
1055 3345 1132 3405 aliis,
1156 3348 1228 3396 intra

105 3418 159 3463 tem.
186 3416 248 3465 Vid.
265 3415 421 3466 Marcellin.
433 3417 467 3465 V.
488 3416 640 3480 Thucydid.
689 3415 795 3465 dimenso
810 3430 843 3466 ac
856 3424 968 3466 trecenta
982 3416 1087 3466 talentu
1100 3418 1230 3467 constite-

106 3486 126 3544 ξ.
140 3485 175 3535 Ι9.
188 3487 221 3535 25
232 3486 328 3550 ibique
339 3491 419 3539 nott..
432 3486 567 3541 Manuert,
575 3486 637 3536 Vll.
689 3486 755 3537 rint.
785 3486 825 3535 Ac
843 3485 960 3537 ducente
980 3487 1097 3548 talenta,
1114 3487 1230 3535 Wnrmi·

105 3566 160 3617 pag.
171 3556 230 3605 235.
259 3556 305 3605 Ad
318 3549 350 3603 td
367 3545 472 3604 ἐπίπαν
486 3556 523 3606 cl.
536 3556 590 3618 IV,
604 3555 638 3605 88
690 3569 734 3604 um
747 3556 772 3604 si
783 3570 944 3619 sequamur,
959 3556 1080 3607 officiunt
1099 3572 1229 3606 summurn

106 3621 187 3687 ibique
203 3629 275 3675 nott.
308 3627 373 3675 Mox
391 3618 500 3674 τούτων
514 3625 575 3676 dedi
589 3640 638 3690 pro
690 3624 803 3685 heluco
814 3627 985 3688 florenorum,
998 3629 1031 3676 24
1041 3628 1196 3690 crucigerr„
1208 3642 1230 3675 s.

106 3686 226 3745 τουτέων,
692 3692 832 3754 tulatus)
855 3695 958 3746 franco.
980 3694 1108 3758 Gallice,
1132 3704 1231 3745 trecen-

689 3772 717 3813 ta
729 3762 852 3814 elliciunt
865 3765 977 3826 781,748
991 3767 1103 3815 florenn.
1117 3765 1231 3816 bernei-

135 3820 207 3880 ἰοῦσι
226 3824 349 3895 καρπῶν
366 3822 490 3897 ἀτελέσι]
520 3833 580 3882 Hoc
598 3835 639 3883 ita
689 3848 760 3898 gerr.
782 3834 841 3883 sive
867 3833 1006 3898 1998379
1023 3835 1116 3886 lruncc
1148 3834 1231 3896 Gall,

107 3896 228 3966 intelligo,
242 3907 275 3951 nt
290 3901 395 3964 Thasii,
410 3917 521 3967 quorum
537 3903 640 3953 reditus
691 3906 815 3967 ocloqinla
840 3903 944 3953 talentu
972 3909 1091 3969 aequant
1117 3906 1232 3966 touque

107 3972 156 4017 tem
168 3970 251 4036 ampli
267 3971 378 4021 luerunt
391 3988 405 4021 e
420 3972 554 4035 metallis,
567 3973 641 4022 omni
691 3974 804 4023 florenu.
828 3971 859 4024 10
873 3974 989 4040 crucigg.
1020 3975 1097 4024 Haec
1116 3975 1231 4025 Thasio·

107 4051 135 4084 eo
160 4040 278 4102 tributo,
305 4041 377 4104 quod
401 4041 473 4106 agris
494 4057 640 4106 eorumque
691 4058 748 4091 rurn
764 4042 874 4092 metalla
887 4045 1029 4107 postmodo
1045 4046 1072 4093 in
1087 4044 1233 4095 Athenien-

107 4104 222 4171 irngibus
238 4110 342 4175 imponi
356 4110 476 4171 solebat,
488 4111 572 4176 igitur
586 4127 641 4160 om·
692 4112 759 4160 sium
778 4117 941 4176 potestatem
963 4114 1106 4164 devenisse
1125 4116 1232 4179 accepi-

107 4177 132 4224 ni
146 4178 249 4229 decima
267 4177 379 4229 velaliu
396 4181 639 4245 quedampartee
692 4197 759 4231 mne.
788 4182 900 4234 Grenz.
919 4183 1023 4234 consuli
1041 4184 1101 4233 vult
1117 4182 1231 4234 llclrhel.

109 4244 225 4309 frugibus
241 4250 378 4313 perceptis
395 4250 491 4299 tributi
508 4250 567 4300 loco
586 4248 640 4300 sol·
691 4252 785 4300 Dootr.
806 4253 839 4301 N.
861 4254 893 4303 V.
911 4252 972 4303 Vol.
999 4253 1036 4305 ll.
1061 4268 1124 4316 pag.
1147 4253 1181 4303 bii
1205 4256 1233 4301 ct

108 4315 546 4382 renda,exemptifuerint,nullum
556 4321 640 4384 igitur
690 4320 734 4370 bl.
770 4321 840 4372 Add.
859 4337 927 4386 queo
941 4321 1045 4384 profert
1057 4320 1176 4373 Voemel.
1196 4320 1232 4370 ed

109 4384 233 4435 tributum
247 4402 356 4450 prorsus
365 4388 507 4449 solverint,
519 4404 581 4440 curn
594 4388 640 4439 nix
691 4390 869 4442 Demosthen.
889 4391 1004 4456 Philipp.
1024 4390 1150 4455 Prolegg.
1166 4406 1231 4461 pag.

109 4450 160 4502 alia
178 4455 338 4509 tributorum
351 4472 452 4525 genere
468 4459 639 4513 exsisterent.
690 4458 733 4510 66.
