2998 5138
239 362 279 427 48
670 362 943 428 HERODOTI

239 544 300 610 τοῦ
315 539 481 610 δεσπότεω
502 544 563 610 τοῦ
581 536 695 631 ἀγροῦ.
729 539 978 624 διεξελάσαντες
999 540 1035 609 δὲ
1055 544 1166 611 πᾶσαν
1185 538 1245 630 τὴν
1261 538 1360 629 χόρην
1453 560 1454 601 t

239 646 296 714 καὶ
319 653 481 724 σπανίους
502 640 656 733 εὑρόντες
676 642 832 731 τούτους,
854 640 898 724 ιδς
918 643 1056 732 τάχιστα
1076 648 1261 734 κατέβησαν
1281 647 1313 724 ές
1328 642 1360 712 τό

239 745 341 835 ἄστυ,
363 743 461 836 διλίην
474 747 691 837 ποιησόμενοι
712 744 878 829 ἀπέδεξαν
897 748 1036 828 τούτους
1051 748 1114 837 μέν
1133 745 1194 837 τὴν
1207 747 1301 817 πόλιν
1312 750 1359 816 νέ-

239 879 332 940 μειν,
353 856 421 921 των
441 841 542 941 εόρον
560 849 637 932 τοὺς
654 848 778 940 ἀγροὺς
799 842 838 919 εὖ
857 854 1134 940 ἐξεργασμένους·
1163 854 1289 922 δοκέειν
1304 848 1360 939 γὰρ
1454 884 1455 937 3

240 963 370 1043 ἔφασαν
384 956 440 1024 καὶ
454 959 522 1025 τεόν
533 961 703 1045 δημοσίων
715 951 804 1023 οὕτω
819 953 861 1042 δή
874 978 980 1044 σφεας
994 954 1252 1044 ἐπιμελήσεσθαι
1261 951 1360 1043 ὥσπερ

239 1063 307 1127 των
319 1061 500 1148 σφετέρων.
523 1059 600 1138 τοὺς
615 1060 651 1129 δέ
665 1056 786 1139 ἄλλους
794 1065 983 1147 Μιλησίους
997 1057 1075 1139 τοὺς
1088 1062 1169 1147 πρὶν
1182 1057 1360 1142 στασιάζον-

241 1190 299 1242 τας
313 1161 441 1231 τοότων
455 1167 572 1246 ἔταξαν
586 1170 777 1232 πείθεσθαι.
799 1161 921 1249 Πόριοι
935 1165 997 1252 μέν
1011 1190 1076 1231 νυν
1090 1160 1178 1231 οὕτω
1186 1169 1362 1250 Μιλησίους

192 1285 233 1347 30
243 1264 452 1354 κατήρτισαν.
481 1265 561 1335 Τότε
582 1266 618 1335 δέ
639 1268 676 1335 έιι
695 1268 841 1335 τουτέων
854 1270 922 1335 τῶν
935 1272 1063 1334 πολίων
1077 1256 1144 1335 τόδε
1159 1263 1274 1355 ἤρχετο
1287 1263 1362 1334 κατὰ

242 1376 398 1457 γίνεσθαι
413 1373 453 1459 τῇ
464 1366 580 1459 Ἰωνίη.
604 1367 657 1437 Ἐκ
671 1369 789 1453 Νάξου
802 1377 931 1459 ἔφυγον
943 1367 1065 1458 ἄνδρες
1079 1373 1148 1439 τῶν
1162 1371 1292 1458 παχέων
1305 1363 1362 1436 ὑπδ

240 1574 369 1643 pertinet)
390 1577 500 1640 accepit
517 1574 684 1641 Schweigh.‚
703 1591 782 1627 ecoe·
834 1576 891 1628 119.
908 1593 935 1643 p.
948 1577 1009 1629 1157.
1041 1578 1088 1627 Cr.
1103 1575 1211 1626 confert
1223 1576 1363 1625 Tittmenn.
1456 1602 1457 1637 ;

240 1647 408 1705 denteMiot‚
422 1647 522 1711 quiite
535 1645 782 1697 Geilicehaeccir·
832 1646 962 1698 Daretell.
981 1648 1008 1699 d.
1030 1645 1139 1699 Griech.
1161 1644 1361 1697 Steetererieer.
1456 1696 1457 1701 ,

240 1717 423 1782 cumscripeit:
451 1717 541 1777 „dem
559 1718 585 1766 Ια
603 1718 689 1780 partie
706 1731 781 1779 rupe·
832 1717 931 1782 pete.
957 1715 1027 1767 ndd.
1039 1715 1137 1769 Athen.
1152 1714 1264 1779 xmp.
1275 1714 1361 1778 eolp.

240 1790 325 1838 rieure
341 1788 418 1836 owine
436 1788 548 1851 νίηῖίρίε
564 1802 612 1851 ραι
627 1788 653 1835 Ia
665 1787 781 1848 plaiae.“
832 1788 865 1836 27
877 1785 1028 1851 Schweigh.
1038 1778 1145 1834 Ῥόδιοι
1156 1778 1189 1834 δέ
1205 1781 1322 1849 (τιμῶσι)
1333 1775 1363 1831 τὰ

240 1857 373 1922 Equidem
403 1855 446 1905 vei
474 1860 584 1920 propter
610 1855 695 1906 verbe
722 1871 783 1920 pro·
825 1849 917 1906 “Atera
931 1844 1158 1922 (vulgofftieeht
1172 1852 1362 1906 coni.Voemcl.

240 1928 312 1976 xime
339 1924 530 1975 antecedentia
553 1914 644 1986 deror
670 1916 723 1989 γὰρ
743 1915 782 1988 δή
833 1927 876 1977 De
895 1926 1011 1978 Helicen
1035 1940 1099 1990 pag.
1125 1926 1158 1977 19
1176 1940 1252 1990 eeqq.
1269 1950 1303 1960 -
1326 1923 1363 1973 De
1457 1980 1458 1983 Ἴ

242 2008 330 2058 σφεας
367 1991 469 2049 δεινοῖς
502 1989 780 2057 οἰκοφθορημένους,
832 1997 915 2047 verbo
932 1990 1027 2059 νέμειν
1046 1993 1118 2063 coni.
1138 2001 1210 2046 nott.
1237 1994 1270 2044 ed
1288 1993 1312 2054 1,
1333 1992 1363 2042 59
1457 1998 1458 2043 3

242 2065 332 2115 malim
349 2079 410 2113 cum
429 2062 623 2128 Weeeeiingio,
644 2063 780 2114 Larchero
831 2066 875 2119 fin.
903 2053 1363 2128 Add.v‚71.v,92.p.e.-due

241 2150 274 2185 ec
291 2132 455 2184 Schneidero
476 2133 516 2195 (in
531 2134 625 2182 Lexic.
639 2132 735 2184 Graec.
756 2150 778 2187 ι,
832 2124 1363 2196 defienvaieteonrtitueruat‚utmorire·
1458 2170 1459 2193 ,

240 2204 281 2267 v.)
291 2202 442 2269 intelligere
451 2195 546 2267 χώραν
559 2192 727 2263 ἀνάστατον,
739 2220 781 2253 rc·
833 2202 895 2267 ξαν.
922 2205 963 2254 Gi.
974 2210 1043 2254 nott.
1057 2205 1091 2254 ed
1101 2205 1134 2268 V,
1146 2205 1190 2257 25.
1458 2240 1459 2259 2

238 2278 334 2339 pionem
344 2273 492 2332 desolatam,
510 2275 645 2337 νεηΙεαΙαιιι
660 2279 688 2323 et
705 2275 781 2324 incei-
869 2270 914 2324 καὶ
933 2271 990 2323 τοῖν
1000 2271 1148 2337 δημοσίων
1167 2265 1242 2322 οὕτω
1260 2288 1284 2322 ιι.
1296 2286 1318 2320 τ.
1330 2267 1362 2334 1.]
1458 2278 1459 2325 i

240 2352 297 2394 turn.
324 2345 418 2407 Neque
432 2343 512 2393 aliter
524 2341 641 2393 reddidit
656 2342 782 2393 Diodori.
833 2346 974 2395 Excitavit
991 2346 1027 2394 ad
1042 2342 1069 2396 h.
1081 2343 1100 2393 Ι.
1115 2343 1310 2407 Weeaelingine
1320 2341 1364 2390 λε-

241 2412 428 2477 intellexitque
446 2413 557 2477 Negrie3
585 2412 708 2477 idemque
731 2412 782 2463 hoc
832 2414 920 2466 schin.
941 2416 969 2463 in
983 2412 1120 2464 Timarch.
1140 2429 1168 2478 p.
1185 2415 1217 2463 22
1236 2412 1270 2478 [ξ.
1285 2408 1325 2474 13]
1340 2415 1364 2458 et

241 2486 323 2535 etiem
342 2484 453 2548 probari
466 2483 546 2535 video
559 2482 658 2534 Heldio
676 2484 709 2534 ed
721 2482 782 2532 Piu-
833 2486 940 2549 Digeet.
953 2483 986 2534 de
998 2484 1076 2548 Suep.
1093 2484 1190 2537 Tutor.
1209 2483 1263 2543 111,
1279 2481 1308 2540 8,
1322 2479 1365 2528 ubi

240 2553 327 2607 tarch.
342 2552 439 2602 Timol.
456 2553 555 2619 [ρος.
570 2554 621 2604 305
633 2569 709 2618 seqq.
740 2555 782 2605 De
832 2555 886 2605 leti
905 2555 1020 2605 Romani
1037 2552 1163 2603 trednnt:
1196 2557 1309 2602 tutorem
1325 2563 1365 2599 eu·

240 2624 379 2675 locutione
391 2613 551 2672 ἀνάστατον
567 2625 673 2682 ποιεῖν,
692 2620 783 2686 elpes·
832 2629 955 2689 spectum
975 2640 1007 2674 ex
1027 2638 1072 2685 eo,
1093 2622 1164 2687 quod
1184 2623 1212 2673 in
1232 2621 1285 2671 alie
1302 2617 1365 2669 melo
1459 2672 1460 2693 ,

242 2693 311 2743 σθαι
327 2693 442 2742 diximus
459 2692 494 2743 ed
513 2694 541 2755 1,
559 2691 606 2751 763
628 2708 700 2743 nunc
717 2692 782 2743 eddi
833 2698 959 2745 versatae
972 2683 1364 2757 eit-Degenitirorov'ror,
1459 2702 1460 2707 ¹

241 2764 364 2814 volumus
380 2762 460 2813 Held.
479 2762 497 2812 1.
519 2763 538 2812 l.
563 2777 623 2827 pag.
641 2763 694 2813 304
710 2778 780 2827 neq,
832 2765 880 2830 qui
893 2765 976 2815 verbo
990 2761 1145 2812 reddendae
1159 2763 1282 2822 edditar‚
1296 2757 1363 2810 conf.

240 2834 386 2897 Bergman.
411 2836 439 2881 et
456 2830 584 2881 Benecier
609 2832 644 2881 ad
663 2834 780 2882 leocrat.
831 2839 900 2886 nott.
916 2827 1366 2895 ad1‚teo.v‚33.v[‚1e.1tuea·

241 2903 373 2966 Areopeg.
391 2915 453 2965 pag.
469 2901 533 2959 ild,
553 2901 600 2964 qui
615 2900 780 2952 locutionem
832 2919 889 2954 ner.
902 2904 948 2953 Gr.
963 2904 1008 2956 (ir.
1023 2906 1047 2965 5.
1063 2902 1124 2952 528.
1135 2905 1195 2954 not.
1208 2905 1233 2953 4.
1260 2898 1327 2950 Mele
1339 2896 1365 2945 ii·

240 2970 311 3022 hanc
320 2985 408 3036 oeque
418 2971 451 3021 de
464 2971 539 3033 urbe,
553 2969 657 3029 incolis,
671 2972 782 3035 regione
831 2975 874 3023 bri
889 2974 998 3039 quidem
1011 2963 1140 3029 τούτους,

241 3042 363 3105 adeoque
373 3040 484 3090 semiiiie
496 3039 550 3090 diei
560 3041 715 3091 ostendunt.
737 3040 779 3091 Cf.

241 3110 342 3161 Herod.
362 3110 494 3174 vl1,56.
532 3110 565 3159 In
584 3125 659 3175 eeqq.
682 3111 781 3175 scripsi
1019 3145 1075 3195 cp
1103 3143 1180 3194 XXX

241 3196 301 3231 curn
320 3178 448 3228 Dindort'.
468 3184 496 3230 et
513 3178 637 3229 Dictech.
657 3169 780 3245 ἆπεηρνὶ-
1041 3161 1084 3195 ‘⁴'
1184 3185 1190 3197 '

241 3263 346 3313 φοντο,
359 3248 430 3313 quod
444 3248 484 3299 eie
495 3250 577 3299 etiam
588 3248 687 3313 legitur
697 3264 782 3315 supra
867 3236 971 3310 ἄνδρες
995 3246 1052 3297 τῶν
1071 3240 1197 3313 παχέων]
1222 3248 1329 3297 δίδοται
1344 3260 1364 3294 e.

240 3318 378 3378 111‚13o.
419 3318 480 3369 Vid.
500 3319 616 3369 Bredov.
638 3335 699 3384 pag.
719 3319 780 3370 330.
830 3320 1003 3381 iocapietiorec
1029 3317 1220 3382 intelliguntur
1241 3318 1312 3368 σίτου
1336 3314 1366 3361 ii·
1457 3316 1460 3337 ‘

240 3387 328 3453 Vulgo
339 3379 545 3451 ἀπεγραφέατο.
565 3388 657 3453 Ipsam
669 3391 781 3439 verbum
831 3388 946 3453 demque
957 3387 1019 3439 hine
1031 3389 1162 3450 optinentes
1172 3387 1308 3448 civitatis,
1324 3399 1365 3433 no·

240 3459 357 3508 medinm
366 3456 457 3507 malim
469 3458 592 3524 equidem
604 3459 644 3509 ita
655 3459 780 3510 reddere:
830 3457 907 3516 biles,
921 3457 1019 3522 quibus
1029 3458 1174 3522 opponitur
1184 3451 1201 3507 ό
1213 3455 1302 3522 δῆμος
1313 3455 1366 3503 eive

240 3544 324 3579 eorum
346 3531 443 3578 nomina
470 3530 495 3577 in
518 3529 619 3578 tobalea
641 3531 781 3592 reserenda
828 3528 914 3591 plebe,
934 3533 965 3576 nt
981 3529 1008 3576 in
1024 3527 1147 3591 Thneyd.
1165 3528 1222 3587 111,
1241 3529 1284 3577 δ’).
1303 3524 1363 3573 Her.

238 3600 291 3647 aine
302 3599 485 3661 perscribenda
498 3608 634 3660 curarunt,
652 3615 699 3665 per
713 3602 781 3649 ecri-
829 3598 892 3659 VII,
906 3597 1032 3650 1551511.
1058 3598 1166 3649 Etenim
1178 3598 1213 3646 ed
1223 3595 1365 3647 Nexiornm

240 3668 289 3719 bue
311 3666 384 3729 ecit,
411 3669 459 3732 qui
485 3669 560 3734 ipeos
584 3670 779 3735 sequebantur.
828 3683 871 3718 res
891 3667 962 3732 quod
979 3668 1114 3731 pertinet,
1138 3668 1206 3718 bene
1227 3664 1365 3716 tenendum

240 3737 284 3788 Cf.
297 3738 359 3800 vn,
377 3737 433 3789 100.
446 3738 500 3799 ΙΙΙ,
514 3738 564 3789 136
578 3739 667 3805 ibique
683 3745 752 3789 nott.
829 3743 885 3797 cot,
905 3736 976 3787 hene
987 3737 1102 3787 insulem
1119 3737 1183 3786 olim
1195 3753 1212 3786 e
1223 3736 1364 3786 Pisistrato

273 3796 376 3870 ἁλίην
395 3805 650 3874 ποιησόμενοι]
675 3809 778 3859 Eadem
828 3806 1365 3871 eubectarnetquehygdamidityranno

238 3875 341 3926 locutio
353 3876 376 3941 1,
393 3877 449 3927 125.
466 3878 524 3941 (ubi
538 3878 572 3927 cf.
589 3877 670 3943 nott.)
684 3882 721 3935 V,
734 3877 777 3929 71).
827 3876 959 3927 traditam
970 3875 1064 3933 iniere,
1080 3878 1221 3941 teeteipao
1230 3872 1364 3926 Herodoto

240 3946 302 4008 vlt,
316 3946 374 3997 131.
409 3947 488 3997 Unde
500 3949 569 3997 entie
581 3954 670 4012 petet,
682 3941 777 4011 ἁλίην,
828 3946 856 4007 1,
871 3949 918 4007 ⁰43
940 3947 986 4011 qni
999 3946 1161 4010 Ιηρδειυίε,
1180 3947 1204 3994 τί
1217 3943 1315 4009 Heynii
1327 3945 1365 3989 at·

238 4031 307 4081 qnae
316 4032 370 4067 vox
378 4015 536 4081 singillatim
545 4018 668 4082 publicae
676 4019 777 4067 Dorum
829 4030 881 4080 que
893 4017 1019 4067 Gnreteri
1040 4017 1170 4080 (liieeert.
1186 4016 1220 4065 de
1231 4016 1308 4063 Nero
1326 4011 1364 4057 in·

237 4086 265 4135 in
282 4086 442 4137 civitatibus
457 4089 603 4138 conciones
616 4088 720 4137 indicet
736 4102 780 4136 eo·
830 4087 889 4136 sula
904 4102 930 4150 p.
944 4084 989 4149 34)
1005 4087 1127 4136 rationes
1138 4098 1293 4150 ecquamur,
1306 4077 1365 4129 inde

239 4171 289 4221 quc
302 4171 384 4208 eonon
398 4157 425 4207 in
436 4157 552 4223 publicis
563 4157 635 4207 ectio
646 4158 779 4221 reperitur
830 4156 865 4205 ab
876 4172 947 4205 anno
958 4155 1009 4205 535
1020 4169 1043 4205 e.
1053 4155 1115 4205 Chr.
1129 4170 1155 4207 n.
1168 4154 1285 4219 (Olymp.
1296 4147 1363 4207 in,

238 4226 404 4289 decretisve,
424 4227 496 4292 apud
507 4226 674 4278 Herodotum
695 4226 778 4277 latine
829 4224 857 4289 2)
882 4240 968 4291 neque
989 4224 1024 4273 ed
1046 4240 1147 4274 annam
1172 4225 1224 4274 522
1249 4221 1363 4285 (Olymp.

237 4296 291 4346 dici
320 4297 353 4347 de
377 4298 474 4362 quevie
498 4298 629 4347 concione
655 4297 779 4361 idemque
829 4294 972 4355 unua)
985 4293 1101 4343 insulam
1116 4296 1219 4355 tenuit,
1239 4288 1363 4356 expulerit

237 4364 294 4415 sere
306 4382 366 4417 enee
378 4372 462 4431 etque
478 4356 638 4429 ἰκαληοίαν.
671 4367 778 4417 Monuit
828 4370 925 4429 postea
939 4379 956 4414 e
969 4364 1126 4428 Spartanis,
1145 4379 1212 4429 quoe
1225 4361 1287 4411 inde
1299 4358 1364 4422 opti·

237 4435 357 4486 Greehof
368 4436 409 4486 in:
428 4435 632 4503 Schulaeitung.
646 4436 721 4489 1832.
735 4452 775 4487 nr.
828 4436 941 4485 metium
956 4435 1095 4499 imperium
1108 4433 1262 4484 inotituieeo
1273 4428 1316 4482 vel
1327 4443 1364 4477 re·
