3046 5134
264 347 325 408 5t0

698 344 962 407 llEliOllOTI

264 523 320 592 καί
336 525 543 609 Στεντορίδα
564 526 688 608 λίμνην
709 518 894 606 παρεξιών,
923 521 956 601 ἐς
977 515 997 589 δ
1018 515 1156 588 ἀπίκετο
1170 520 1203 598 ἐς
1217 523 1397 604 Δορίσκον.

216 624 295 696 59Ὁ
311 626 347 694 δὲ
362 633 526 709 Δορίσκος
546 627 615 693 ἐστὶ
630 630 688 711 τῆς
702 633 849 712 Θρηίκης
864 625 1014 711 αἰγιαλός
1027 650 1063 691 τε
1084 625 1140 692 καλ
1161 627 1280 691 πεδίον
1301 623 1398 708 μέγα,

264 729 320 799 διὰ
335 730 370 798 δὲ
386 727 491 798 αὐτοῦ
505 732 572 816 ῥέει
588 725 732 816 ποταμδς
746 732 848 816 μέγας
862 724 998 814 Ἕβρος,
1026 731 1063 795 ἐν
1077 731 1123 818 τῷ
1143 724 1249 813 τεῖχός
1261 750 1296 792 τε
1314 726 1387 793 ἐδέ-
1398 744 1446 793 ess

264 841 370 922 δμητο
384 832 560 920 βασιλήϊον
575 837 683 915 τοῦτο,
698 829 735 900 τδ
750 831 792 920 δὴ
807 840 973 919 Δορίσκος
986 833 1153 917 κέκληται,
1167 832 1222 898 καί
1240 828 1401 914 Περσέων

263 935 397 1025 φρουρὴ
413 938 449 1003 ἐν
470 932 562 1027 αὐτῷ
573 933 771 1023 κατεστήκεε
793 932 860 1005 isi
876 941 1026 1022 Δαρείου
1047 938 1080 1017 ἐξ
1095 938 1229 1003 ἐκείνου
1248 935 1308 1001 τοῦ
1321 930 1399 1019 χρό-

263 1068 346 1124 νου,
369 1043 444 1107 ἐπεί
463 1067 497 1107 τε
519 1040 573 1107 tut
588 1039 730 1119 Σκύθας
751 1040 975 1124 ἐστρατεύετο.
1021 1042 1113 1121 ἔδοξε
1134 1028 1182 1106 σίν
1202 1040 1248 1128 τῷ
1262 1030 1401 1123 Ξέρξηδ

263 1149 369 1231 χῶρος
385 1141 469 1211 εἶναι
486 1140 657 1230 ἐπιτήδεος
673 1144 861 1226 ἐνδιατάξαι
876 1170 912 1211 τε
927 1143 982 1211 καὶ
993 1144 1212 1230 ἐξαριθμῆσαι
1225 1136 1286 1207 τόν
1299 1159 1398 1225 στρα·

264 1247 337 1316 τόν·
366 1247 421 1313 καλ
436 1248 545 1314 ἐποίεε
560 1251 674 1314 ταῦτα.
710 1244 767 1325 τὰς
781 1247 843 1334 μέν
858 1244 898 1335 δὴ
914 1247 991 1325 νέας
1005 1242 1061 1324 τὰς
1076 1245 1183 1323 πάσας
1196 1241 1402 1329 ἀπικομένας

265 1356 297 1430 ἐς
313 1357 483 1437 Δορίσκον
497 1352 532 1418 ol
542 1349 721 1436 ναύαρχοι,
737 1350 958 1428 κελεύσαντος
973 1332 1120 1434 Ξέρξεω,
1142 1350 1174 1426 ἐς
1189 1344 1248 1415 τὸν
1260 1342 1401 1431 alyatte

264 1453 322 1522 τδν
338 1456 499 1539 προσεχέα
514 1460 672 1545 Δορίσκῳ
691 1454 864 1541 ἐκόμισαν,
886 1456 923 1522 έν
942 1457 988 1545 τῷ
1004 1454 1098 1540 Σάλη
1113 1478 1148 1520 τε
1163 1456 1400 1549 Σαμοθρηῐκίη

263 1646 321 1694 seq.
354 1629 429 1678 Inter
453 1632 560 1678 veteres
581 1626 638 1675 vid.
662 1629 806 1693 praecipue

264 1698 355 1750 Strsb.
370 1698 397 1746 in
411 1698 553 1761 Excerptt.
569 1696 630 1746 libri
645 1697 705 1747 Vll.
722 1702 746 1761 5.
758 1699 805 1748 5οι

264 1760 337 1829 πρὸς
352 1762 383 1814 δέ
402 1767 437 1829 τῇ
456 1757 556 1833 ἐκβολῇ
575 1763 627 1814 τοῦ
645 1754 746 1829 Ἐβροο
764 1765 807 1817 δι-

265 1828 371 1899 στύμον
396 1825 480 1891 ὄντος
510 1832 593 1891 πόλις
610 1828 698 1893 Αἶνος
723 1828 808 1899 ἐντῷ

264 1901 376 1956 Μέλανι
395 1898 491 1953 κόλποι
508 1906 613 1968 κτίται,
633 1905 734 1968 κτίσμα
752 1907 808 1956 Μι-

264 1967 808 2039 τυληναίωνκαλλίυμαίων,έτιδὲπρό-

263 2059 347 2107 τεροκ
363 2035 641 2107 Ἀλωπεκοννησίων·
666 2037 718 2092 εἶτ’
731 2036 806 2106 ἄκρα

266 2104 434 2176 Σαρτιεδοίν.
445 2139 479 2149 -
487 2112 613 2163 Stentoris
622 2115 705 2176 μοὶατ,
717 2114 807 2165 obser·

264 2188 348 2233 vente
361 2183 504 2232 Mennerto
522 2182 540 2232 Ι.
556 2182 573 2232 Ι.
590 2182 652 2232 vlt.
668 2199 730 2248 pag.
746 2184 805 2245 208,

264 2254 380 2318 exiguus
388 2258 503 2304 vocetur
513 2252 558 2301 ille
569 2253 651 2301 muris
662 2254 748 2313 sinus,
760 2253 806 2303 ubi

264 2324 333 2373 neni
353 2322 406 2372 luit
424 2327 530 2386 portus:
550 2322 620 2372 unde
635 2323 707 2388 spud
722 2323 807 2373 Hero-

265 2394 357 2442 dotum
373 2393 433 2457 quis
447 2391 596 2442 rescribere
614 2392 692 2441 malit
708 2387 806 2454 λιμένα

264 2460 386 2527 (porrum)
394 2477 443 2526 pro
453 2458 564 2524 λίμνην,
576 2465 734 2525 praesertim
745 2478 806 2512 eum

264 2532 388 2583 Stentoris
399 2540 490 2595 portus
505 2531 577 2581 intre
588 2532 675 2582 Hebri
691 2532 765 2581 ostis
779 2536 807 2583 et

264 2604 368 2651 Aenum
381 2601 474 2650 urbem
487 2610 711 2652 commemoretur
722 2617 739 2651 s
751 2602 806 2652 Pli-

265 2673 310 2721 nio
328 2672 362 2723 H.
377 2673 410 2723 N.
425 2672 472 2725 IV,
487 2671 527 2722 11.
540 2674 562 2732 §-
578 2671 619 2720 43.
645 2673 686 2721 De
699 2673 807 2722 Dorisco

263 2741 320 2793 riri.
333 2746 403 2792 nott.
416 2741 452 2791 ed
465 2741 498 2801 V,
511 2740 554 2791 98.

459 2912 524 2961 Cer.
544 2911 615 2961 LIX.

300 3004 330 3063 έν
352 3012 391 3080 τῷ
410 3007 503 3078 τεῖχός
526 3027 553 3062 τι
576 3003 712 3076 ἐδέδμητο
729 3010 806 3079 βασι-

265 3076 359 3148 λήϊον]
376 3086 468 3147 τεῖχος
481 3085 624 3146 castellum,
641 3098 723 3133 arcem
737 3083 807 3133 indi-

267 3158 328 3214 σοί,
343 3157 373 3202 ut
386 3154 440 3215 IV,
456 3152 497 3202 tt.
511 3152 544 3202 411
559 3153 651 3215 ibique
664 3159 732 3203 nott.
749 3155 805 3203 124.

267 3222 410 3285 V11,107.
431 3222 488 3273 tlt.
511 3222 566 3271 108.
589 3221 646 3282 111,
668 3222 697 3273 13
714 3222 806 3286 ibique

266 3296 336 3344 nott.
350 3293 383 3354 V,
397 3292 439 3342 34.
456 3292 498 3342 61.
517 3292 574 3343 125.
604 3291 665 3341 Ηοο
682 3307 745 3342 vero
760 3307 806 3342 es·

266 3361 374 3411 stellum
394 3360 477 3411 Plinii
501 3376 534 3409 se
557 3361 700 3424 Pomponii
716 3358 806 3410 Melus

266 3429 728 3481 estetesdhueexstitisseridetur.
743 3431 805 3481 Vid.

266 3500 328 3551 Plin
350 3501 385 3548 H.
399 3501 433 3551 N.
445 3500 491 3557 lv,
508 3502 548 3549 11.
562 3502 585 3561 3.
600 3499 641 3550 ⁴3.
657 3499 719 3549 illel.
732 3501 768 3557 11,
778 3502 806 3552 2.

267 3571 292 3633 5.
303 3571 329 3621 8.
357 3569 399 3618 De
413 3569 501 3622 Hebro
514 3568 571 3618 disi
584 3570 618 3619 sd
632 3569 679 3630 IV,
692 3569 738 3619 90:
759 3570 807 3619 ubi

266 3640 322 3690 vid.
338 3640 420 3689 etism
439 3638 471 3688 de
484 3639 571 3688 Durio
587 3639 658 3688 hane
672 3639 807 3690 Tbrseise

267 3714 372 3774 purtem
397 3706 595 3772 perlustrante,
628 3724 686 3758 curn
711 3714 807 3759 eontrs

267 3777 384 3839 Scythae
411 3776 639 3841 proficisceretur3
669 3777 732 3829 add.
760 3779 807 3842 tv,

269 3846 318 3899 143
332 3862 360 3898 se
383 3882 389 3895 .
418 3847 459 3897 Ad
475 3846 587 3897 formem
602 3846 808 3913 plusquamper-

268 3916 336 3967 ieeti
350 3863 486 3979 ἐδέδμητο
504 3916 576 3966 conl.
593 3917 661 3977 vlt,
682 3916 806 3969 1111οο11.

268 3986 328 4037 200.
343 3983 464 4036 Fischer.
473 3985 507 4035 sd
515 3984 625 4036 Weller.
633 3986 720 4049 111‚u.
728 4003 754 4051 p.
763 3986 806 4038 73.

304 4046 451 4117 ἐπιτήδεος
470 4047 632 4116 ἐνδιατάξαι
649 4068 676 4104 τε
697 4053 746 4105 καί
764 4046 806 4117 ἐξ·

268 4120 439 4189 αριθμῆσαι]
460 4127 542 4175 Visus
563 4126 645 4190 igitur
665 4131 706 4176 est
723 4127 807 4177 Xerxi

268 4195 345 4244 hicce
358 4193 434 4243 locus
450 4210 510 4245 esse
522 4204 597 4258 aptus
611 4210 634 4244 s.
650 4197 767 4255 idoneus,
783 4199 809 4246 in

269 4279 317 4328 qso
330 4265 467 4314 exer-citum
482 4266 615 4328 disponere
630 4281 662 4315 as
676 4281 809 4315 recensere

269 4332 391 4382 commode
405 4342 499 4394 posset.
532 4334 599 4384 Inde
614 4335 685 4401 quod
700 4337 727 4384 in
741 4337 809 4384 Snu-

270 4401 352 4451 erofti
374 4401 444 4455 libro
469 4403 609 4469 alteroque
634 4404 733 4468 legitur
754 4396 767 4453 ἐ
774 4418 808 4452 ν-

857 1622 1034 1689 αριθμῆσαι,
1048 1627 1101 1675 ism
1112 1623 1296 1687 Wesselingie
1308 1621 1400 1671 arrisit

857 1711 890 1745 ne
904 1695 1049 1760 postmodo
1061 1700 1198 1759 receptum
1213 1700 1256 1743 est
1270 1707 1287 1742 s
1301 1691 1399 1742 Sebae-

857 1765 915 1815 lero
929 1771 956 1814 et
969 1765 1135 1827 Matthiaeo,
1149 1763 1283 1829 probante
1297 1761 1399 1811 Cobeto

857 1836 885 1884 iu
903 1836 1070 1900 Mnemosyn.
1087 1834 1134 1884 Vl.
1153 1849 1178 1897 p.
1198 1831 1264 1894 408,
1291 1846 1352 1882 euru
1371 1831 1399 1879 in

857 1905 1012 1954 huiusmodi
1032 1905 1177 1954 structuris
1192 1903 1276 1952 verba
1294 1915 1355 1950 eum
1369 1890 1399 1947 ἐν

857 1975 1010 2039 composita
1039 1973 1161 2023 adhiberi
1187 1971 1294 2023 soleant
1317 1975 1399 2034 utque

856 2043 909 2093 boe
931 2045 992 2108 ipso
1011 2043 1071 2093 loeo
1093 2042 1240 2107 praecedet
1261 2030 1400 2088 έκδιαττί-

858 2110 919 2173 ξαις
939 2114 1011 2166 eonl'.
1029 2113 1157 2163 Kuelrner
1171 2112 1218 2162 Gr.
1237 2111 1283 2163 Gr.
1299 2112 1324 2173 ἃ.
1338 2109 1399 2165 llll),

856 2189 912 2232 not.
927 2184 943 2233 3
958 2181 1016 2247 (qui
1031 2183 1100 2232 bene
1114 2181 1228 2232 retinnit
1243 2172 1397 2240 ἐξαριθμῆ-

857 2252 916 2315 σαι)
939 2258 965 2301 et
984 2252 1038 2303 vid.
1060 2251 1145 2301 siluts
1162 2249 1197 2299 sd
1215 2249 1346 2300 Herodot.
1364 2249 1397 2306 V,

856 2322 899 2372 23.
930 2323 1024 2387 Neque
1036 2336 1100 2371 vero
1115 2321 1176 2370 inde
1188 2319 1254 2369 mibi
1266 2317 1344 2383 sequi
1357 2318 1397 2365 ri·

856 2392 951 2452 detur,
967 2390 1018 2441 hoe
1037 2406 1144 2454 quoque
1166 2389 1226 2439 loeo
1242 2378 1398 2449 έναριθμη»

857 2473 903 2509 σαι
925 2461 1009 2510 scribi
1028 2460 1140 2522 debere,
1159 2458 1319 2524 prsesertim
1338 2472 1399 2507 eum

856 2530 927 2580 idem
941 2530 1052 2581 verbum
1069 2520 1236 2592 ἐξαριθμεῖν
1256 2544 1318 2578 mox
1336 2541 1398 2589 esp.

855 2599 891 2650 llll
905 2604 932 2649 et
951 2600 982 2650 81
1002 2598 1097 2651 eudem
1114 2601 1141 2648 in
1161 2615 1190 2649 re
1209 2604 1237 2647 et
1253 2612 1339 2661 supra
1350 2595 1399 2655 iv,

855 2669 889 2720 87
906 2671 934 2718 in
953 2669 1036 2718 simili
1051 2675 1125 2719 uerte
1143 2684 1172 2718 re
1189 2667 1340 2717 adhibitum
1359 2664 1400 2715 ri·

855 2740 980 2795 deintus:
997 2739 1091 2802 itsque
1105 2754 1165 2788 eum
1179 2737 1297 2787 caeteris
1312 2735 1400 2786 edito-

854 2809 928 2858 ribus
939 2809 1038 2857 retinui
1052 2800 1250 2870 ἐξαριθμῆσαι,
1263 2805 1335 2871 quod
1344 2802 1400 2868 ple-

855 2879 934 2943 rique
946 2878 1008 2927 libri
1021 2878 1119 2943 seripti
1131 2876 1269 2927 exhibent.
1293 2872 1401 2937 Simpli-

857 2948 901 2998 cis
921 2948 1004 2997 verbs
1028 2939 1192 2996 διατύσσειν
1211 2952 1241 2995 et
1263 2935 1402 3008 ἀριθμεῖν

857 3017 1029 3080 reperiuntur
1048 3019 1075 3066 in
1088 3017 1140 3067 hee
1155 3032 1183 3066 re
1197 3015 1322 3066 adhibite
1337 3012 1401 3071 l’ll,

859 3086 918 3136 100.
934 3087 975 3137 De
986 3088 1044 3151 ipso
1054 3076 1312 3147 νοτλιοὲξαριθμεῑν
1322 3082 1402 3148 plurs

856 3171 889 3206 ex
910 3156 1046 3217 Isocrate,
1068 3156 1132 3206 aliis
1152 3154 1267 3220 protulit
1284 3154 1402 3217 Strsuge

856 3228 898 3274 in:
919 3224 1033 3275 Jshrbb.
1049 3225 1066 3274 t'.
1080 3225 1178 3275 Philol.
1200 3240 1227 3274 u.
1242 3224 1401 3288 Psedsgog.

857 3293 949 3358 Suppl.
967 3295 1018 3347 111.
1035 3310 1060 3358 p.
1075 3295 1136 3345 billi.

890 3359 937 3412 καὶ
948 3354 1000 3413 luo
1010 3367 1041 3412 're
1051 3362 1150 3428 ταῦτα]
1160 3365 1222 3413 [ltro
1231 3361 1309 3413 eodd.
1319 3356 1402 3413 τάδτι

858 3432 944 3495 mele,
963 3436 986 3485 si
1004 3433 1112 3498 quidem
1129 3430 1219 3481 ταῦτα
1238 3433 1274 3481 sd
1294 3437 1403 3482 miece-

857 3502 965 3564 dentis,
985 3501 1052 3552 τάδε
1066 3504 1101 3553 ed
1115 3504 1258 3567 sequentis
1277 3505 1403 3565 spectus

857 3573 925 3621 estis
937 3577 978 3623 est
991 3579 1093 3627 uotum.
1104 3601 1138 3610 —
1148 3572 1180 3621 ln
1190 3587 1266 3635 seqq.
1279 3586 1328 3635 pro
1340 3561 1402 3619 ἐκό-

857 3641 1012 3703 prouvino
1033 3643 1112 3695 codd.
1128 3636 1311 3704 isopleurus:
1329 3655 1401 3706 quse

858 3711 952 3762 eedem
965 3711 1091 3762 lectionis
1105 3714 1227 3763 varietus
1239 3711 1278 3773 V,
1291 3709 1339 3771 83,
1353 3710 1402 3759 ubi

858 3780 911 3831 vid.

894 3844 972 3913 Σάλη
983 3863 1012 3897 τε
1023 3846 1240 3914 Σαμοθρηϊκίη]
1254 3848 1400 3900 Samotbra-

858 3921 913 3980 οἰα,
928 3920 1039 3983 opinor,
1055 3918 1157 3969 dicitur
1169 3917 1246 3977 Sale,
1263 3918 1336 3982 quod
1349 3918 1399 3967 Ss-

857 3989 1025 4039 mothrseum
1035 3987 1088 4037 luit
1098 3988 1204 4038 colonis
1215 3989 1243 4036 in
1252 3992 1326 4037 terre
1335 4003 1399 4037 eon·

858 4059 958 4110 tinenti
973 4058 1109 4108 't'hrseise
1129 4058 1165 4108 sd
1185 4073 1260 4107 orem
1278 4056 1396 4107 condite.

859 4129 901 4178 De
914 4128 996 4179 verbo
1010 4122 1134 4185 πολιΐειν
1146 4127 1202 4179 rid.
1218 4127 1308 4176 citsts
1320 4126 1354 4177 sd
1365 4128 1398 4187 V,

861 4194 903 4250 13.
934 4198 975 4248 Ad
989 4213 1032 4259 es,
1046 4212 1115 4261 quse
1124 4196 1252 4261 deinceps
1263 4197 1335 4261 spnd
1345 4196 1398 4245 He·

859 4266 983 4317 rodoturn
1005 4267 1143 4331 leguntur,
1169 4267 1289 4330 pertinet
1312 4265 1398 4316 Melae

860 4337 935 4387 loeus
950 4338 994 4397 11,
1007 4338 1033 4385 2.
1049 4334 1074 4396 ἦ,
1088 4336 1118 4386 8:
1142 4335 1260 4399 „deinde
1275 4350 1398 4401 promon-

859 4409 958 4457 torium
974 4405 1116 4467 Serrlriren,
1136 4410 1164 4456 et
1181 4420 1235 4472 qno
1255 4410 1395 4459 canentem
