3048 5130
462 438 469 452 ·
571 404 748 472 ERATO.
769 406 823 469 VI.
843 415 887 472 ao.
910 416 953 470 ar.
1271 398 1332 466 249

196 578 362 673 ἀλλήλῃσι
382 582 627 671 ἐξεινώθησαν·
663 580 766 652 οὐδὲν
783 577 903 669 ὁμοίως
926 581 981 650 καὶ
1004 576 1188 667 Ἀθηναῖοι.
1229 576 1331 669 Ἀθη-

197 704 290 757 ναῖοι
310 686 455 775 μὲνγὰρ
476 692 580 776 δῆλον
606 689 766 774 ἐποίησαν
784 681 1099 773 ὑπεραχθεσθέντες
1120 689 1162 773 τῆ
1175 684 1332 773 Μιλήτου

197 788 341 877 ἁλώσει,
361 796 403 880 τῇ
422 819 459 859 τε
478 788 562 878 ἄλλῃ
584 796 750 880 πολλαχῆ,
773 791 828 858 καὶ
848 787 890 876 ἂν)
906 790 962 858 καὶ
982 786 1155 877 ποιήσαντι
1173 794 1331 880 Φρυνίχῳ

199 992 292 1058 1832.)
315 1007 378 1058 pag.
397 993 445 1054 25,
465 992 512 1056 qui
529 991 598 1043 bene
612 990 665 1042 hoc
682 994 742 1043 loco
793 990 859 1057 reip.
876 991 945 1041 bene
957 989 1067 1053 gerend.
1082 989 1144 1054 17),
1157 991 1267 1041 Libanii
1281 991 1331 1053 (Τ.

196 1064 302 1123 utitur,
318 1066 349 1112 ut
361 1078 394 1112 ex
411 1077 465 1127 quo
484 1065 593 1127 pateat,
613 1063 742 1114 civitates
792 1063 816 1112 I.
844 1077 906 1125 paq.
919 1059 1003 1123 566),
1025 1061 1160 1110 Ammiani
1179 1063 1333 1113 Marcellini

197 1134 283 1184 otiam
301 1147 362 1181 curn
385 1131 546 1182 civitatibus
569 1130 634 1192 (non
656 1133 742 1184 solutu
794 1131 934 1196 (XXVIII,
948 1130 972 1190 l,
984 1129 1031 1179 ubi
1042 1130 1098 1180 vid.
1109 1131 1292 1196 Lindenbrog.
1304 1151 1331 1199 p.

198 1218 261 1253 cum
283 1201 398 1266 singulis
419 1200 585 1267 hominibus)
606 1203 743 1253 interdum
792 1201 845 1251 212
865 1199 907 1250 ed.
924 1198 1051 1264 Wagn),
1070 1199 1162 1250 Schol.
1180 1201 1215 1251 ad
1227 1203 1333 1254 Aristo-

198 1270 418 1336 hospitalitatem
431 1274 552 1322 mutuam
567 1272 669 1323 iniisse.
700 1273 743 1322 De
793 1269 876 1335 pban.
900 1269 994 1334 (Vesp.
1014 1267 1112 1333 1490),
1134 1271 1227 1320 Treta.
1252 1271 1333 1334 (Chii.

198 1342 266 1391 lana
288 1341 398 1393 Milesia
421 1341 597 1407 vestibusque
616 1341 743 1404 Milesiis,
791 1338 1329 1418 vl11,lennemseersuxiessung.

199 1426 273 1474 qnae
287 1411 406 1476 optimae
419 1427 452 1462 ac
466 1411 680 1477 pretiosissimae
695 1412 743 1461 ha·
793 1414 821 1461 et
831 1409 866 1459 ad
873 1407 986 1459 Herod.
999 1405 1241 1473 Εργ.412).-1)ε
1250 1412 1334 1477 perti.

198 1481 344 1540 bebetetur,
359 1481 394 1531 ab
409 1480 564 1532 hominihus
577 1480 703 1532 mollibus
715 1486 743 1532 et
792 1480 864 1543 cipio
882 1469 1163 1542 ὑπεραχθεσθέντες,
1183 1481 1254 1545 quod
1271 1498 1332 1533 curn

198 1550 326 1601 luxuriae
338 1550 439 1602 deditis
453 1552 556 1615 gestari
572 1550 663 1602 solitis
682 1549 743 1616 plu·
792 1548 883 1600 verbis
911 1540 1060 1612 Ἀθηναῖοι
1087 1538 1138 1610 μὲν
1163 1545 1216 1611 γὰρ
1244 1548 1334 1615 δῆλον

198 1635 233 1671 ra
244 1619 281 1669 ad
293 1620 433 1670 Plutarchi
443 1618 531 1672 Alcib.
542 1636 605 1685 pag.
623 1620 744 1685 lbbseq.
792 1612 931 1680 ἐποίησαν
944 1619 1020 1667 arcte
1036 1616 1172 1681 cohaeret,
1180 1620 1234 1669 rid.
1244 1620 1334 1671 Kueh-

198 1690 351 1754 disputavi.
387 1691 429 1739 Ex
452 1695 623 1741 mercaturae
642 1690 742 1741 studiis
793 1685 1334 1750 nerGr.Gr.§.658;velstenim:Athe-

198 1774 269 1809 sans
289 1764 411 1823 repetere
429 1759 523 1811 licebit
540 1759 610 1810 hanc
630 1758 744 1811 amiciti-

199 1845 245 1878 am
258 1827 446 1893 Sybaritarum
468 1834 551 1894 atque
565 1828 744 1891 Milesiorum,

200 1914 274 1964 quae
286 1900 347 1962 ipsa
365 1916 380 1950 e
394 1900 529 1949 communi
545 1900 688 1964 utriusque
707 1901 744 1948 ci-

198 1969 298 2017 vitatis
314 1969 420 2031 origine
434 1973 494 2019 orta
511 1968 554 2019 his
575 1974 744 2018 mercaturae

199 2037 300 2087 studiis
316 2037 446 2101 deinceps
465 2043 549 2089 aucta
566 2035 669 2100 fuerit3
685 2037 743 2089 rid.

197 2105 322 2158 Ullrich:
346 2108 388 2159 De
406 2108 537 2171 Sybaritt.
555 2123 608 2159 rer.
631 2108 743 2172 specim.

199 2192 268 2241 pag.
278 2177 321 2235 41,
335 2176 467 2228 Larenta:
481 2179 523 2229 De
530 2178 690 2228 Tarentina.
706 2177 745 2229 ci-

198 2247 284 2297 vitat.
299 2261 361 2310 pag.
376 2246 417 2299 16.

231 2305 383 2378 Ἀθηναῖοι
399 2308 452 2378 μὲν
471 2308 525 2379 peip
539 2312 630 2378 δῆλον
647 2304 745 2378 ἐποίη-

200 2397 255 2433 σαν
266 2399 322 2433 rac.
332 2382 369 2449 1.]
379 2385 481 2436 Incidit
488 2385 540 2436 hcc
548 2383 666 2436 testibus
677 2386 744 2435 Lar·

200 2454 287 2505 charo
306 2456 334 2503 in
348 2455 417 2504 Tab.
430 2454 550 2507 chronol.
568 2470 632 2519 pag.
648 2454 699 2505 638
717 2460 745 2505 et

200 2522 375 2575 Blomfleldio
395 2526 423 2574 iu
434 2524 553 2576 Praelat.
569 2523 604 2574 ad
618 2521 745 2587 Aeschyli

199 2594 278 2645 Pers.
295 2609 359 2658 pag.
371 2594 410 2645 VI
427 2594 455 2643 in
470 2594 577 2657 Olymp.
592 2594 678 2654 LXX,
692 2596 709 2643 4
722 2608 744 2643 s.

201 2664 254 2713 491
268 2668 333 2713 ante
347 2663 409 2713 Chr.
427 2680 454 2714 u.
483 2664 561 2725 Quod
575 2668 667 2713 temen
687 2663 746 2712 lieri

200 2735 288 2799 neqit,
303 2732 452 2796 similetur,
463 2738 495 2784 ut
505 2733 540 2783 ad
549 2733 598 2796 VI,
613 2732 645 2783 18
656 2733 747 2796 posui-

202 2818 280 2865 mus,
301 2818 373 2853 anno
385 2802 438 2853 494
455 2808 521 2854 aute
537 2802 599 2854 Chr.
617 2817 644 2850 u.
662 2806 745 2866 capta

201 2876 260 2923 est:
283 2871 354 2923 unde
375 2872 507 2922 malumne
529 2887 588 2922 cum
604 2872 745 2936 Krnegero

201 2941 249 3007 (ad
265 2940 384 2991 Clinton.
398 2943 475 2993 Past.
488 2941 594 2992 Hellen.
609 2940 647 2990 11.
660 2956 687 3005 p.
698 2939 744 3005 25)

202 3016 230 3063 et
244 3009 530 3077 Schultaioffleitriiqe
545 3008 628 3076 peu)
646 3026 745 3061 anuum

202 3080 433 3132 constituereris
447 3087 510 3131 ante
520 3080 581 3131 Chr.
595 3096 634 3141 n.,
643 3080 696 3130 nisi
711 3080 747 3130 ad

201 3153 291 3201 scrius
312 3151 420 3201 omnino
438 3155 559 3215 tempus,
581 3164 634 3214 quo
651 3149 747 3200 fabula

200 3220 351 3285 Phrynichi
367 3220 395 3270 in
415 3236 523 3271 scenam
541 3219 675 3286 producta
694 3223 745 3283 est,

202 3289 431 3343 descendendum.
458 3289 653 3341 Weissenborn
664 3287 746 3354 (Hel-

199 3360 243 3410 las
258 3376 284 3424 p.
303 3358 503 3423 lanbrihtum
522 3364 632 3421 captam
647 3374 707 3409 esse
719 3374 745 3408 a.

200 3430 255 3483 426
275 3444 336 3480 cum
352 3431 510 3492 statuisset,
524 3429 645 3479 fabulam
660 3428 746 3492 Phry-

202 3499 276 3550 nichi
290 3514 361 3549 anno
374 3503 450 3563 post,
470 3500 488 3551 i.
503 3515 526 3550 e.
540 3499 591 3550 465
606 3503 668 3549 ante
683 3497 744 3547 Chr.

200 3586 229 3620 n.
240 3573 333 3618 actam
345 3584 404 3619 csse
414 3573 502 3634 putat.
523 3569 601 3631 Quod
612 3567 647 3617 ed
658 3569 746 3632 ipsum

201 3644 393 3704 argumentum
418 3638 531 3699 attinet,
556 3638 651 3688 eadem
680 3638 745 3699 fere,

792 1760 893 1808 aienses
903 1758 988 1819 pulum
997 1756 1113 1820 fecerunt
1124 1773 1248 1824 meppiam,
1265 1776 1335 1824 quern

793 1844 828 1879 ex
850 1827 937 1877 Mileti
954 1828 1141 1889 exaequatione
1157 1838 1335 1893 perceperant,

794 1900 883 1948 [nomm
896 1912 918 1946 s.
931 1911 1042 1961 mappam
1051 1911 1079 1946 se
1090 1898 1178 1947 luctam
1189 1902 1336 1962 percepisse

791 1968 879 2032 palum
890 1966 1064 2017 declararunt.
1098 1966 1140 2016 De
1154 1967 1258 2018 dativis
1271 1983 1336 2017 ποι·

794 2030 896 2100 η’σαντι
915 2033 1010 2094 Φαννί
1026 2050 1093 2101 ῳ-
1110 2031 1159 2084 καὶ
1176 2029 1335 2097 διδάξαντι,

796 2107 842 2171 qui
859 2105 893 2154 ad
906 2105 991 2156 verba
1003 2049 1030 2161 A
1043 2100 1156 2167 uisque
1168 2121 1197 2156 τε
1211 2100 1291 2157 ἔπεσε
1303 2100 1335 2157 τὸ

794 2174 920 2238 θέητρον
940 2174 1092 2239 pertinent,
1114 2175 1185 2227 idern
1198 2177 1335 2229 Kuehner.

795 2245 901 2295 monuit
915 2247 940 2308 ς.
955 2244 1023 2305 581,
1038 2243 1070 2305 b;
1093 2244 1129 2293 ci.
1145 2261 1230 2312 snpra
1240 2248 1278 2307 V,
1291 2247 1334 2298 nr.

795 2316 838 2364 De
855 2312 1054 2378 significatione
1072 2314 1148 2365 verbi
1165 2317 1261 2364 ποιεῖν
1279 2318 1336 2368 vid.

794 2383 855 2433 Vol.
868 2384 890 2432 Ι.
906 2400 931 2448 p.
947 2383 1011 2443 8563
1037 2383 1070 2432 de
1086 2387 1170 2437 verbo
1189 2377 1336 2437 διδάσκειν

794 2453 850 2503 vid.
865 2452 888 2514 Ι,
904 2453 937 2504 23
951 2453 1043 2518 ibique
1054 2457 1124 2503 nott.

847 2516 895 2570 nul
919 2514 1070 2585 ποιήσαντι
1099 2518 1247 2588 Φρυνίχῳ]
1284 2523 1338 2586 Qui

795 2589 965 2655 Phrynichus
989 2592 1112 2655 tragicus
1136 2594 1234 2655 poeta,
1265 2592 1338 2658 quod

796 2676 868 2710 nnnc
881 2660 938 2712 iere
952 2676 1030 2711 uerno
1047 2662 1143 2722 nescit,
1156 2662 1225 2711 bene
1237 2662 1337 2714 discer-

796 2729 902 2783 nendus
913 2736 956 2783 est
968 2731 1003 2781 ab
1017 2730 1072 2781 alio
1087 2730 1241 2794 Phrynicho
1256 2735 1338 2782 comi·

797 2817 844 2859 co,
866 2800 911 2865 qni
929 2800 995 2850 inte
1007 2799 1216 2866 Aristophanem
1229 2800 1338 2852 fabulas

796 2870 909 2921 Athenis
931 2870 1056 2921 docuisse
1074 2870 1169 2920 fertur.
1204 2871 1338 2936 Tragicus

797 2943 892 3006 polita,
907 2940 953 3003 qni
971 2939 1024 2989 ianr
1044 2955 1114 2990 auno
1131 2940 1181 2991 511
1195 2944 1259 2991 ante
1276 2940 1338 2992 Chr.

795 3027 822 3060 n.
837 3009 981 3061 victoriam
1001 3009 1095 3060 fabule
1112 3011 1141 3059 in
1154 3025 1263 3065 scenam
1277 3027 1340 3075 pro·

797 3080 881 3130 ducti
891 3083 1048 3144 reportasse
1059 3080 1168 3141 dicitnr,
1177 3080 1275 3145 quique
1287 3081 1339 3131 cir-

796 3165 830 3200 ca
856 3149 991 3199 suntid
1012 3148 1101 3199 adhuc
1125 3150 1217 3199 floruit
1238 3150 1339 3200 fabulis

797 3218 923 3284 agendis,
944 3216 1107 3281 Aeschylum
1125 3220 1245 3283 proxime
1261 3224 1339 3270 ante-

797 3289 884 3349 cedit,
897 3289 945 3353 qui
959 3303 992 3338 ex
1004 3288 1062 3339 eius
1075 3287 1175 3339 sabulis
1185 3304 1214 3339 se
1226 3288 1340 3339 nonnul·

796 3357 824 3408 la
853 3356 1002 3422 sumpsisse
1024 3357 1170 3423 eademque
1193 3374 1339 3410 exornasse

797 3427 947 3492 meliusque
964 3427 1140 3479 constituisse
1157 3428 1291 3493 gloriatur
1310 3429 1340 3477 iu

797 3497 973 3562 Aristophan.
994 3498 1065 3547 Ran.
1083 3497 1149 3548 1332
1164 3513 1239 3564 seqq.
1267 3498 1339 3561 Alia,

798 3582 869 3632 quae
888 3567 921 3617 de
940 3565 991 3616 hoc
1009 3568 1091 3629 poeta
1108 3567 1220 3631 eiusque
1239 3565 1340 3619 sabulis

797 3640 943 3697 constant,
963 3635 1062 3685 tradidi
1081 3637 1123 3685 in:
1136 3621 1248 3701 Pauly's
1259 3637 1341 3688 Resi-

202 3723 275 3774 quae
283 3708 442 3759 Herodotus
456 3708 482 3757 h.
496 3707 514 3758 l.
529 3712 648 3769 enarrat,
660 3723 674 3756 e
684 3704 746 3755 Cal·
797 3705 988 3770 Encyclop.V.
1003 3720 1030 3769 p.
1045 3704 1111 3756 1583
1126 3720 1192 3771 aeq,
1208 3707 1253 3757 ubi
1266 3708 1340 3757 viros

202 3778 321 3828 listhene
341 3777 435 3828 retulit
447 3778 546 3829 Strabo
560 3777 631 3827 XIV.
652 3792 677 3840 p.
694 3775 746 3825 642
798 3775 908 3835 doctos,
930 3776 977 3839 qui
991 3778 1085 3824 nostra
1102 3779 1193 3825 aetate
1210 3776 1243 3825 de
1257 3776 1340 3840 Phry-

202 3850 225 3898 B
239 3864 262 3898 a.
275 3863 302 3911 p.
315 3846 366 3897 636
381 3846 444 3898 coll.
457 3847 563 3898 Aelian.
578 3848 610 3898 V.
623 3845 746 3907 H.xl11‚
799 3845 878 3895 nicho
889 3845 1074 3907 disputarunt,
1084 3843 1206 3905 laudari,
1217 3846 1340 3910 inprimis

205 3920 252 3978 17,
273 3916 319 3966 ubi
341 3916 398 3967 vid.
413 3917 554 3971 Perizon.¹
574 3918 652 3966 cuins
664 3918 747 3964 notae
799 3913 1003 3964 C.O.Mneller:
1024 3912 1186 3965 Geschichte
1198 3915 1223 3967 d.
1236 3916 1338 3977 priech.

202 3986 320 4037 Wessel.
337 3985 401 4036 addi
414 3986 474 4035 vult
488 3985 605 4036 Bentlei.
619 3983 746 4049 Epistoll.
798 3985 868 4033 Litt.
885 3983 922 4032 II.
942 4000 969 4048 p.
982 3982 1016 4033 35
1029 3999 1123 4047 seqq,
1137 3983 1224 4034 Bode:
1241 3984 1339 4035 liesch.

202 4054 345 4109 Phalarid,
365 4071 391 4120 p.
411 4057 463 4106 255
500 4056 556 4105 rid.
576 4069 648 4105 nunc
669 4053 747 4104 Rich.
800 4053 825 4102 d.
839 4052 936 4103 hellen.
950 4052 1118 4102 Dicbtlrunst
1130 4052 1181 4106 ΙΙΙ.
1198 4055 1229 4105 P.
1240 4054 1262 4104 l.
1274 4070 1338 4119 paq.

203 4124 344 4188 Bentley's
359 4123 503 4176 Abhaudll.
521 4125 586 4174 iiber
599 4123 643 4174 die
655 4123 747 4173 Briefe
798 4124 832 4175 62
845 4138 938 4187 seqq,
956 4120 1130 4186 Bernhardy:
1149 4121 1294 4173 Grundriss
1312 4124 1338 4174 d.

203 4194 252 4246 des
265 4193 391 4245 Phalaris
403 4200 455 4244 etc.
472 4193 597 4245 v.Wold.
612 4192 746 4243 Ribbeck.
798 4192 900 4251 triech.
915 4192 984 4240 Litt.
1003 4191 1039 4240 11.
1056 4207 1083 4254 p.
1104 4191 1154 4241 568
1167 4207 1242 4256 seqq.
1276 4193 1341 4256 ipsa

203 4265 280 4328 Lips.
298 4263 374 4313 1851.
388 4280 450 4329 pag.
464 4263 516 4314 285
528 4280 613 4328 seqq..
627 4262 674 4312 nbi
686 4261 748 4312 reli·
798 4261 953 4311 fabularum
972 4260 1173 4324 deperditarum
1188 4261 1341 4325 fragmenta

204 4348 319 4399 quorum
333 4335 494 4397 scriptorum
511 4333 561 4383 hac
577 4332 610 4382 de
626 4347 654 4381 re
668 4332 747 4382 testi·
798 4345 888 4394 panca
901 4345 973 4393 quae
986 4335 1146 4393 supersunt,
1167 4329 1281 4380 collecta
1294 4348 1340 4382 ex-

205 4405 298 4453 monia
320 4403 514 4467 proferuntur:
546 4402 664 4465 Longini
687 4401 746 4467 (De
798 4400 873 4450 hibet
897 4398 1008 4449 Nauck:
1040 4400 1168 4463 Tragicc.
1196 4399 1337 4449 Graecorr.

203 4472 313 4523 sublim.
329 4472 396 4537 24),
414 4472 554 4523 Plutarchi
569 4471 745 4536 (Praecepit.
796 4471 933 4534 Fragmm.
949 4485 976 4536 p.
990 4470 1040 4521 557
1050 4484 1125 4534 seqq.
1146 4469 1185 4519 Ac
1198 4473 1340 4534 praeterea
