3048 5130
233 410 295 473 250
670 409 935 472 HERODO'I'I

234 587 345 672 δρᾶμα
359 579 515 671 Μιλήτου
528 578 670 669 ἅλωσιν,
691 584 747 653 πα1
763 583 955 671 διδάξαντι,
975 585 1009 665 ἐς
1024 584 1155 673 δάκρυά
1168 612 1203 655 τε
1218 591 1317 656 ἔπεσε
1331 583 1371 657 τό

233 690 397 776 θέητρον,
426 687 481 754 καὶ
502 687 687 775 ἐζημίωσάν
708 716 783 775 μιν,
815 684 859 769 ὥς
882 687 1119 777 ἀναμνήσαντα
1139 688 1249 778 οἰκήια
1269 689 1370 773 κακὰ,

233 798 357 880 χιλίῃσι
372 794 554 879 δραχμῇσι·
582 792 638 860 καὶ
653 793 814 875 ἐπέταξαν
826 794 943 882 μηκέτι
956 795 1086 881 μηδένα
1099 798 1244 883 χρᾶσθαι
1259 790 1370 886 τούτῳ

231 900 278 990 τῷ
293 892 447 983 δράματι.

232 1063 351 1113 conferri
367 1065 505 1127 poterunt,
521 1075 590 1124 quae
606 1058 670 1110 olim
682 1065 774 1125 protu-
822 1063 947 1128 Longino
964 1056 1028 1126 aspi
1040 1050 1142 1124 ’ὕψους
1159 1065 1183 1126 g.
1196 1064 1229 1113 24
1243 1079 1314 1113 uuna
1327 1078 1370 1114 re·

231 1132 324 1184 lerunt
340 1133 462 1182 Passow.
482 1132 508 1180 in
528 1130 631 1180 Meiett.
654 1131 728 1183 sritt.
745 1132 773 1181 in
823 1134 943 1197 positam
963 1138 1005 1183 est
1022 1124 1111 1186 ἔπεσι.
1144 1135 1218 1183 Voce
1239 1128 1368 1196 θέητρον

232 1201 362 1267 Aeschyli
377 1202 476 1251 Persas
489 1199 618 1263 (Vratisi.
633 1200 726 1265 ¹1828)
746 1217 772 1266 p.
825 1204 900 1267 ipsos
910 1210 1067 1265 spectatores
1077 1207 1104 1251 et
1113 1204 1243 1253 auditores
1254 1204 1368 1266 saepius

232 1274 248 1322 7
269 1281 297 1323 et
315 1271 346 1324 Ο.
368 1272 391 1323 Ι.
410 1270 566 1322 Hoffmann.
588 1270 618 1318 in
637 1269 727 1320 Iahuii
747 1274 774 1321 et
825 1272 940 1322 indicari
962 1273 1065 1322 monuit
1078 1272 1219 1335 Wyttenb.
1243 1275 1271 1322 in
1291 1272 1366 1326 Bibl.

233 1340 348 1394 Seehod.
365 1339 460 1390 hunsl.
479 1340 572 1404 Suppi.
587 1339 628 1400 11,
645 1341 667 1390 l.
687 1357 714 1404 p.
728 1341 772 1391 40.

232 1414 275 1464 41.
308 1410 413 1470 Quibus
431 1410 499 1460 haee
517 1412 636 1460 Creazer.
658 1410 773 1460 adiicit:

232 1483 294 1546 „De
301 1480 454 1545 Phrynicho
463 1480 568 1544 tragico
578 1478 648 1528 adde
656 1478 773 1529 Schoeii.

231 1553 259 1602 in
269 1551 343 1601 Hist.
355 1550 388 1599 de
400 1550 428 1599 ia
439 1550 596 1599 Literatare
608 1564 723 1613 greeque
735 1550 773 1599 11.

232 1638 258 1687 p.
275 1620 341 1671 16111
357 1626 385 1668 et
402 1619 537 1670 Ciintanis
548 1619 625 1667 Fast.
639 1617 772 1669 Heileuic.

231 1708 258 1756 p.
275 1690 374 1741 xxxl.
390 1694 446 1739 not.
463 1695 488 1749 t,
507 1689 554 1738 ubi
566 1688 649 1739 etiam
669 1688 701 1739 de
715 1690 773 1739 eius

232 1763 324 1811 aetate
342 1763 425 1822 atque
445 1759 522 1809 abitu
539 1758 565 1807 iu
584 1756 694 1818 sieilia,
720 1758 773 1808 ihi-

231 1832 345 1895 demque
359 1831 523 1893 aKrnsgero
538 1826 629 1876 iaudd.
642 1828 772 1878 Meinehii

232 1901 344 1962 Quaest.
359 1914 452 1950 seenn.
467 1898 579 1960 11..pag.
597 1898 613 1948 6
627 1897 706 1961 seq.“
730 1898 771 1947 De

231 1970 293 2032 ipsa
319 1967 467 2031 Phryuiehi
492 1965 586 2016 fabula
607 1966 635 2015 in
660 1981 770 2017 scenam

232 2039 377 2102 producta,
391 2037 424 2087 de
441 2051 495 2102 qua
505 2035 531 2085 h.
547 2033 566 2087 1.
581 2035 686 2100 agitur,
703 2037 772 2086 nihil

232 2107 288 2157 fers
306 2109 430 2170 superest
458 2111 566 2169 praeter
588 2121 621 2155 ea
646 2111 771 2156 veterum

230 2178 392 2240 scriptorum
408 2175 580 2232 testimonia,
600 2190 668 2240 quae
687 2190 770 2241 supra

230 2246 428 2309 excitavimus,
441 2244 599 2296 Herodotes
613 2244 769 2310 pierumque

229 2316 422 2380 repetentiam:
441 2331 491 2366 nee
503 2313 615 2365 aliunde
626 2315 771 2380 quidquam

228 2390 347 2447 constat,
358 2386 427 2436 adeo
438 2390 469 2435 nt
479 2389 648 2451 quaererent,
658 2400 711 2449 quo
724 2402 770 2436 uo·

229 2459 301 2506 mine
317 2455 365 2506 illa
379 2455 461 2506 luerit
476 2455 610 2518 inscripta
625 2459 653 2505 et
669 2455 695 2504 iu
711 2472 771 2506 sce·

228 2542 291 2576 nam
307 2526 452 2589 producta:
475 2524 565 2590 quain
583 2539 611 2575 re
625 2525 697 2590 quod
710 2527 768 2591 qni-

228 2597 289 2646 dam
304 2596 336 2645 de
349 2611 382 2646 ea
395 2594 487 2645 lahuia
497 2594 667 2660 angitarant‚
687 2610 768 2660 quam

228 2667 328 2717 Suidas
342 2667 451 2716 nomine
463 2663 586 2724 Πεοοοῖν
596 2663 710 2721 indicat,
721 2667 769 2715 mi-

227 2737 254 2786 hi
271 2740 345 2786 certe
360 2736 433 2785 haud
446 2735 556 2785 dubium
571 2732 688 2799 videtur,
703 2737 768 2799 quin

227 2798 360 2868 Metricos
387 2795 491 2861 ἅλωσις
513 2804 596 2854 fuerit
626 2804 769 2871 inscripta,

226 2875 308 2939 idque
327 2875 372 2924 vei
395 2878 506 2940 propter
525 2872 693 2925 Herodotum
711 2881 768 2927 sta·

226 2949 288 3005 tuo,
307 2944 354 3008 qni
372 2945 436 2994 roei
455 2940 549 3007 δρᾶμα
566 2945 654 3009 ipsam
673 2945 768 2996 inseri·

226 3014 345 3078 ptiouem
358 3015 451 3064 eadem
464 3014 492 3062 iu
507 3029 573 3063 casu
593 3029 640 3078 per
657 3018 767 3080 apposi-

227 3085 339 3144 tionem,
354 3087 384 3133 ut
397 3084 501 3146 dicunt,
519 3083 654 3132 adiectam
668 3085 765 3137 valuit.

824 1341 913 1393 critic.
932 1342 994 1393 XII.
1012 1340 1089 1405 (111,
1106 1340 1149 1405 t.)
1165 1357 1227 1407 pag.
1248 1342 1282 1393 79
1303 1341 1366 1393 coll.

824 1411 991 1463 Schneidere
1004 1411 1022 1461 1.
1036 1410 1055 1461 1.
1070 1426 1133 1476 pag.
1149 1412 1191 1462 74.

858 1475 907 1529 πα1
923 1471 1081 1543 ἐζημίωσάν
1102 1495 1168 1544 μιν,
1187 1468 1226 1535 ὥς
1239 1472 1368 1545 ἀναμνή-

824 1562 913 1598 σαντα
927 1542 1025 1612 ολιιήῖα
1050 1542 1138 1613 παισὶ,
1167 1547 1271 1613 χιλίῃσι
1295 1548 1367 1614 δρα·

823 1617 927 1686 χμῇσι]
946 1621 988 1670 De
1004 1623 1142 1672 structura
1156 1619 1231 1670 verbi
1245 1617 1367 1683 ζημιοῦν

822 1705 883 1739 enm
896 1690 1005 1753 dativo,
1019 1688 1066 1753 qui
1076 1704 1182 1754 poenae
1192 1690 1300 1740 modam
1316 1690 1366 1741 de·

823 1759 918 1821 clarat,
935 1758 991 1809 vid.
1006 1759 1164 1820 Haradvl,
1180 1759 1229 1810 136
1240 1759 1365 1811 etKueh·

822 1845 870 1879 uer
881 1832 907 1893 ς.
920 1829 986 1890 586,
1001 1828 1033 1891 d,
1049 1830 1097 1893 qni
1110 1829 1179 1879 idem
1190 1832 1216 1892 ὅ.
1229 1829 1290 1880 516.
1303 1835 1365 1882 not.

824 1899 836 1949 1
852 1898 886 1949 de
898 1898 1067 1959 accusativo,
1078 1899 1125 1963 qui
1137 1898 1220 1948 verbo
1233 1891 1367 1963 ἀναμνή-

822 1979 910 2017 σαντα
927 1968 1053 2028 additur‚
1070 1971 1184 2017 monuit.
1217 1968 1364 2019 Caeterum

819 2040 886 2089 mille
899 2036 1060 2097 drachmae,
1075 2038 1191 2087 Wurmii
1204 2038 1326 2089 rationes
1338 2040 1365 2088 si

820 2109 978 2173 sequimur,
1010 2106 1132 2159 eiiieinnt
1154 2121 1284 2158 summam
1310 2109 1362 2160 241

822 2176 934 2228 thalerr.
954 2178 970 2226 7
987 2192 1075 2242 grass.
1101 2177 1160 2228 sive
1180 2176 1232 2227 434
1248 2178 1366 2229 florenn.

823 2246 854 2295 18
867 2247 1006 2311 crncigg.‚
1031 2261 1101 2310 qaae
1119 2244 1221 2296 maleta
1236 2262 1285 2309 pro
1306 2247 1366 2299 illis

820 2317 989 2380 temporibus
1004 2317 1076 2368 satis
1089 2330 1187 2381 magus
1205 2316 1299 2366 haberi
1313 2333 1363 2379 po-

819 2387 894 2436 terit.
919 2385 1052 2450 Causam,
1071 2400 1124 2451 qua
1136 2386 1263 2435 commoti
1276 2386 1365 2437 Athe·

819 2455 927 2507 nienses
946 2458 1045 2520 potitae
1061 2460 1167 2505 tautam
1182 2454 1311 2506 muletam
1326 2458 1367 2506 ir-

818 2525 954 2589 rogarint,
971 2525 1126 2576 Herodotus
1144 2525 1250 2576 indicat
1268 2526 1364 2577 verbis

819 2587 857 2651 ὥς
868 2587 1072 2659 ἀναμνήσαντα
1088 2585 1186 2658 clarita
1198 2588 1284 2657 κατὰ,
1295 2611 1364 2646 eon-

819 2663 893 2714 sulto
906 2666 1064 2730 praeposita
1076 2665 1175 2715 vaenit
1186 2657 1232 2721 ὥς,
1244 2663 1316 2715 hono
1330 2666 1363 2716 in

819 2733 972 2795 moduinus
983 2738 1026 2800 pai
1034 2752 1055 2785 s.
1064 2750 1096 2785 eo
1107 2735 1176 2799 qaod
1187 2736 1211 2783 ia
1221 2739 1363 2786 amariam

818 2804 1010 2856 Atheniensibus
1034 2806 1181 2855 domesticas
1203 2806 1363 2857 calamitates

818 2882 970 2925 revocasset,
988 2874 1058 2924 Nam
1066 2873 1235 2925 Milesiorum
1246 2873 1361 2924 calami-

819 2948 890 2993 tates
902 2943 1082 2995 Athenienses
1094 2958 1202 3009 qnoque
1216 2944 1250 2993 ob
1263 2945 1361 3010 stirpis

817 3015 1031 3065 communionem
1041 3013 1230 3079 attingebant:
1248 3014 1298 3064 has
1311 3030 1362 3064 va-

817 3100 847 3134 ro
862 3084 1035 3135 calamitates
1053 3083 1183 3148 temporis
1202 3084 1361 3134 recentissi-

225 3153 283 3202 Nee
305 3153 392 3215 magis
418 3150 581 3202 audiendum
614 3168 673 3203 esse
700 3160 766 3218 puto
816 3155 853 3203 mi
865 3169 898 3204 eo
914 3154 1003 3204 miuus
1015 3154 1042 3203 in
1055 3169 1166 3204 scenam
1181 3154 1293 3218 produci
1310 3170 1362 3203 vo-

225 3222 458 3287 Kaunpiesserum
468 3220 531 3283 (Die
541 3221 681 3272 komische
693 3225 765 3277 Bith·
815 3223 936 3283 inerant,
958 3239 1011 3287 qno
1022 3225 1108 3288 magis
1123 3223 1216 3289 utique
1230 3224 1281 3275 hae
1294 3226 1361 3274 ahe-

225 3307 258 3341 ne
271 3308 296 3353 p.
311 3291 422 3357 90),qai
435 3291 506 3341 hane
523 3291 643 3342 fabulam
656 3308 710 3343 uno
723 3296 764 3345 hi·
815 3299 877 3343 rant
892 3309 909 3343 a
923 3293 1053 3344 festorum
1068 3293 1241 3345 solemnitate
1253 3309 1286 3345 aa
1296 3308 1361 3357 gra-

224 3363 327 3412 strioue
340 3366 480 3425 peractam
494 3375 554 3411 esse
567 3362 705 3426 opinatur,
719 3366 765 3429 qui
814 3365 902 3413 vitate
915 3363 1047 3430 simulque
1060 3364 1161 3413 iustum
1182 3364 1360 3428 opprobrium

224 3431 437 3482 Atheniensibus
456 3447 470 3481 e
490 3437 622 3495 suggestu
638 3435 717 3496 quasi
738 3452 764 3486 e·
814 3433 1360 3495 inAtheniensesconiicerevidebautnr,

224 3502 378 3552 narraverit
387 3502 616 3565 expugnationem
626 3503 713 3553 Mileti
723 3505 764 3555 id·
815 3505 861 3568 qui
878 3503 1002 3569 cognatis
1013 3501 1128 3553 Milesiis
1147 3518 1206 3553 eam
1218 3519 1298 3569 quam
1313 3502 1360 3554 de·

224 3569 536 3636 quelamentsbilimodo
545 3573 679 3633 exegerit:
692 3573 764 3638 qnod
814 3572 916 3623 behsnt
927 3589 1004 3636 opem
1018 3572 1091 3622 haud
1103 3571 1230 3630 tulerint,
1248 3571 1296 3622 sed
1309 3589 1358 3624 ees

223 3641 247 3691 si
262 3656 355 3692 verum
367 3646 450 3701 esset,
467 3637 563 3702 δρᾶμα
576 3642 612 3691 ab
622 3643 763 3694 Herodoto
814 3643 931 3707 pessime
941 3643 1052 3693 interire
1065 3641 1193 3692 siverint:
1208 3642 1279 3693 unde
1288 3657 1359 3706 qno-

223 3711 277 3761 diei
290 3725 385 3762 revera
396 3710 470 3760 haud
484 3712 628 3769 potuisset.
814 3727 866 3776 que
881 3712 1094 3772 interdixerunt,
1113 3727 1147 3761 ne
1163 3713 1224 3777 quis
1239 3712 1358 3777 amplius

257 3771 285 3836 ἐς
300 3772 410 3841 δάκρυά
422 3780 456 3829 ’τε
474 3774 555 3830 ἔπεσε
572 3772 604 3829 sd
622 3773 759 3847 θέητρον]
813 3781 865 3832 hac
877 3781 972 3832 sabaia
984 3787 1115 3843 uteretur,
1127 3781 1145 3830 i.
1157 3798 1181 3832 e.
1194 3797 1228 3833 ne
1241 3786 1302 3847 quis
1314 3781 1357 3830 hi-

221 3850 295 3900 Hiuc
310 3849 383 3915 apud
395 3850 501 3901 helian.
518 3850 554 3902 N.
567 3850 598 3900 A.
615 3851 662 3913 IV,
674 3854 708 3902 42
722 3846 763 3909 εἰς
814 3852 881 3901 strio
895 3852 954 3902 sive
969 3850 1044 3902 chori
1059 3851 1113 3901 dux
1127 3850 1238 3901 eandem
1256 3850 1356 3916 ampli·

221 3910 332 3979 δάκρυα
350 3911 478 3969 ἐκπεσεῖν
497 3924 610 3971 notante
624 3920 762 3984 Iacobum,
812 3936 845 3970 us
859 3924 885 3970 in
898 3937 1007 3972 scenam
1017 3922 1192 3986 produceret:
1212 3937 1283 3987 quae
1294 3923 1356 3986 ipsa

223 3989 269 4054 qui
285 3987 317 4038 de
336 3988 389 4039 hae
403 3989 541 4041 locutione
558 3990 629 4040 citat
641 3993 717 4042 Bast.
734 3996 762 4041 et
812 4006 855 4041 res
867 3990 1005 4041 haudscio
1016 4005 1051 4040 an
1066 3989 1093 4040 id
1106 4005 1212 4055 quoque
1224 3990 1354 4053 effecerit,

222 4058 330 4109 Schsel.
353 4058 388 4108 ad
403 4058 515 4124 Gregor.
530 4058 651 4110 Corinth.
673 4078 699 4126 p.
717 4060 760 4112 63.
812 4065 844 4110 nt
864 4075 898 4110 ue
924 4075 993 4111 nnus
1014 4059 1120 4125 quidem
1145 4059 1223 4110 haias
1242 4059 1355 4111 fabulae

221 4126 253 4177 In
267 4128 384 4180 lectione
396 4120 475 4177 ἔπεσε
488 4131 654 4181 conveniunt
667 4131 761 4195 optimi
812 4130 964 4181 versiculus
977 4130 1104 4195 supersit.
1126 4128 1216 4195 Atque
1228 4132 1311 4194 potita
1326 4129 1356 4180 id

222 4196 317 4256 codd.;
352 4214 402 4249 nec
433 4198 619 4262 recipiendum
649 4193 762 4265 ἔπεσαν,
812 4200 901 4264 ipsum
914 4198 1169 4251 sensissevidetar,
1192 4203 1222 4249 ut
1240 4200 1288 4263 qni
1302 4199 1355 4249 ali-

221 4267 293 4332 quod
311 4265 390 4318 codd.
411 4268 578 4318 anctoritate
601 4269 761 4321 destitutam
812 4274 880 4335 quot
892 4270 972 4320 aunis
984 4274 1047 4334 post
1059 4269 1133 4320 eirea
1144 4268 1196 4320 480
1211 4274 1275 4319 ante
1287 4268 1353 4319 Chr.

220 4336 344 4388 revocari
360 4337 421 4387 vult
434 4338 582 4388 Buttmann
602 4341 630 4389 in
642 4340 759 4391 Gramm.
811 4355 839 4390 n.
864 4339 892 4388 in
922 4354 1032 4389 scenam
1059 4338 1166 4388 dederit
1188 4335 1354 4399 Φοινίσσας,

222 4406 318 4458 Graec.
333 4407 395 4460 mai.
407 4408 444 4461 11.
459 4422 520 4471 pag.
532 4408 583 4458 218
596 4409 657 4459 οο11,
669 4409 761 4460 Kueh·
812 4423 867 4473 qus
888 4408 983 4459 fabula
997 4424 1041 4460 res
1059 4407 1263 4459 Atheniensium
1283 4407 1354 4459 eele-

221 4490 287 4526 nero
302 4477 347 4528 Gr.
357 4477 403 4528 Gr.
420 4480 445 4541 §-
461 4477 519 4528 176.
534 4481 628 4530 notl.
655 4479 760 4545 Inipso
811 4478 890 4529 brare
903 4494 936 4529 ae
947 4478 1089 4531 victoriam
1100 4475 1251 4528 Salaminia
1263 4478 1291 4527 in
1304 4493 1354 4542 pn·
