3008 5128
210 352 269 420 130
640 352 910 417 HERODOTI
999 348 1006 357 ’

209 536 360 620 έποίησε,
383 533 464 600 δέκα
484 529 521 599 δὲ
541 531 598 599 καὶ
617 527 694 610 τοὺς
715 529 841 619 δήμους
857 530 1017 616 κατένεμε
1030 530 1064 608 ές
1078 523 1135 606 τὰς
1148 524 1266 616 φυλάς.
1301 516 1348 616 ἦν

209 664 263 724 τε,
287 634 346 704 τὸν
367 639 473 722 δῆμον
492 637 737 723 προσθέμενος,
758 637 871 724 πολλῷ
891 631 1082 719 κατύπερθε
1102 634 1170 699 τῶν
1188 627 1347 700 ἀντιστα-

162 742 365 810 7οσιωτέων.
401 736 455 805 Ἐν
468 742 515 829 τῷ
528 740 623 825 μέρει·
636 737 672 805 δὲ
686 737 884 826 ἑσσούμενος
899 733 916 804 ὁ
934 733 1101 824 Ἰσαγόρης
1114 731 1347 822 ἀντιτεχνᾶται

208 842 296 912 τάδε.
331 844 537 913 ἐπικαλέεται
557 843 748 928 Κλεομένεα
768 838 828 909 τὸν
847 838 1132 927 Λακεδαιμόνιον,
1160 837 1348 927 γενόμενον

208 948 323 1037 ἑωυτῷ
348 951 458 1029 ξεῖνον
484 941 549 1013 ἀπὸ
570 947 627 1033 τῆς
641 946 944 1032 Πεισιστρατιδέων
970 948 1170 1030 πολιορκίης.
1209 939 1269 1009 τὸν
1296 942 1405 1011 ditet

207 1052 399 1138 Κλεομένεα
419 1048 485 1136 εἶχε
500 1055 589 1136 αἰτίη
609 1052 731 1136 φοιτᾶν
745 1046 835 1136 παρὰ
848 1051 909 1115 τοῦ
927 1042 1102 1135 Ἰσαγόρεω
1115 1043 1176 1133 τὴν
1189 1061 1344 1133 γυναῖκα.

207 1214 362 1268 Polemonis
372 1215 528 1266 testimonio
538 1229 583 1279 ap.
592 1213 683 1268 Schol.
691 1216 751 1265 dri·
802 1214 876 1265 nullo
887 1229 954 1264 sane
966 1212 1021 1264 alio
1032 1211 1092 1264 looo
1103 1211 1211 1264 obvium
1225 1228 1276 1263 nec
1286 1212 1344 1263 ullo

208 1286 298 1351 stoph.
317 1287 369 1337 Ar.
393 1284 445 1337 ote
470 1284 564 1349 colligi
587 1300 668 1349 posse
691 1284 752 1334 vult
801 1284 857 1335 alio
884 1284 984 1334 veteris
1014 1284 1157 1348 scriptoris
1185 1285 1345 1333 testimonio

208 1355 279 1407 idem
292 1356 335 1405 vir
353 1356 460 1406 doctus.
494 1355 554 1417 Quo
569 1356 657 1421 magis
671 1356 750 1404 mire·
801 1355 944 1419 probatum
956 1353 1109 1416 invenitur,
1120 1368 1182 1403 cum
1192 1355 1239 1418 qni
1250 1354 1345 1417 singu·

208 1427 245 1477 ris
256 1425 377 1477 Curtium
393 1427 421 1474 in
433 1425 506 1476 Hist.
516 1423 615 1476 Graec.
626 1425 648 1474 l.
661 1440 688 1489 p,
698 1424 749 1475 312
800 1425 834 1476 lis
847 1424 972 1474 tribubus
985 1438 1006 1473 s.
1022 1422 1126 1487 φυλαῖς
1139 1424 1273 1487 praefecti
1286 1424 1345 1472 luc·

208 1497 247 1547 sic
264 1495 441 1558 scribentem,
465 1500 497 1545 nt
514 1510 544 1545 re
558 1510 624 1545 vera
640 1500 751 1545 centum
801 1494 873 1558 rint,
887 1494 978 1544 vocati
989 1494 1045 1543 sint
1054 1483 1211 1556 έπιμελεταί
1222 1489 1279 1541 τῶν
1290 1507 1345 1555 φν-

208 1565 301 1615 demos
321 1571 379 1616 tum
398 1565 541 1616 institutos
564 1569 592 1615 et
610 1566 639 1613 in
656 1565 749 1614 decem
800 1561 871 1623 λῶν,
887 1564 920 1613 de
934 1563 1032 1630 quihus
1043 1560 1287 1613 vidschoemann.
1299 1562 1344 1611 De

207 1635 304 1701 phylas
324 1638 365 1685 ita
379 1635 541 1687 distributos
559 1639 699 1700 putemus,
719 1638 750 1683 ut
801 1627 1155 1698 comitt.p.3dll,pdtupzct
1167 1637 1257 1682 antem
1268 1631 1345 1696 apud

207 1704 282 1756 nulla
293 1706 414 1757 locorum
422 1707 452 1755 in
460 1705 502 1756 his
512 1707 583 1755 rutio
595 1705 632 1753 sit
644 1703 750 1767 hahita,
801 1704 873 1754 solos
888 1704 1057 1768 reperiantur
1070 1703 1187 1767 equites.
1210 1703 1256 1752 Ita
1271 1701 1346 1752 enirn

209 1776 256 1826 sed
268 1775 338 1825 demi
351 1776 467 1826 diversis
482 1774 552 1826 locis
565 1775 613 1825 siti
626 1774 654 1823 in
669 1789 749 1825 unam
800 1774 962 1824 Aristoteles
989 1788 1052 1838 pag.
1076 1774 1110 1823 80
1133 1772 1286 1823 Neumann.
1308 1787 1345 1821 ex

208 1845 375 1910 eandemque
395 1844 507 1911 phylam
531 1843 671 1895 coniuncti
691 1843 750 1892 stre-
800 1844 966 1909 Harpocrat.
980 1859 1006 1908 p.
1018 1844 1069 1893 344
1079 1834 1224 1907 φίλαρχός
1235 1833 1312 1890 ἔστιν
1326 1832 1343 1889 ό

207 1917 270 1965 rint.
308 1914 406 1980 ltaque
423 1914 652 1980 acquiescendum
669 1914 697 1962 in
716 1928 750 1962 ea
800 1911 873 1962 κατὰ
889 1905 984 1977 φυλὴν
1006 1905 1128 1976 ἑκάστην
1147 1908 1201 1959 τοῦ
1218 1903 1345 1959 inassati

209 1999 289 2049 quem
303 1983 427 2035 dedimus
441 1984 494 2034 loci
512 1983 749 2047 interpretatione,
800 1974 896 2046 ἄρχων
907 1973 1131 2045 ὑποτεταγμένας
1144 1972 1343 2047 δὲἹππαίρχῳ.

208 2054 378 2118 improbante
393 2054 517 2119 quamvis
532 2052 619 2103 Bskio
635 2054 664 2103 in
677 2052 749 2102 Bibl.
799 2053 884 2103 Plura
900 2051 932 2104 de
945 2052 988 2103 his
1002 2052 1123 2117 equitum
1135 2051 1248 2101 ducibus
1260 2050 1346 2100 affert

207 2125 269 2174 crit.
284 2124 332 2177 lV.
347 2139 374 2188 p.
388 2124 439 2174 272
453 2137 526 2188 sem:
551 2124 612 2189 qui,
633 2123 657 2173 si
673 2122 748 2182 illud,
801 2122 830 2172 C.
852 2125 885 2175 F.
904 2123 1055 2173 Hermann:
1080 2120 1188 2173 Grieeh.
1207 2118 1345 2171 Staatsal-

209 2192 280 2260 quod
288 2209 338 2244 nos
348 2193 504 2259 posuimus,
515 2193 605 2243 dicere
614 2192 750 2243 voluisset
800 2193 881 2241 terth.
895 2191 919 2253 ὅ,
936 2195 994 2243 152.
1009 2197 1065 2241 not.
1080 2191 1104 2242 3.
1121 2194 1144 2254 §-
1161 2188 1218 2241 153.
1233 2195 1290 2240 not.
1300 2190 1344 2250 8.;

206 2263 378 2325 Herodotus,
397 2279 452 2313 non
470 2262 591 2324 dubitat,
617 2263 684 2327 quin
704 2261 750 2311 ille
800 2262 861 2315 coll.
875 2262 900 2324 ξ.
914 2262 971 2311 111.
983 2267 1039 2313 not.
1053 2262 1093 2325 13,
1106 2262 1153 2311 nhi
1168 2264 1291 2310 nostrum
1302 2260 1344 2309 lo-

208 2334 364 2397 scripscrit:
382 2330 422 2390 εἰς
435 2328 504 2382 δέκα
517 2327 548 2382 δὲ
560 2328 608 2381 καί
622 2323 689 2389 τούς
701 2326 752 2394 δή·
800 2347 862 2383 cnm
875 2332 980 2396 attigit.
1006 2331 1058 2381 Sed
1072 2331 1198 2381 indenon
1210 2331 1345 2395 sequitur,

207 2417 279 2467 μους
292 2396 423 2468 κατένεμε
433 2396 534 2467 φυλὰς,
546 2402 593 2452 ubi
606 2400 750 2451 articulum
800 2401 873 2452 falsa
888 2402 997 2451 tradere
1013 2406 1118 2466 patrem
1132 2399 1280 2463 historiae,
1296 2401 1346 2449 cui

207 2466 258 2530 τὰς
277 2477 341 2523 ante
360 2465 452 2537 φνλοὶς
470 2474 600 2522 omissum
624 2472 750 2538 equidem
800 2471 851 2522 hoc
865 2472 934 2523 vitio
947 2475 1054 2521 vertere
1064 2469 1137 2520 haud
1149 2469 1255 2531 licebit,
1269 2468 1345 2535 quod

207 2558 291 2608 aegre
303 2542 436 2597 desidero.
459 2542 522 2608 Ipse
535 2543 638 2593 Bakins
650 2542 686 2592 ab
696 2541 750 2591 He·
800 2541 904 2593 nnllam
923 2533 1135 2605 φαλαβασιλέαν
1156 2540 1253 2589 iecerit
1268 2553 1345 2589 men·

207 2614 305 2664 rodoto
316 2615 356 2663 ita
368 2615 497 2678 scripturn
513 2613 598 2664 fuisse
608 2614 749 2661 autumat:
801 2612 918 2672 tionem,
932 2612 976 2676 qni
989 2610 1102 2675 antiqno
1117 2624 1149 2659 ex
1162 2624 1235 2660 more
1249 2609 1286 2659 ed
1297 2624 1345 2659 sa·

209 2678 267 2731 καλ
283 2678 326 2747 δὴ
345 2679 403 2731 καὶ
418 2674 486 2739 τούς
498 2674 607 2746 δήμους
618 2676 750 2743 κατένεμε
801 2697 849 2731 cra
859 2681 979 2731 curanda
990 2680 1134 2730 constituti
1145 2679 1180 2728 ad
1195 2680 1284 2745 ipsam
1299 2694 1347 2728 re-

208 2745 237 2809 ἒς
249 2744 299 2809 τὰς
311 2746 411 2814 φυλάς.
432 2754 471 2803 Ut
479 2757 571 2803 autem
580 2752 690 2801 minime
698 2750 751 2800 hoc
800 2767 860 2801 rum
873 2751 1043 2815 publicarum
1058 2765 1150 2802 curam
1162 2750 1272 2799 minime
1281 2764 1347 2813 per-

208 2837 242 2871 ex
261 2821 393 2871 Herodoti
417 2822 507 2872 verbis
528 2821 621 2886 colligi
640 2821 748 2885 poterit,
800 2820 941 2879 tinebant;
970 2819 1042 2872 conf.
1058 2821 1215 2869 Tittnrann:
1232 2818 1345 2869 (irieeh.

206 2890 372 2940 Clisthenem
386 2892 500 2955 primum
514 2891 691 2940 constituisse
706 2888 751 2939 de·
801 2890 965 2941 Staatsvert'.
987 2905 1049 2955 pag.
1069 2891 1121 2939 274
1138 2904 1195 2953 seq.
1212 2894 1241 2939 et
1258 2888 1288 2938 C.
1308 2889 1344 2942 F.

209 2975 282 3022 moe,
298 2960 337 3009 ita
350 2960 473 3024 equidem
487 2959 560 3009 haud
574 2960 749 3023 intercedam,
800 2958 1102 3021 Hermann.l.l.§.100.
1115 2960 1206 3010 noti).
1217 2959 1259 3020 lo,
1271 2958 1348 3008 nude

208 3031 232 3079 si
247 3031 306 3095 quis
321 3029 426 3091 demon,
447 3030 502 3079 iam
518 3034 599 3079 antea
617 3031 750 3079 constitu·
800 3031 945 3091 cernimus,
960 3044 1015 3079 non
1026 3029 1094 3079 satis
1105 3033 1231 3079 constare
1242 3029 1276 3078 de
1286 3044 1348 3078 mu-

208 3104 267 3159 tos,
285 3115 303 3148 a
317 3099 457 3149 Clisthene
476 3098 572 3149 melius
585 3101 749 3150 constitutos
799 3115 864 3150 nere
877 3105 960 3165 atque
973 3098 1064 3149 officio
1078 3097 1174 3149 horum
1188 3094 1346 3164 φιλοβασι-

209 3175 236 3218 et
250 3169 393 3219 ordinatos
405 3183 465 3219 esse
478 3168 636 3219 contendat.
662 3170 700 3219 Ac
711 3167 748 3218 le·
800 3163 880 3222 λέων.

208 3241 281 3305 gitur
292 3236 659 3304 Aristotelisquidamlocus
677 3239 750 3289 ede·
986 3271 1043 3322 cn,
1071 3271 1145 3321 LXX

208 3309 323 3374 perditis
352 3324 441 3359 rerum
470 3308 637 3372 publicarum
663 3307 749 3369 libris,
1046 3308 1053 3322 ”
1149 3308 1156 3322 “

209 3378 318 3443 opinor,
340 3378 515 3443 depromptus
533 3379 561 3427 in
579 3376 670 3427 Schol.
687 3379 748 3428 Ari·
835 3366 883 3423 Ἐν
906 3371 946 3441 τῷ
962 3371 1052 3441 μέρεϊ]
1073 3375 1091 3425 ἰ.
1113 3375 1266 3428 evictum.
1300 3373 1346 3424 Τιι

208 3448 296 3512 stoph.
311 3449 383 3499 Nuh.
398 3448 447 3507 32,
462 3448 507 3498 ubi
522 3450 581 3513 ipse
595 3446 748 3499 Clisthenes
798 3446 872 3496 coni.
887 3446 911 3506 I,
921 3446 955 3494 26
968 3446 1035 3511 ihiq.
1049 3451 1120 3495 nott.
1138 3445 1200 3506 Vll,
1211 3444 1262 3493 212
1274 3444 1345 3508 ibiq.

208 3518 412 3569 naucrarierum
427 3516 488 3569 loco
502 3518 595 3568 (lemos
608 3517 695 3568 fertur
710 3518 750 3568 in-
799 3516 962 3579 Wcsseling.
978 3517 1020 3565 De
1029 3515 1181 3575 Cleomene,
1189 3514 1267 3564 cuius
1280 3529 1345 3563 mox

208 3587 332 3639 stituisse
346 3590 466 3653 itemque
481 3603 675 3638 nrucrarorum
688 3587 749 3639 loco
801 3588 918 3637 mentio.
933 3585 1004 3636 conf.
1018 3600 1101 3650 snpra
1113 3586 1146 3648 V,
1155 3586 1190 3637 64
1199 3588 1226 3634 et
1237 3584 1274 3633 ad
1288 3579 1348 3643 ξεῖ-

208 3657 364 3722 demarchos,
377 3659 423 3724 qni
436 3658 644 3723 singulisdemis
656 3658 750 3709 codem
802 3669 855 3703 νον
865 3657 898 3719 V,
910 3654 944 3706 63
957 3656 1049 3719 ibique
1062 3658 1132 3707 nott.

208 3727 288 3777 modo
298 3733 463 3793 praeessent,
479 3744 532 3793 qno
542 3729 672 3778 naucrari
683 3743 752 3778 nau·
835 3717 886 3773 τὸν
898 3717 933 3772 δὲ
948 3718 1108 3788 Κλεομένεα
1121 3715 1178 3787 εἶχε
1188 3716 1266 3786 αἰτίη
1277 3736 1346 3785 φοι-

208 3798 312 3848 crariis.
347 3799 383 3847 Et
405 3799 441 3849 ci.
466 3813 575 3863 quoqne
591 3799 620 3848 C.
636 3798 667 3848 L.
684 3797 752 3848 (ἕω.
801 3791 854 3842 τᾶν
864 3809 889 3842 ιι.
900 3792 968 3859 τ.λ.]
983 3788 1213 3845 ‹tier‘lorentino
1225 3808 1288 3843 cum
1301 3808 1347 3842 re-

208 3865 310 3919 tefend.
320 3868 348 3916 in
360 3869 509 3933 scriptione
520 3868 553 3917 de
566 3868 652 3918 demis
663 3872 692 3917 et
703 3884 751 3932 pa·
801 3869 886 3915 centt.
895 3864 956 3915 edd.
965 3864 1038 3915 edidi
1048 3880 1095 3930 pro
1105 3860 1152 3926 δή,
1163 3864 1214 3913 Est
1222 3878 1288 3911 vero
1297 3861 1345 3912 hic

209 3936 364 4001 gisAttiec.
385 3936 615 4002 (Gotting.182il)
637 3952 699 4002 pag.
718 3939 750 3988 10
801 3950 897 3985 sensns
917 3934 983 3984 loci:
1011 3935 1159 3985 Cleonoenem
1177 3932 1346 3983 crierinaban-

209 4010 283 4067 not.,
304 4007 347 4056 eui
362 4012 389 4056 et
402 4007 456 4072 ipsi
472 4006 604 4059 Herodoti
617 4006 693 4057 loeus
710 4022 751 4057 re·
801 4014 857 4061 tur,
874 4003 918 4055 vel
938 4005 1060 4055 omnino:
1080 4006 1222 4056 Cleomenes
1241 4002 1345 4051 diceba·
1443 4034 1446 4037 -

208 4083 252 4126 cte
273 4092 301 4126 ιε
321 4076 421 4127 habere
438 4077 563 4137 videtur,
585 4090 750 4142 quamquam
799 4081 850 4135 tur,
860 4073 1049 4137 perhibebatur,
1062 4079 1094 4124 ut
1105 4072 1236 4125 Valcken.
1250 4071 1345 4122 ohser-

208 4150 311 4198 oertam
326 4146 489 4197 sententiam
505 4146 679 4211 pronuntiare
695 4163 749 4197 non
799 4150 848 4194 vat
864 4143 899 4193 ad
917 4143 1048 4194 Herodot.
1066 4145 1118 4201 vl.
1138 4144 1199 4205 115,
1223 4141 1270 4191 uhi
1283 4139 1343 4192 vid.

209 4217 306 4278 sudet,
328 4215 390 4266 aliis
409 4233 465 4268 rem
487 4215 689 4267 diiudicandum
708 4233 749 4267 re·
800 4219 869 4264 nott.
892 4213 979 4263 Paulo
990 4214 1075 4263 infra:
1089 4208 1119 4262 οἰ
1130 4207 1345 4274 Ἀλκμαιωνίόαι

207 4286 343 4351 linquens.
799 4277 877 4347 εἶχον
903 4276 999 4347 αἰτίην
1023 4278 1077 4332 τοῦ
1105 4273 1199 4343 φόνον
1225 4271 1343 4330 τούτου.

242 4350 311 4405 δέκα
329 4370 357 4404 τε
377 4344 413 4421 δι’]
429 4347 595 4420 φυλάρχους
611 4348 675 4404 ἀντὶ
689 4368 748 4404 τεσ-
798 4353 868 4404 Add.
881 4356 918 4415 V,
936 4353 969 4405 73
984 4354 1012 4403 in
1029 4352 1075 4403 fin.
1093 4338 1174 4401 edroi
1187 4344 1240 4414 μὲν
1254 4342 1291 4416 δὴ
1307 4378 1343 4389 -

208 4420 297 4491 σέρων
307 4415 433 4493 ἐποίησε]
444 4425 748 4492 Ρίιρίανοίιοινποοιοεη
798 4416 890 4482 αἰτίας
901 4416 1022 4489 μεγάλας
1036 4416 1114 4488 εἶχον
1131 4425 1158 4473 et
1172 4436 1233 4489 cap.
1247 4421 1278 4473 71
1294 4418 1342 4473 fin.
