3052 5134
530 429 708 499 ERATO.
732 430 785 493 VI.
810 442 962 496 res-ree.
1249 433 1305 495 371

251 604 320 673 nel
336 609 451 693 πρῶτα
465 604 527 693 μὲν
545 604 657 687 ἐόντες
677 611 725 674 ἔτι
745 606 783 673 ἐν
801 610 847 699 τῷ
866 602 961 674 ἄστει·
978 609 1013 674 οἱ
1030 608 1207 695 στρατηγοὶ
1227 606 1309 678 ἀπο·
1322 627 1379 688 105

173 710 343 796 πέμπουσι
358 713 392 789 ἐς
405 709 568 797 Σπάρτην
581 709 710 797 κήρυκα
720 707 986 797 Φειδιππίδην,’
984 711 1212 798 Αδηνοιιον
1173 740 1196 799 μ
1215 741 1236 780 ν
1248 709 1308 781 ἄν·
1368 792 1379 800 ,Δ

174 818 257 899 δρα,
280 809 391 891 ἄλλως
413 813 451 881 δὲ
472 809 703 917 ἡμεροδρόμον
725 840 760 881 τε
781 815 837 883 καὶ
851 817 949 883 τοῦτο
963 818 1162 902 μελετῶντα.
1196 844 1242 909 τρι
1229 814 1309 904 δὴ,

173 943 218 996 roe
243 912 347 996 αὐτός
375 943 411 984 τε
432 922 527 1004 ἔλεγε
549 922 774 1005 Φειδιππίδης
796 919 852 987 καὶ
876 914 1085 1041 Ἀθηναίοισι
1111 914 1310 1007 ἀπήγγελλε,

172 1021 250 1107 περὶ
270 1018 311 1088 τδ
325 1023 523 1107 Παρθένιον
541 1012 641 1109 οὖρος
662 1049 699 1090 το
687 1016 805 1109 ὑπὲρ
831 1017 986 1109 Trydne‘
970 1048 989 1090 ο
1009 1020 1087 1091 Πὰν
1108 1029 1310 1111 περιπίπτει.

437 1254 519 1305 cv
768 1207 1311 1358 ,int‘lrtrrlnnrtuuuu

206 1354 414 1421 Φειδιππίδης]
434 1357 580 1421 Excerpsit
597 1357 718 1409 Herodo-
768 1360 906 1423 regionem
918 1359 1063 1425 urbemque
1077 1363 1311 1426 l'egeutarumin·
1369 1358 1373 1363 ’

171 1433 217 1476 tea
229 1427 324 1478 Schol.
342 1428 505 1491 llsrmogen
525 1428 625 1491 p.407.
664 1429 719 1478 Ea·
768 1429 893 1479 eludente
914 1434 942 1478 et
955 1444 1039 1494 usque
1054 1430 1088 1479 ad
1111 1437 1152 1479 ter
1171 1430 1244 1482 mille
1263 1449 1309 1497 pe-

172 1496 232 1546 dem
257 1496 377 1547 historin
400 1502 528 1546 narratur
551 1498 580 1546 iu
601 1497 718 1547 Scholiis
769 1499 832 1549 dum
859 1499 1035 1549 altitudinem
1065 1507 1226 1563 exsurgente
1253 1502 1309 1553 rid.

170 1567 284 1616 Aristid
302 1582 366 1632 pag.
381 1568 424 1619 51.
439 1566 647 1617 uteirommol.
684 1569 717 1617 ln
769 1567 895 1618 Curtius·
914 1569 970 1618 uer
982 1567 1160 1632 Peloponnes
1176 1572 1197 1619 l.
1214 1586 1240 1635 p.
1257 1570 1309 1620 248

170 1636 314 1687 Herodoto
326 1636 380 1686 duo
393 1636 471 1685 codd
484 1652 545 1687 cum
556 1635 650 1686 Valla:
669 1634 717 1684 Φι-
769 1653 862 1703 seqq,
880 1654 924 1703 qur
917 1637 1047 1702 rdemp
1061 1638 1112 1688 250
1125 1654 1200 1703 seqq
1214 1639 1308 1689 deTe·

170 1703 328 1769 irunrffdqu
354 1706 435 1771 plane
453 1710 484 1755 ut
507 1705 579 1788 apud
596 1705 716 1756 Plinium
764 1708 961 1773 pendisputat
990 1707 1149 1757 Nuucidem
1163 1710 1310 1758 montino-

169 1775 245 1826 llist.
263 1777 330 1826 Nat.
346 1776 416 1838 Vll,
431 1774 492 1825 26
484 1777 637 1827 invenimus
656 1776 723 1835 Pri-⁷
768 1793 829 1829 suen
842 1777 977 1840 Partheni,
994 1780 1065 1827 teste
1084 1777 1176 1827 eodem
1189 1780 1248 1828 viro
1263 1779 1309 1828 do·

170 1847 298 1907 lippiden,
325 1850 408 1909 etque
433 1845 496 1895 elim
514 1846 586 1909 apud
608 1845 717 1896 (lornei.
767 1852 821 1898 cto.
847 1847 1016 1897 Addltoss:
1033 1847 1308 1913 Wunderungenetc.

170 1916 269 1979 Nepet.
282 1915 439 1966 Minima:
460 1914 717 1980 „Philippidem-

170 2000 217 2048 que
233 2000 364 2035 cursorem
380 1987 554 2049 eiusgenerr's,
577 1987 620 2050 ηιιί
636 1986 716 2035 henre-

170 2055 299 2104 redromei
311 2064 440 2104 nocentur.
445 2056 462 2080 ‘⁴
491 2055 544 2105 Sed
559 2055 636 2105 libris
650 2056 717 2105 seri·

170 2124 225 2187 ptis
243 2131 273 2174 et
293 2125 375 2176 editis
396 2125 540 2175 admodum
559 2126 716 2175 fluctuanti-

169 2193 219 2243 bus
239 2209 315 2245 nnnc
339 2200 477 2260 receptum
494 2200 537 2244 est
557 2196 717 2257 Phidippum-

170 2280 231 2327 que,
257 2280 423 2330 quamquem
445 2261 619 2328 Φιλιππίδης
642 2263 715 2330 apud

168 2333 311 2384 Pollucem
323 2335 375 2398 Ill
390 2334 448 2396 148,
462 2335 661 2397 Pausaniaml,
671 2335 715 2397 28,

169 2406 200 2466 4,
214 2403 395 2455 Plutarchum
412 2372 461 2469 (ll.
475 2420 501 2469 p
516 2403 620 2469 862Α),
634 2372 715 2467 ulios,

169 2474 324 2537 inuenitur,
348 2489 416 2554 quop
437 2475 570 2525 excitavit
593 2474 628 2523 ad
650 2473 676 2524 h.
696 2441 715 2522 l'.

169 2543 378 2609 Wesseling.—
393 2534 608 2607 ἡμεροδρόμονς
620 2543 661 2605 (ut
670 2544 715 2592 Ii·

169 2613 208 2661 vii
228 2619 295 2664 utar
319 2614 408 2663 uerbis
429 2614 532 2677 xxxi,
550 2613 594 2677 24)
615 2614 714 2663 Graeci

169 2690 273 2733 uocant
291 2685 377 2747 ingens
389 2699 438 2733 uno
455 2684 496 2733 die
510 2698 586 2732 cursu
599 2686 713 2733 ειιεειίειι-

170 2760 207 2801 ter
221 2755 343 2817 spatietur
360 2753 405 2820 qui
425 2753 507 2804 iidem
527 2758 554 2803 et
573 2746 714 2832 δρομοκή-

171 2837 253 2884 ρυκες
268 2830 403 2874 vocantur
415 2829 442 2873 et
454 2816 648 2888 ἡμεροσκόποι
663 2823 712 2886 (οΙ.

170 2892 273 2944 Herod.
281 2895 344 2956 Vll,
359 2894 406 2944 Ι82
418 2893 463 2943 fin.
474 2894 539 2958 ibiq
548 2899 617 2943 nott.
621 2892 713 2959 lspud

169 2964 291 3014 Aeneam
310 2964 417 3016 Taetie
442 2963 559 3015 Poliorc
579 2964 605 3013 6.
646 2963 713 3013 lude

170 3033 336 3085 Musonius
327 3049 355 3083 m
372 3033 441 3084 libro
453 3029 519 3094 περὶ
533 3033 638 3111 σκέπης
654 3033 714 3082 lau·

170 3102 237 3155 daus
255 3096 457 3185 ἀνυποδησίαν
468 3102 559 3152 addit:
578 3091 651 3151 ὅθεν
663 3097 712 3150 sul

170 3165 237 3253 τηδς
251 3163 561 3258 ἡμεροδρομονς
547 3169 619 3234 oecis
637 3165 712 3221 ἔστιν

171 3234 205 3291 ον’
217 3235 381 3309 χρωμένους
396 3235 581 3323 ὑποδήμασιν
599 3232 630 3290 ἐν
650 3244 713 3299 ταις

171 3302 252 3372 ὁδοις
265 3307 313 3360 sul
321 3310 378 3394 spir
387 3303 559 3361 ἆθλονντοιν
570 3306 638 3368 τούς
646 3309 712 3375 δρο-

170 3385 245 3462 μείς,
262 3373 315 3431 οὐκ
327 3397 366 3432 αν
379 3379 555 3446 δυναμένοις
571 3373 667 3462 οιόζειν
681 3376 712 3429 τὰ

170 3445 272 3531 τοῖχος,
298 3445 326 3500 εἰ
343 3446 403 3502 δέοι
422 3447 531 3517 τρέχειν
554 3441 712 3533 ahtoden
681 3441 712 3499 ἐν

170 3511 369 3607 ὑποδήμασιν,
394 3529 466 3573 teste
485 3521 636 3573 Stobueo
629 3537 657 3570 ru
678 3522 711 3571 ti

172 3592 226 3643 tulo
238 3585 333 3656 nepl’
317 3590 417 3657 αρετῆς
428 3592 462 3656 (Ι,
469 3592 512 3643 84.
525 3607 586 3657 pag.
593 3590 636 3643 38.
644 3592 676 3641 Τ
688 3594 709 3645 Ι.

171 3662 212 3715 ed.
223 3662 372 3728 Meinehe).
404 3662 497 3712 Simile
513 3663 632 3713 cursoris
646 3661 710 3711 talis

170 3732 321 3798 exemplum
333 3731 445 3797 praebet
453 3732 590 3782 Plutarch.
598 3731 711 3782 Aristid.

173 3803 203 3853 lll
221 3818 314 3867 seqq,
340 3801 491 3853 Philonidis
515 3803 634 3852 cursoris
655 3807 711 3852 sta·

171 3878 247 3923 tuam
261 3872 406 3938 Olympiae
420 3878 537 3923 erectam
554 3872 625 3924 vidit
639 3872 710 3921 Pau·

172 3945 265 3992 sanies
283 3943 338 4004 Vl,
362 3942 409 4004 16,
431 3944 457 3992 4.
497 3942 567 3992 Nam
587 3942 709 4007 singulae

172 4012 336 4063 Graecorum
349 4012 479 4064 civitates
488 4013 641 4063 istiusmodi
651 4028 711 4062 cur-

172 4096 248 4133 sores
273 4082 397 4148 publicos
421 4083 551 4132 hahuisse
576 4082 709 4134 videntur.

172 4150 253 4203 Plura
266 4153 370 4203 dabunt
386 4155 547 4217 interpretes
558 4152 593 4202 ad
605 4150 711 4203 Cornel.

172 4220 323 4288 Nepotisl.
342 4221 416 4272 l.-
436 4224 478 4273 De
493 4222 577 4274 verbo
597 4218 712 4286 μελετᾶν

173 4294 245 4344 conf.
259 4298 329 4343 nott.
347 4293 381 4343 ad
394 4293 446 4357 111
464 4293 522 4344 ΙΙΙ).
552 4291 652 4343 Valent
666 4308 714 4343 au

174 4364 226 4413 tem
242 4364 328 4416 verba
345 4357 492 4413 καὶτοῦτο
512 4360 670 4427 μελετῶντα
687 4369 713 4411 et

174 4448 214 4496 qur
210 4434 272 4486 'hoe
285 4450 372 4485 manus
386 4433 526 4485 exercebor
540 4448 562 4486 s.
572 4432 712 4497 profitebe-

173 4509 220 4554 tur.

766 1917 790 1966 Ι.
803 1932 867 1983 pag.
878 1920 930 1966 228
943 1932 1000 1981 seq.
1028 1916 1070 1967 De
1082 1917 1155 1969 l‘unc
1167 1933 1215 1983 per
1224 1919 1308 1968 Arca-

766 1987 839 2037 diam
859 1986 947 2049 culto,
969 1988 1100 2036 montium
1121 1988 1231 2038 numine
1247 1988 1308 2052 ipso

744 2114 748 2122 ¹
766 2062 794 2108 et
809 2071 920 2122 gregum
940 2058 968 2106 iu
983 2056 1119 2106 montibus
1139 2060 1308 2122 pascentium

766 2128 895 2191 custode,
921 2127 962 2176 sic
980 2127 1049 2177 satis
1067 2133 1186 2177 constat.
1222 2128 1307 2191 Quem

766 2197 846 2247 deum
859 2197 986 2262 gregibus
995 2195 1156 2247 benevolum
1167 2203 1195 2247 et
1206 2199 1307 2255 emnia,

766 2281 836 2331 quae
861 2267 896 2316 ad
918 2282 1011 2317 eoruru
1032 2266 1146 2316 salutem
1170 2274 1197 2318 et
1221 2268 1308 2318 incre·

767 2341 859 2385 menta
870 2338 1019 2401 pertinent,
1033 2342 1246 2400 promoventem,
1255 2337 1307 2386 hee

766 2406 833 2455 dats
842 2406 996 2467 occasione,
1003 2406 1044 2453 ita
1053 2405 1080 2454 in
1089 2406 1208 2456 Atticam
1218 2411 1307 2456 truns-

764 2474 850 2524 latum
863 2474 922 2525 vult
932 2474 1029 2523 Yates:
1048 2475 1143 2525 Τειιῑτ.
1155 2478 1260 2541 antiqq.
1277 2491 1305 2541 ρ.

765 2546 799 2595 46
809 2559 883 2609 seqq.
894 2544 924 2593 bl
939 2558 1008 2607 seq„
1023 2547 1053 2593 ut
1063 2544 1092 2593 in
1100 2545 1192 2594 Attica
1200 2559 1307 2611 qnoque

764 2614 906 2680 gregibus,
920 2612 1018 2677 quibus
1030 2612 1101 2663 hanc
1112 2618 1211 2664 terram
1221 2616 1307 2664 ebun-

764 2685 843 2734 desse
861 2685 1001 2745 nouimus,
1020 2683 1188 2748 prospiceret
1205 2699 1306 2749 eosque

763 2759 900 2803 tutaretur
921 2759 948 2803 et
975 2757 1097 2818 augeret.
1125 2753 1306 2820 'Quemquam

764 2824 880 2888 amplius
898 2822 963 2887 quid
981 2824 1071 2874 inesse
1088 2821 1131 2872 rel
1148 2822 1306 2890 lompsduru

764 2894 861 2943 festum
880 2894 908 2942 iu
921 2894 1004 2943 Panis
1025 2892 1154 2944 honorem
1174 2894 1209 2943 ab
1222 2893 1306 2943 Athe-

764 2963 903 3014 niensibus
924 2965 1104 3013 coustitutum
1121 2963 1243 3014 indicare
1259 2980 1306 3028 po·

765 3039 844 3087 terat.
857 3032 936 3095 Quod
948 3032 1304 3098 sentiensPreller(Grieeh.

763 3102 915 3168 Mytholog.
935 3103 957 3152 I.
972 3119 996 3168 p.
1012 3101 1074 3168 461)
1092 3104 1192 3168 respici
1211 3104 1239 3153 iu
1254 3102 1306 3153 hoe

763 3173 813 3224 deo
829 3172 889 3223 vult
911 3174 966 3224 vim
985 3170 1052 3222 solis
1074 3174 1204 3223 montium
1224 3188 1306 3223 cacu-

764 3244 836 3292 mine
861 3242 1060 3301 collustrantis3
1090 3257 1122 3292 ac
1148 3259 1215 3294 sane
1236 3243 1305 3292 lueis

762 3312 890 3364 coelestis
905 3313 960 3362 vim
981 3317 1008 3363 et
1027 3310 1253 3377 significationem
1278 3314 1305 3361 iu

762 3385 837 3433 Pane
861 3383 1038 3448 conspicuam
1064 3382 1242 3432 declarabunt
1264 3396 1304 3446 ea,

763 3468 833 3519 quae
847 3451 882 3501 ad
896 3452 938 3515 ΙΙ,
958 3452 992 3502 46
1009 3452 1177 3503 notavimus:
1197 3452 1303 3502 eadem·

763 3538 815 3588 que
831 3518 1002 3588 persequitur
1015 3520 1151 3571 Crenzer
1143 3537 1170 3572 ru
1183 3521 1303 3587 Symbol-

762 3594 809 3643 ΙΙΙ
825 3608 887 3656 pag
902 3591 936 3642 68
949 3606 1024 3656 seqq
1039 3590 1165 3640 ulueou.
1182 3607 1244 3655 pug.
1260 3592 1303 3641 62.

762 3662 842 3712 Conl.
860 3663 942 3712 etiam
957 3660 1082 3710 Curtius.
1097 3660 1164 3709 Vom
1180 3661 1304 3725 Wogbnu

762 3730 928 3797 (Deukschr.
939 3732 964 3781 d.
974 3730 1043 3781 Berl.
1052 3730 1140 3780 Akad.
1151 3731 1228 3793 1854)
1239 3745 1301 3795 pag.

762 3803 823 3852 252.
841 3802 895 3864 Qui
907 3801 978 3851 enim
989 3801 1055 3850 deus
1065 3816 1160 3865 greges
1172 3801 1303 3851 coelestes

762 3887 873 3937 pascere
885 3870 1047 3936 putabatur,
1064 3884 1122 3920 eum
1134 3884 1241 3935 quoque
1251 3874 1303 3920 ter·

763 3943 836 3993 renis
862 3941 1005 4006 gregibus,
1031 3940 1128 4007 quibus
1156 3940 1302 3991 Arcadium

762 4010 922 4063 excelluisse
934 4016 1028 4060 uotum
1041 4015 1098 4072 est,
1118 4012 1303 4075 praepositum

762 4096 822 4132 esse
837 4097 886 4147 par
902 4087 969 4131 erat.
1004 4080 1086 4131 Cuius
1100 4081 1186 4144 ipsius
1201 4081 1254 4129 vim
1269 4079 1305 4128 si·

762 4151 868 4201 deream
881 4157 964 4216 atque
977 4150 1084 4214 igneam
1094 4149 1211 4215 indeque
1221 4150 1302 4199 etiem

763 4221 933 4272 salutiferam
951 4220 1024 4270 hac
1017 4235 1077 4284 ipsa
1094 4219 1249 4269 narratione
1265 4224 1304 4268 te·

764 4298 806 4343 ete
823 4292 938 4341 indicari
953 4291 1057 4341 monuit
1070 4290 1211 4347 Crenzer,
1231 4287 1303 4338 unde

764 4377 870 4444 quoque
886 4360 1062 4424 intelligitur,
1086 4374 1134 4408 cur
1150 4359 1252 4408 Panem
1276 4362 1303 4408 et

763 4434 848 4482 saeris
873 4436 900 4481 et
923 4431 1063 4493 leuparicus
1089 4444 1165 4477 cursu
1187 4426 1303 4478 honoru-

763 4507 819 4552 tnm
840 4500 987 4561 voluerint,
1013 4498 1113 4564 quippe
1132 4498 1211 4548 deum
1229 4497 1303 4549 sole·

1038 4581 1106 4645 24*
