3010 5134
1227 407 1291 467 373

475 371 749 477 Ponrnnrr.
772 412 844 476 vn.
867 423 912 476 ει.
934 422 976 477 eo.

158 593 313 667 Φοίνικες
326 585 364 656 τὸ
377 585 521 657 παλαιὸν
534 599 646 658 οίκεον
654 641 664 674 ,
686 583 731 668 ὥς
744 584 840 678 αὐτοὶ
855 588 1007 673 λέγουσι,
1022 578 1078 655 ἐπὶ
1091 589 1131 675 τη
1144 580 1292 676 Ἐρυθρῇ

99 693 104 701 ’
158 691 330 778 θαλάσση,
354 694 517 761 ἐνθεῦτεν
544 692 581 761 dl
607 688 815 780 ὑπερβάντες
842 696 900 778 τῆς
921 695 1050 776 Συρίης
1075 692 1221 757 οίκίουσι
1249 687 1289 756 τὰ

74 802 79 810 “
159 791 248 878 παρὰ
262 795 449 862 θάλασσαν.
483 800 540 882 τῆς
562 795 598 865 dl
613 803 743 883 Συρίης
762 800 860 863 τοῦτο
881 792 918 860 τὸ
938 800 1062 879 χωρίον
1074 793 1130 859 καί
1142 788 1179 859 τὸ
1193 794 1289 878 μέχρι

160 897 336 984 Αἰγύπτου
351 902 419 966 πᾶν
433 906 642 987 Παλαιστίνη
658 902 819 968 καλέεται.
866 895 1043 983 Αἰγύπτιοι
1058 895 1094 964 δὲ
1109 897 1187 974 νίας
1201 921 1287 980 παρ-

160 1009 288 1088 είχοντο
309 1007 490 1087 διηκοσίας.
535 992 626 1070 οὗτοι
655 1002 693 1071 dl
716 1001 806 1089 είχον
831 1001 907 1088 περὶ
935 998 997 1087 μὲν
1023 1002 1097 1084 τῇσι
1124 1003 1287 1086 κεφαλῇσι

159 1197 221 1258 ίτας
234 1200 358 1265 designat
372 1200 454 1284 clipei
470 1202 601 1253 ambitum
624 1218 646 1254 s.
660 1202 699 1251 ls-
749 1201 835 1252 fnisse
844 1198 1046 1260 declararem
1040 1215 1066 1247 nr
1075 1212 1129 1263 qna
1140 1198 1287 1249 etiamnum

159 1271 208 1322 bra
221 1270 323 1332 serres
339 1285 398 1320 cnm
410 1286 471 1335 ipse
482 1270 585 1336 clipeus
599 1288 632 1322 ex
643 1271 699 1321 alia
749 1272 895 1350 persistere
908 1269 1010 1333 placet
1038 1269 1132 1332 itaque
1146 1268 1228 1318 verba
1241 1258 1287 1316 int

160 1346 232 1389 esset
245 1345 357 1405 paratus
369 1342 497 1390 materia.
518 1341 574 1391 vid.
584 1341 697 1393 Hesiod.
748 1342 783 1406 τῇ
793 1335 922 1403 Ερνθρῇ
934 1333 1064 1402 θαλάσση
1076 1337 1109 1387 de
1122 1341 1177 1388 sinu
1193 1353 1214 1388 s.
1226 1340 1291 1389 nai-t

159 1410 234 1460 Sunt
247 1410 298 1461 314
318 1408 441 1474 aliosque
459 1411 600 1475 po'etarum
624 1410 698 1461 locos
749 1410 929 1461 Persicosnnt
942 1406 1132 1472 intelligendu
1151 1408 1206 1458 viil.
1217 1414 1287 1457 nott.

159 1478 698 1545 nllatosrn'I'hesLing.Graec.1V..p
749 1480 829 1542 adl,
847 1479 907 1530 202.
947 1477 979 1526 ln
999 1493 1073 1542 seqq.
1087 1493 1135 1542 pro
1155 1468 1189 1525 τα
1210 1491 1287 1538 παρα

159 1551 209 1599 723
230 1549 272 1599 ed.
291 1547 419 1599 Diodori.
460 1549 539 1614 Apud
555 1549 698 1614 Polybium
747 1516 1037 1598 ddlnooquustath.
1057 1547 1091 1596 ad
1108 1545 1223 1611 Dionys
1237 1548 1288 1597 Pe·

158 1619 211 1681 VI,
224 1620 255 1668 ‘21
267 1633 366 1683 quern
380 1620 448 1668 citat
461 1619 633 1696 Wesaeling
648 1619 698 1669 hoc
749 1620 815 1683 rieg.
834 1617 886 1669 904
904 1616 1015 1666 exhibet
1032 1608 1066 1664 τοὶ
1085 1609 1289 1694 napi-dulno-

158 1685 423 1750 vocaturotdnpodr
437 1679 634 1752 σιάλωμαοολλ.
644 1689 699 1738 Ηο-
750 1701 818 1749 σαν,
838 1685 1057 1736 adhaecantem
1071 1686 1155 1735 verba
1168 1700 1202 1734 τα
1211 1701 1288 1748 παρα

159 1755 234 1822 sych
249 1774 271 1808 s.
284 1772 312 1810 v
328 1752 465 1839 ΠέλτηΤ.
479 1758 516 1811 ΙΙ.
533 1775 560 1835 p
575 1757 635 1819 009,
651 1757 697 1807 nbi
747 1751 896 1806 θάλασσαν
910 1755 997 1806 refero
1011 1756 1159 1820 genitivum
1174 1753 1288 1818 τηςΣν-

159 1833 213 1877 est:
234 1822 334 1890 πέλτη·
352 1794 698 1909 ἄσπλςίτυνούκέχονσα.
749 1825 828 1890 ρίης,
849 1841 928 1890 quem
940 1824 1148 1875 nonnullihand
1164 1832 1237 1876 recte
1253 1826 1288 1876 ad

157 1899 197 1947 Ac
209 1897 318 1960 propris
331 1896 437 1960 quidem
450 1894 511 1954 ίτνς
521 1898 643 1961 quemvis
658 1913 700 1947 or·

158 1966 218 2017 bern
234 1981 256 2016 s.
270 1963 455 2027 περιφέρειαν
473 1966 593 2028 indicat,
613 1972 645 2016 ut
657 1982 699 2016 ro·

159 2042 203 2086 tae
216 2034 290 2099 opud
302 2035 412 2085 Homer.
426 2034 468 2085 Ili.
487 2037 540 2098 IV,
554 2036 606 2085 480
624 2035 697 2098 (coll.

158 2107 196 2167 V,
210 2102 288 2169 724),
308 2104 354 2154 nbi
367 2104 473 2156 consul.
487 2111 593 2155 veteres
612 2120 699 2170 gram·

158 2176 289 2235 rusticos,
307 2172 389 2238 clipei
399 2175 471 2238 apud
481 2175 604 2239 Euripid.
613 2174 699 2226 Phoe·

157 2246 225 2294 niss.
236 2211 311 2294 130'3.
326 2243 450 2307 Xenoph
461 2244 548 2294 Anah.
558 2244 605 2304 IV
614 2248 639 2308 7
651 2246 699 2295 12:

158 2329 211 2379 quo
224 2312 316 2364 eodem
329 2328 411 2364 sensu
421 2316 504 2363 etiarn
518 2315 591 2379 apud
598 2282 700 2364 llome·

159 2399 218 2433 rum
231 2382 331 2433 dicitur
340 2374 426 2442 αντνξ
436 2382 479 2432 111
491 2383 538 2445 vl,
552 2384 608 2435 ll8.
630 2383 700 2433 Cou-

159 2453 232 2503 feras
257 2468 364 2517 quoqne
381 2452 496 2517 Rumpf.
526 2453 654 2518 Beitritge
675 2469 698 2503 s.

159 2523 260 2572 Ιιοαιοτ.
275 2520 422 2572 Worterlrl.
436 2537 495 2586 pag.
514 2522 543 2572 15
549 2538 632 2598 seqq

194 2579 275 2640 οὗτοι
291 2582 323 2639 dl
339 2583 370 2639 οί
382 2582 555 2647 Φοίνικες
526 2606 557 2638 το
576 2585 698 2640 παλαιὸν

159 2658 256 2710 οίκεον
271 2676 296 2709 κ.
312 2675 336 2713 τ
351 2658 461 2725 t.]vid.
473 2664 570 2709 notata
585 2660 657 2723 adl,
671 2662 698 2711 l:

159 2731 258 2796 quihus
278 2745 349 2780 nuno
368 2728 467 2779 addere
492 2728 568 2779 lohet
591 2736 700 2779 contra·

78 2806 81 2810 '
159 2802 227 2852 riam
241 2800 405 2850 sententiam
420 2799 464 2848 Fr.
479 2800 515 2848 Η.
529 2799 678 2849 Muelleri
671 2814 698 2847 in

158 2871 322 2922 Commentt.
340 2871 382 2919 De
401 2869 481 2918 rebus
498 2869 601 2919 Semitt.
623 2885 649 2933 p.
665 2869 699 2919 90

160 2938 262 3005 (ΒετοΙ.
287 2939 380 3002 1831),
404 2938 451 3003 qui
474 2939 597 3002 regiones
624 2939 699 2988 iuxta

158 3010 293 3059 Libanum
305 3015 388 3073 atque
397 3008 539 3058 Iordanem
551 3008 699 3072 praecipuo

158 3078 325 3129 Phoenicum
333 3076 492 3128 habitacula
502 3078 586 3128 luisse
595 3083 698 3138 censet,

159 3163 272 3214 quorum
285 3162 350 3212 pars
363 3146 503 3197 suolonis
517 3146 580 3197 inde
591 3147 625 3196 od
636 3149 699 3198 Per-

160 3221 247 3268 sicum
262 3216 332 3281 quod
347 3216 448 3265 dieitur
461 3231 550 3275 more,
568 3223 699 3267 mercetu-

160 3302 206 3338 τις
225 3302 286 3337 oum
299 3284 373 3334 Indis
387 3285 450 3334 hinc
469 3283 579 3335 facilius
594 3300 627 3335 ac
640 3286 697 3336 bre·

159 3357 235 3407 viore
248 3356 345 3405 itinere
356 3354 544 3406 instituendae
558 3370 655 3417 eausa,
670 3370 699 3404 ee

747 1897 912 1947 antecedens
938 1885 1111 1961 νπερβάντες
1137 1901 1287 1958 traxerunt,

749 1983 766 2016 a
779 1981 831 2031 quo
849 1979 899 2014 nos
913 1972 1047 2015 commate
1066 1966 1228 2030 interposito
1246 1982 1288 2017 se·

748 2038 914 2101 paravimus,
937 2035 1060 2099 Namque
1071 2036 1091 2083 l
1093 2033 1229 2097 hoenioes,
1242 2037 1289 2099 qui

749 2106 784 2154 ad
803 2120 877 2155 mare
899 2104 1009 2154 rubrum
1031 2104 1093 2153 olim
1117 2104 1287 2168 habitabant,

748 2176 806 2225 inde
819 2173 850 2240 (i.
863 2191 885 2225 e.
899 2189 931 2224 ex
943 2175 985 2222 his
998 2172 1121 2237 sedibus)
1134 2179 1290 2239 transpresst

749 2244 840 2308 (super
860 2258 952 2293 ornnes
971 2250 1074 2305 terras,
1101 2259 1170 2308 quae
1187 2245 1250 2293 inde
1270 2260 1288 2294 ιι

747 2314 829 2363 rubro
848 2313 917 2362 mari
941 2313 958 2361 i.
976 2329 1000 2363 e.
1019 2312 1130 2362 Persico
1149 2329 1233 2378 usque
1252 2313 1288 2363 nd

749 2397 823 2432 mare
847 2382 1070 2433 mediterraneum
1093 2383 1286 2447 extenduntur)

748 2453 900 2502 obtinuisse
916 2451 1043 2501 dicuntur
1058 2466 1105 2500 eos
1119 2452 1215 2516 Syriae
1232 2461 1287 2503 tra-

748 2528 824 2583 ctus,
839 2521 885 2586 qni
898 2523 965 2570 mari
977 2518 1198 2586 (mediterraneo)
1211 2522 1288 2572 adia·

750 2598 826 2648 cent
847 2592 865 2643 i.
886 2606 910 2640 e.
928 2591 1021 2655 Syrius
1043 2606 1129 2641 orum:
1153 2592 1286 2656 adquam

749 2660 861 2711 eandem
876 2664 1004 2723 spectant
1020 2660 1103 2709 verba
1113 2675 1209 2724 ,quae
1223 2676 1287 2712 con-

749 2732 826 2781 tinno
851 2735 1017 2807 sequuntur:
1048 2743 1099 2791 της
1122 2725 1154 2781 dl
1178 2729 1287 2794 Σνριης
1372 2792 1377 2798 ¹

748 2798 831 2849 corito
854 2791 885 2847 τὸ
904 2796 1010 2876 ηαρίον
1027 2790 1122 2847 καλ
1093 2813 1125 2848 το
1146 2800 1223 2864 μέχρι
1240 2795 1286 2848 At

748 2864 857 2952 νείατον
875 2866 933 2916 πᾶν
949 2865 1126 2931 Παλαιστίνη
1150 2865 1286 2931 καλέεται,

749 2943 768 2989 i.
782 2956 805 2991 s.
820 2940 914 3005 Spirae
929 2953 992 2988 vero
1011 2936 1094 3002 (qnae
1106 2939 1165 2992 soil.
1177 2939 1287 3004 longius

749 3010 905 3061 extenditur
923 3022 1102 3072 magnumque
1122 3014 1209 3061 terrae
1226 3026 1288 3073 spa·

750 3081 816 3129 tium
835 3076 968 3140 eontinet)
992 3093 1023 3127 ec
1047 3080 1117 3142 replo
1143 3081 1201 3130 sive
1224 3095 1287 3144 pars

748 3150 830 3215 (qnae
842 3147 912 3197 mari
925 3146 1061 3211 adiacet),
1071 3157 1146 3212 alque
1157 3151 1233 3198 omnis
1247 3152 1287 3199 tlte

747 3225 843 3269 tractus
853 3216 1037 3281 (maritimus),
1048 3219 1180 3283 quinoque
1192 3220 1228 3268 ad
1235 3219 1287 3270 Ατ-

746 3297 846 3354 ρηριαντ
857 3287 950 3347 tendit,
963 3286 1111 3336 Palaestino
1120 3297 1236 3338 νοοαλντί
1250 3290 1286 3340 oi.

750 3360 872 3408 Movere·
897 3356 950 3405 Dis
969 3354 1096 3406 Phoenia.
1115 3357 1159 3419 11,
1183 3360 1205 3408 l.
1224 3373 1286 3422 pag.

158 3428 302 3489 receperit.
346 3422 446 3474 Contra
469 3424 699 3490 Heugstenherg„
750 3425 868 3484 38-60;
887 3424 967 3476 aliter
982 3424 1155 3476 hunclocum
1170 3427 1288 3491 intelligi

158 3510 229 3560 quae
246 3492 401 3544 Herodotus
424 3494 456 3544 de
475 3492 640 3543 Phoenicum
658 3511 700 3545 se·
749 3494 918 3547 vnltStsrlr:
946 3494 1022 3569 (iupa
1043 3500 1094 3546 ete.
1114 3511 1177 3561 pag.
1195 3497 1238 3549 37.
1253 3497 1288 3547 38

158 3565 238 3615 dibus
263 3564 408 3630 primitivis
435 3562 471 3613 ad
496 3578 569 3613 mare
591 3564 699 3614 rubrum
750 3564 870 3615 οο11.59.
898 3557 1287 3635 Αᾶτοοφυπερβαντεςοί

158 3641 283 3693 enarrat,
307 3632 379 3683 falsa
392 3635 536 3685 Persarum
553 3633 700 3684 traditione
750 3632 985 3697 v1‚108.11.13.
1006 3636 1045 3685 14.

159 3704 404 3764 nitioontendens,
420 3702 587 3763 Phoenices,
608 3702 700 3767 prouti
791 3673 904 3766 Alponos
917 3716 943 3749 οι
969 3695 1000 3752 dl
1028 3697 1091 3760 νέας
1118 3701 1288 3769 παρείχοντο

159 3773 511 3839 sacrescripturaedoeet,
527 3774 621 3823 statim
638 3778 700 3836 post
750 3768 910 3838 διηκοσίας]
931 3772 1086 3837 Inmsnpra
1103 3771 1226 3836 (adVII,
1242 3774 1288 3838 09)

159 3844 268 3908 generis
287 3842 398 3893 hnmani
425 3842 621 3924 dispersionem
643 3856 699 3903 eas,
750 3842 896 3903 adnotavi,
916 3843 1011 3891 mirum
1030 3842 1131 3904 videri,
1150 3845 1222 3908 quod
1240 3848 1290 3895 Ac·

160 3927 228 3977 quas
248 3918 345 3977 postea
358 3913 496 3962 tenuerint
513 3913 653 3976 regiones,
673 3912 700 3959 in
750 3912 838 3978 gyptii
855 3913 926 3963 inter
945 3911 1057 3961 navales
1076 3913 1170 3978 copias
1183 3918 1289 3964 tanturn

159 3985 221 4046 ipsa
232 3982 382 4032 Phoenicia
398 3981 432 4030 ad
448 3982 531 4031 maris
546 3983 702 4031 meditem·
753 3986 943 4032 memorantur
962 3982 1060 4044 Qnsin
1072 3999 1101 4033 re
1113 3982 1193 4033 aliter
1205 3985 1291 4033 tradit

161 4051 206 4102 nei
233 4067 308 4101 oram
332 4051 481 4102 incoluisse
503 4052 616 4101 statuit·
646 4051 701 4101 vid
751 4050 911 4115 Aeschylus
924 4053 1291 4133 quicommemoranshegy·

161 4121 325 4175 Commentt.
344 4121 377 4171 de
396 4121 479 4171 Rebh
497 4122 576 4185 ’.Γηττ
595 4135 655 4184 paq.
667 4118 701 4169 93
753 4122 982 4188 ptiorumoopiss,
991 4122 1200 4186 qnashrsames
1208 4124 1291 4172 Mem

161 4205 238 4255 seqq.
263 4176 413 4255 Equioeni
405 4205 458 4309 Ὦτα
470 4206 558 4255 snpra
565 4189 703 4272 professus
754 4189 829 4254 phidi
856 4189 1291 4255 praeeminentissimum,

163 4275 221 4309 sum
243 4275 302 4310 eain
322 4267 416 4311 senten
431 4276 501 4316 iam
522 4275 575 4324 qno
589 4254 704 4309 Phoeni·
754 4259 907 4310 Thebarum
919 4266 1086 4324 procurator,
1100 4265 1196 4310 contra
1209 4261 1292 4311 (irus-

165 4344 210 4379 cos
230 4329 292 4379 olim
314 4329 347 4379 ad
375 4344 450 4380 mare
453 4328 605 4379 Persicum
625 4328 704 4378 hobi·
756 4345 801 4379 cos
827 4328 969 4387 duxerint
993 4330 1133 4389 subiungit
1153 4345 1221 4379 vers
1241 4334 1290 4382 40:

165 4405 239 4448 tasse
258 4400 374 4464 indeque
395 4397 429 4448 ad
446 4399 542 4462 Syriae
559 4413 636 4449 oram
657 4397 705 4446 mi·
755 4394 804 4447 καί
822 4364 976 4482 ἑλειοβάται
996 4397 1073 4446 ναῶν
1093 4391 1184 4460 ἐρέται
1201 4396 1296 4451 δεινοί

166 4484 260 4535 grasse
273 4469 450 4535 antiquitatis
462 4474 535 4520 oerte
551 4483 704 4535 opinionem
754 4460 915 4534 πλῆθόςτ’
934 4460 1105 4536 ἀνάριθμοι.
1133 4469 1204 4522 unde
1223 4470 1293 4522 inle-
