3008 5128
426 392 795 458 TERPSIOHORE.
818 394 857 457 V.
879 404 922 462 71.
945 404 990 462 tr.

1213 397 1273 462 135

136 580 203 661 ἔχει
238 566 510 662 Ἀλκμαιωνίδας.
561 574 666 641 ταῦτα
697 568 761 661 πρὸ
788 576 845 663 τῆς
872 571 1116 664 Πεισιστράτου
1146 569 1274 666 ἡλικίης

135 680 276 748 έένετο.

152 706 174 766 y
211 782 403 870 Κλεομένης
427 778 464 849 dl
484 774 528 861 ὡς
548 779 688 867 πέμπων
712 782 865 869 ἐξέβαλλε
886 784 1094 851 Κλεισθένεα
1116 783 1172 851 καὶ
1191 780 1268 864 τούς
1279 784 1320 847 72

133 887 292 974 ἐναγέας,
306 886 515 973 Κλεισθένης
527 883 590 973 μὲν
603 879 702 965 αὐτὸς
715 880 889 973 ὑπεξέσχε·
909 884 991 975 μετὰ
1006 885 1042 955 δὲ
1057 882 1159 956 οὐδὲν
1172 891 1270 957 ἕσσον

132 1051 362 1120 persuasissent),
381 1059 410 1102 ut
427 1052 493 1101 nullo
512 1053 577 1101 cralo
593 1051 679 1114 afflec-

133 1131 232 1175 rentur.
260 1123 379 1186 Quibus,
393 1126 425 1172 ut
433 1120 539 1171 Dukeri
547 1125 610 1171 utar
619 1136 679 1172 ver-

135 1195 193 1256 bis,
208 1191 384 1258 Thucydides
398 1190 550 1257 siguificat,
572 1208 618 1242 eos
630 1207 679 1240 no·

134 1264 219 1314 luisse
237 1278 349 1328 surgere
368 1262 423 1312 nisi
441 1266 556 1326 occepta
574 1260 626 1311 tide
645 1259 678 1311 de

134 1332 340 1395 incolumitate,
363 1346 444 1397 quam
468 1336 560 1380 tamen
580 1335 680 1396 postes

133 1402 266 1456 violatam
277 1418 335 1453 esee
345 1402 478 1453 novimus.
499 1399 638 1451 Plutarch.
650 1401 679 1449 in

133 1470 229 1526 Sololl.
252 1487 313 1537 csp.
335 1472 366 1521 tr
382 1471 442 1521 init.
461 1485 524 1536 psg.
537 1470 604 1520 stu
621 1469 678 1519 Me-

133 1542 240 1609 gaclem
262 1541 420 1593 archontum
439 1539 494 1591 illis
509 1540 678 1604 persuasisse

134 1612 235 1663 scribit
246 1603 293 1660 int
309 1607 376 1675 δίνη
394 1608 560 1672 κατελθεῖν,
582 1610 601 1660 i.
616 1624 639 1658 e.
651 1618 679 1658 αι

131 1699 161 1733 se
179 1682 272 1733 iudicio
287 1684 419 1743 sisterent,
440 1681 474 1731 dc
491 1678 679 1730 incolumitate

132 1758 217 1818 pacta
231 1756 340 1812 tacens,
356 1765 436 1815 quum
450 1751 508 1815 ipse
520 1751 621 1800 Noster
636 1750 676 1798 in-

132 1822 209 1872 dicet
226 1821 270 1870 his
288 1821 392 1871 verbis:
419 1809 579 1883 ὑπεγγύους
600 1810 677 1882 πλὴν

130 1885 282 1951 θανάτου,
304 1905 373 1955 qnae
395 1890 434 1938 its
451 1889 571 1939 reddidit
582 1887 675 1940 Vella:

131 1963 194 2011 datu
209 1961 261 2014 lide
282 1961 403 2022 puniendi
423 1974 465 2009 eos
482 1960 547 2008 eitra
564 1966 674 2010 mortem.

131 2032 186 2083 tui
197 2020 358 2094 ὑπεγγύους
372 2044 425 2078 uon
437 2028 473 2078 ad
485 2022 535 2084 τὰς
543 2018 674 2091 Ἀθήνας,

729 1053 914 1119 Thucydidem
932 1053 1075 1104 contendit
1096 1054 1125 1104 iu
1144 1053 1186 1105 his
1208 1070 1273 1107 con-

730 1125 803 1177 sulto
819 1124 981 1188 redarguere
996 1123 1116 1175 voluisse
1133 1123 1219 1175 allata
1236 1127 1271 1175 eb

729 1195 880 1258 Herodoto,
895 1194 961 1243 mihi
975 1192 1047 1244 haud
1059 1197 1211 1258 persuasit,
1225 1197 1271 1261 qui

730 1270 854 1315 neutrum
871 1267 1030 1328 scriptorem
1049 1265 1101 1313 sibi
1119 1265 1160 1314 its
1178 1266 1272 1329 cogni·

729 1341 786 1385 tum
805 1335 891 1386 luisse
908 1334 1041 1394 arbitror,
1067 1339 1098 1384 ut
1114 1334 1183 1383 alter
1204 1335 1272 1387 elte-

729 1406 786 1455 rius
801 1407 904 1469 scripta
922 1403 1010 1470 legere
1027 1404 1154 1468 potuerit.
1182 1406 1270 1455 Hero-

730 1474 812 1526 dotus
826 1475 850 1525 si
864 1490 961 1524 revera
978 1473 1047 1523 hcec
1060 1475 1087 1523 in
1100 1472 1270 1524 Alcmaeoni-

729 1545 825 1595 dsrnm
838 1544 957 1609 gratiern
976 1543 1117 1607 scripsisse
1133 1545 1271 1607 putandus

730 1621 786 1675 est,
803 1629 856 1679 quo
873 1628 964 1663 eorum
978 1612 1086 1676 culpem
1099 1612 1269 1677 diminueret,

730 1685 827 1735 ductus
849 1683 913 1732 mihi
932 1682 1042 1734 videtur
1061 1681 1147 1733 inisse
1162 1698 1193 1733 eo
1213 1689 1271 1734 stu-

729 1754 789 1817 dio,
802 1768 854 1819 quo
865 1769 929 1818 erge
938 1750 1120 1802 Athenienses
1131 1756 1214 1817 utque
1224 1752 1272 1803 ad·

726 1840 823 1875 versus
833 1822 1066 1872 Lacedaemonios
1077 1820 1137 1887 (qui
1148 1821 1213 1872 belli
1221 1824 1271 1873 Pe-

727 1893 915 1959 lopounesicci
938 1892 1017 1943 initio
1038 1891 1154 1943 Athenis
1175 1893 1269 1957 pulsos

727 1963 871 2015 voluerunt
891 1978 999 2026 omnes,
1026 1963 1072 2027 qui
1093 1963 1213 2012 criminis
1240 1964 1269 2012 in

728 2032 857 2097 Cylouem
878 2035 991 2096 eiusque
1014 2033 1105 2082 socios
1131 2033 1269 2083 commissi

131 2100 180 2151 sed
197 2099 236 2150 ad
248 2090 369 2154 τούτους
383 2101 498 2162 spectat.
531 2098 590 2147 Vox
602 2086 676 2162 ἐχέγ-

129 2183 199 2234 γυος
212 2168 298 2220 simili
311 2170 340 2217 in
356 2184 385 2218 re
397 2168 470 2233 apud
482 2166 608 2232 Sophocl.
626 2167 678 2217 Oe·

130 2237 676 2317 dip.Colon,275,ubicouf.interpretem
726 2241 772 2307 95)
789 2241 863 2291 illum
876 2241 1029 2292 invenimur
1043 2240 1190 2305 impletum,
1214 2242 1269 2292 Eo.

131 2311 165 2359 ds
187 2324 258 2359 soce
282 2301 422 2371 οπὲγγυος
445 2307 518 2357 conf·
542 2306 675 2359 Thesaur-
728 2313 842 2377 demque
858 2311 940 2360 etiarn
954 2309 1107 2372 retulerim,
1121 2309 1192 2374 quod
1206 2326 1268 2360 mor

130 2375 676 2443 laius-Groed·VllI·p·138eil-Dindorf·
727 2398 787 2446 cup.
801 2380 834 2432 76
847 2379 963 2442 legitur,
981 2379 1213 2430 Lacedaemonios
1225 2381 1267 2431 bis

174 2445 314 2511 φονεῦσαι
341 2437 372 2494 dd
393 2437 499 2501 αὐτοὺς
522 2438 599 2509 αἰτίη
619 2439 676 2509 ἔχει
726 2451 847 2501 Atticam
866 2450 1003 2499 invasisse
1026 2439 1071 2497 ἐπ’
1089 2437 1191 2512 ιἰγαθῴ
1217 2448 1269 2499 τού

128 2511 360 2580 Ἀλκμαιωνίδας]
379 2516 398 2567 i.
412 2531 434 2566 e.
449 2517 524 2580 culpa
540 2516 675 2566 ccedmte·
727 2515 855 2584 πλήθεος
869 2516 924 2567 τῶν
944 2512 1113 2580 Ἀθηναίων.
1153 2519 1268 2569 Tracta-

128 2595 173 2639 re!
186 2586 382 2637 Alcmaeonidas
404 2601 427 2640 s.
446 2588 522 2636 occisi
540 2601 601 2635 vero
617 2592 676 2635 ml
725 2591 766 2641 rit
783 2589 853 2639 haec
873 2604 981 2653 quoque
999 2587 1061 2638 chr.
1077 2588 1221 2637 Fuetterer
1240 2590 1268 2638 in

128 2658 205 2720 αφά
218 2656 460 2706 Alcmaeonidurum.
482 2656 526 2704 De
537 2654 676 2705 locutione
726 2658 961 2710 Commentatione
973 2659 1006 2708 de
1024 2657 1147 2721 pluribus
1161 2657 1269 2724 Thucy·

128 2723 208 2791 αἰτίη
224 2719 280 2790 ἔχει
293 2725 444 2775 monuimus
457 2723 491 2773 dd
507 2726 544 2785 V,
560 2725 603 2775 70-
633 2725 676 2774 ΒΘ
725 2730 796 2780 didis
814 2729 1000 2793 Herodotique
1018 2726 1100 2788 locis,
1123 2728 1152 2776 in
1168 2729 1267 2791 quibus

129 2799 191 2862 ipso
204 2800 366 2861 argumento
378 2795 445 2845 haee
456 2795 543 2845 teneri
551 2794 673 2845 volume.
724 2804 839 2864 uterque
851 2798 968 2863 scriptor
980 2798 1014 2847 da
1023 2796 1119 2847 iisdem
1129 2797 1209 2848 rebus
1222 2814 1268 2863 ge-

129 2882 204 2917 mus:
225 2865 367 2916 Herodoto
378 2866 406 2915 in
418 2864 470 2915 hac
481 2869 542 2914 tota
555 2880 584 2914 re
595 2879 673 2914 uuor·
725 2872 776 2921 stis
793 2869 903 2919 disserit
926 2866 1085 2933 (Hagiopoli
1106 2864 1183 2931 1843)
1202 2884 1266 2933 pag.

128 2935 218 2987 rande
237 2951 291 2985 non
312 2950 422 3000 prorsus
443 2935 589 2985 convenire
612 2949 673 2984 curn
726 2941 758 2991 15
767 2955 858 3005 seqq„
874 2940 915 2988 ita
927 2937 1066 2999 iudicans,
1080 2935 1267 3002 Thucydidem

128 3004 305 3071 Thucydide,
320 3006 445 3070 quiquae
454 3003 535 3055 aliter
549 3003 672 3066 tradidit,
723 3025 778 3059 non
792 3013 897 3059 tentum
909 3008 995 3058 fusius
1008 3006 1170 3071 uberiusque
1183 3006 1267 3073 (quod

129 3078 158 3127 in
181 3074 409 3127 antecedentibus
432 3075 486 3124 ism
507 3074 672 3124 notavimus.
725 3075 1003 3144 quisquecoucedet),
1019 3076 1067 3126 sed
1081 3075 1266 3130 etiemvsrius

127 3150 168 3197 Ac
188 3144 376 3210 Thucydidem
401 3146 425 3194 si
446 3144 597 3208 sequimur,
619 3144 674 3207 ipsi
724 3153 926 3198 remtractasae
939 3162 1019 3213 quem
1028 3144 1206 3209 Herodotum,
1220 3149 1267 3211 qui

127 3221 194 3266 sunt
215 3213 443 3277 Alcmaeouidae,
475 3215 521 3278 qui
545 3212 674 3278 supplici·
724 3219 861 3269 diversum
881 3233 897 3266 e
916 3215 1075 3279 Thucydide
1099 3231 1133 3266 ac
1151 3216 1265 3267 deterio.

128 3287 180 3336 bus
190 3286 266 3337 vitae
276 3283 490 3334 incolumitatem
500 3286 673 3347 promittunt,
724 3303 779 3338 rem
793 3293 932 3337 auctorem
944 3287 980 3337 sit
993 3289 1119 3335 secutus:
1139 3291 1189 3347 „ut
1201 3302 1266 3350 pau.

127 3372 192 3406 mox
204 3354 392 3407 veroeosdern
411 3353 558 3403 trucidant.
589 3353 673 3404 liero-
724 3359 765 3408 cia
779 3358 867 3407 dicam
883 3355 935 3421 (ita
949 3354 1087 3406 concludit
1100 3357 1265 3407 seutentiam

127 3426 195 3477 doto
221 3428 334 3475 auctore
357 3424 433 3474 viras
455 3423 628 3474 incolumitas
656 3438 673 3470 a
725 3426 828 3491 suam),
851 3441 920 3490 quae
939 3427 1028 3474 animo
1045 3422 1204 3486 volvuntur,
1225 3426 1264 3475 lo·

126 3495 292 3560 prytsnibus
315 3508 510 3544 nuntiatorum
538 3492 675 3558 promised
724 3513 785 3547 cum
804 3496 920 3546 maxime
939 3494 1099 3544 lacunosum
1125 3498 1207 3559 atque
1231 3497 1265 3545 ab

126 3562 370 3629 estsupplicibust
387 3564 434 3628 qui
449 3561 674 3628 qdodinldrfeell
723 3566 880 3627 Herodoto,
905 3565 928 3615 si
951 3569 1037 3615 totam
1059 3579 1115 3614 rem
1134 3566 1266 3627 novisset,

126 3639 202 3697 sunt,
220 3633 472 3684 Alcmaeouidarum
482 3631 674 3696 culpltt'actum
723 3652 778 3686 non
794 3635 888 3697 talem,
912 3633 1018 3699 qualem
1032 3632 1065 3683 de
1078 3633 1180 3698 Cylone
1194 3651 1265 3685 nunc

127 3702 397 3757 esseidemedditid
418 3702 675 3753 uelenioribusuti·
725 3706 855 3770 legimus,
887 3704 1017 3769 perscribi
1048 3704 1169 3767 potuisse
1195 3705 1266 3754 arbi·

128 3791 182 3839 qne
195 3774 287 3825 verbis
298 3765 387 3837 (αἰτίη
398 3719 464 3837 dages)
477 3771 615 3832 declaret,
632 3778 673 3821 to·
724 3775 810 3825 tror.“
845 3775 877 3824 In
896 3789 948 3840 quo
966 3773 1091 3838 equidem
1108 3773 1167 3823 viro
1183 3775 1265 3824 docto

127 3848 183 3895 tius
214 3844 255 3893 rei
281 3843 466 3894 narrationem
496 3841 673 3909 paucioribus
725 3846 853 3897 assentiri
867 3859 976 3910 prorsus
991 3857 1111 3906 nequeo,
1132 3844 1178 3908 qui
1199 3843 1266 3895 illud

127 3915 241 3965 omniuo
259 3913 365 3975 verbis,
390 3911 463 3985 quod
479 3912 598 3972 mireris,
624 3912 673 3961 sb-
724 3931 829 3981 semper
848 3913 995 3964 tenendum
1015 3912 1157 3971 existimo,
1179 3915 1267 3965 Hero·

126 3984 255 4035 solvens:
275 3988 306 4033 nt
317 3983 465 4034 verendum
481 3997 547 4032 sena
567 3982 619 4044 sit,
639 3996 673 4031 ne
723 3986 816 4036 dotum
830 3985 862 4035 de
878 3989 939 4034 tota
951 3982 1002 4032 hac
1015 3998 1044 4032 re
1059 3983 1146 4032 obiter
1160 3987 1265 4033 tautum

127 4059 157 4106 in
180 4053 436 4104 Alcmaeonidarurn
464 4052 581 4117 gratiam
603 4051 673 4100 haee
723 4061 805 4120 atque
826 4054 896 4104 hanc
917 4068 998 4103 uuam
1022 4052 1055 4102 ob
1071 4068 1183 4103 causam
1201 4053 1265 4103 scri-

126 4127 169 4175 its
191 4122 321 4175 retulerit
346 4123 459 4174 edoctus
481 4121 515 4171 ab
537 4122 571 4171 iis
590 4120 672 4171 Athe·
722 4126 824 4191 puisse,
844 4123 944 4174 utvim
960 4124 1037 4173 vocis
1056 4113 1265 4187 έναγέεςεερλί-

124 4195 286 4254 aiensibus,
315 4193 361 4257 qni
380 4191 581 4243 Alcmaeonidis
601 4191 672 4241 Atti·
723 4200 812 4256 caret,
838 4192 1017 4258 consultoque
1036 4193 1157 4243 evitasse
1175 4191 1264 4241 videri

125 4280 178 4315 esc
202 4263 342 4314 libertatis
361 4261 514 4312 vindicibus
541 4261 671 4311 faverint·
723 4266 874 4316 uberiorem
890 4262 971 4313 huius
991 4262 1030 4313 rei
1047 4262 1248 4313 tractationem.

126 4332 345 4384 castoreum
366 4333 408 4382 iu:
428 4331 541 4382 Jahrbb.
560 4331 581 4380 f.
601 4330 670 4380 Phil.

125 4419 156 4456 u.
168 4403 292 4468 Pacdsg.
310 4401 371 4452 Vol.
384 4401 456 4451 le.
471 4417 497 4466 p.
510 4400 562 4451 334
574 4416 630 4465 seq.
646 4403 674 4451 et
896 4383 962 4434 CAP-
981 4381 1095 4433 LXXII·

126 4474 221 4541 Bergk
235 4471 304 4523 ibid.
318 4487 383 4539 pag.
397 4470 448 4523 389
462 4485 529 4538 seq,
542 4471 589 4538 qui
601 4470 674 4536 qnod
758 4461 904 4536 ὑπεξέσχε]
930 4471 948 4520 i.
963 4486 986 4521 e.
1004 4471 1068 4518 elam
1087 4467 1214 4529 discessit,
1237 4480 1265 4515 re

222 4552 236 4575 ,
887 4542 892 4553 .

726 2102 811 2153 ullam
824 2102 929 2152 ferrent
945 2099 1065 2166 culpam)
1086 2101 1149 2152 aliia
1162 2117 1269 2167 quoque

727 2173 795 2223 locis
809 2170 868 2237 (VI,
883 2172 941 2223 108.
956 2172 1092 2235 vtuior.
1110 2171 1188 2234 VlIl,
1203 2175 1228 2224 2.
1242 2172 1268 2224 3.
