2970 5128
264 395 324 461 τοο
695 360 958 465 assonant

261 568 372 661 ὁρέων
388 571 466 655 τοὺς
481 575 674 662 Δολόγκους
696 576 894 665 παριόντας,
919 580 1044 667 ἐσθῆτα
1065 584 1198 665 ἔχοντας
1212 573 1270 649 οὐκ
1283 581 1372 665 ἐγχω-

262 686 340 765 ρίην
354 681 408 746 καί
423 676 557 768 αἰχμὰς,
572 681 823 769 προσεβώσατο·
851 687 910 752 καί
920 703 982 770 σφι
996 687 1220 771 προσελθοῦσι
1235 683 1373 769 ἐπηγγεί·

263 791 341 850 λατο
362 781 561 871 καταγωγὴν
581 787 636 853 καὶ
657 789 772 867 ξείνια.
799 788 834 854 oi
846 785 883 854 δέ
898 786 1072 875 δεξόμενοι
1094 788 1149 855 καὶ
1169 788 1375 868 ξεινισθέντες

261 881 322 952 ὑπ’
337 882 444 953 αὐτοῦ
464 889 640 973 ἐξέφαινον
656 893 723 955 πᾶν
740 893 775 956 oi
788 887 825 957 τό
839 888 1015 977 μαντήϊον·
1046 889 1250 979 ἐκφήναντες
1263 889 1298 957 δέ
1312 891 1374 958 ἐδέ-

261 1015 338 1057 οντο
353 985 458 1058 αὐτοῦ
479 994 525 1083 τῷ
545 995 618 1082 θεῷ
634 1019 693 1078 μιν
708 999 900 1062 πείθεσθαι.
944 993 1134 1062 Μιλτιάδεα
1151 990 1375 1077 miccinam

261 1100 449 1179 παραυτίκα
466 1096 577 1163 ἔπεισε
591 1090 609 1163 ὁ
623 1094 734 1181 λόγος,
759 1091 813 1164 οἷα
833 1093 1025 1184 ἀχθόμενόν
1045 1123 1081 1165 τε
1094 1102 1135 1186 τῇ
1150 1094 1376 1183 Πεισιστράτου

262 1192 346 1283 όιρχῇ
374 1198 429 1264 καὶ
453 1196 661 1285 βουλόμενον
687 1197 840 1269 ἐκποδῶν
864 1198 961 1269 εἶναι.
1010 1197 1129 1269 αὐτίκα
1155 1201 1194 1270 δέ
1219 1198 1330 1286 ἐστάλη
1349 1200 1376 1277 ἐς
1448 1287 1451 1290 ἢ

263 1297 436 1385 Δελφοὺς,
452 1300 707 1389 ἐπειρησόμενος
725 1301 762 1371 τό
774 1302 992 1392 χρηστήριον,
1008 1310 1039 1372 εί
1051 1313 1179 1391 ποιοίη,
1194 1301 1235 1372 τό
1250 1330 1310 1386 περ
1322 1297 1373 1369 αό-
1437 1301 1443 1314 '

215 1400 322 1470 36τοῦ
336 1407 370 1470 οἱ
382 1402 546 1491 Δόλογκοι
561 1408 791 1493 προσεδέοντο.
826 1406 1039 1495 Κελενοόσης
1053 1407 1089 1477 δὲ
1104 1409 1161 1475 καὶ
1175 1412 1232 1495 τῆς
1245 1410 1376 1491 Πυθίης,

262 1501 349 1574 οὕτω
370 1505 411 1596 δὴ
428 1507 616 1596 Μιλτιάδης
640 1505 849 1595 όΚυψέλου,
874 1507 1037 1598 Ὀλύμπια
1053 1506 1285 1599 ἀναραιρηκὼς
1302 1507 1373 1594 πρό-

259 1681 286 1730 δ.
303 1679 409 1731 Griech.
428 1685 452 1743 ξ.
470 1681 510 1733 10.
531 1685 588 1731 not.
606 1680 636 1731 10
650 1698 726 1747 seqq.
756 1682 798 1732 Ex
849 1684 933 1745 v‚52
946 1688 974 1733 et
990 1683 1025 1733 ad
1039 1679 1129 1744 ξείνια
1144 1682 1234 1733 citata
1246 1676 1374 1741 aaut&
1466 1694 1467 1745 j

259 1750 398 1801 Herodoto
408 1750 461 1801 huc
468 1758 523 1815 peri
529 1752 605 1801 iacnt
616 1752 670 1801 loci
681 1751 724 1800 hi:
744 1752 797 1813 ΙΙΙ,
847 1752 890 1803 Ad
902 1744 1052 1815 δεξόμενοι
1072 1756 1161 1802 mente
1177 1755 1283 1816 repetas
1296 1764 1326 1798 eu
1336 1762 1376 1796 au·

260 1820 292 1870 λδ
306 1819 366 1871 coll.
385 1820 442 1871 140.
458 1821 505 1881 Vl,
518 1820 560 1871 01.
591 1821 670 1884 Apud
683 1820 803 1871 Marcel²
849 1823 1037 1875 tecedentibus
1048 1815 1216 1886 καταγωγὴν
1226 1810 1273 1867 καί
1287 1814 1374 1879 ξείνια.

259 1889 342 1938 linum
359 1888 375 1936 l.
392 1889 409 1942 l.
425 1889 565 1939 Miltiades
579 1891 682 1941 sedisse
698 1892 798 1940 dicitur
847 1890 889 1941 Αδ
905 1892 1017 1942 verbum
1033 1880 1185 1954 ἐξέφαινον
1198 1890 1234 1941 ci.
1247 1890 1279 1949 V,
1292 1887 1332 1940 30.
1342 1886 1375 1948 ll,
1466 1938 1467 1945 η

260 1950 315 2019 πρό
342 1955 399 2005 τῶν
420 1947 497 2020 όρων
520 1956 571 2022 της
591 1953 727 2024 Ἀττικῆς,
750 1959 797 2009 ubi
849 1962 907 2012 115.

259 2028 421 2092 Rutgereius
441 2043 473 2077 ex
484 2027 624 2078 Herodoto
639 2030 738 2095 corrigi
751 2044 799 2078 vo·
882 2026 930 2079 καὶ
950 2023 1125 2096 βουλόμενον
1147 2018 1279 2077 ἐκποδτόν
1299 2016 1375 2087 εἶναι]

258 2096 310 2146 luit
333 2092 389 2158 πρὸ
412 2094 470 2144 τόν
489 2094 607 2159 θυρῶνι
631 2100 701 2161 nisi,
726 2098 797 2163 quod
847 2101 866 2153 i.
879 2117 903 2155 e.
920 2108 944 2151 el
960 2101 1050 2165 procul
1068 2114 1091 2150 s.
1109 2105 1289 2162 excoacpectu
1297 2090 1376 2143 adesse

259 2169 350 2217 mmet
375 2167 591 2228 Valckenarius,
623 2167 799 2218 Marcellinus
847 2173 991 2233 cupientem.
1021 2170 1045 2219 E
1060 2168 1222 2219 Florentino
1239 2166 1306 2215 libro
1318 2177 1376 2213 uuo
1466 2200 1467 2215 2

258 2234 340 2285 alium
355 2239 439 2301 atque
451 2237 619 2287 Herodotum
632 2242 675 2288 est
687 2240 798 2289 secutus
848 2254 899 2304 que
916 2241 1006 2291 Paris.
1023 2237 1174 2303 Schweigh.
1194 2241 1221 2286 et
1235 2235 1319 2287 Gaias.
1336 2232 1377 2281 de·
1466 2272 1467 2285 .

258 2310 413 2370 auctorem,
428 2308 590 2371 praesertim
604 2322 662 2356 cum
679 2307 714 2357 ab
726 2307 798 2356 Atti·
846 2310 944 2361 derunt
957 2300 986 2356 ἐκ
998 2304 1111 2357 aanor:
1130 2306 1255 2373 equidem
1268 2318 1324 2355 cum
1340 2316 1375 2350 re

258 2390 308 2425 cce
326 2374 423 2425 finibus
442 2392 497 2425 non
513 2373 594 2439 longe
608 2376 726 2428 abfuerit
738 2376 798 2426 Mil·
847 2384 930 2429 centt.
945 2377 1006 2428 edd.
1019 2379 1148 2428 revocavi
1159 2371 1376 2427 lectionemWes-
1466 2378 1467 2385 ’

258 2444 339 2497 tiadis
353 2445 419 2495 villa
431 2435 461 2494 ἐν
473 2444 630 2502 Αακιδδαις
641 2445 712 2503 sita}
846 2448 914 2499 aelia
936 2449 969 2507 ii,
993 2446 1136 2510 probatam
1156 2443 1294 2496 Sancrofti
1314 2441 1375 2489 libro

299 2505 408 2578 ἐσθῆτα
431 2509 547 2581 ἔχοντας
570 2507 623 2565 οὐκ
645 2507 794 2580 ἐγχωρίην]
846 2465 1067 2582 ἐκποδόν,ηυοδ
1081 2517 1150 2566 idem
1166 2518 1208 2565 sic
1221 2513 1375 2564 coniunctim

256 2584 301 2634 lta
315 2584 439 2635 meliores
453 2585 523 2636 libri.
559 2585 660 2649 Vulgo:
689 2578 796 2651 ἐσθῆτα
845 2586 1225 2652 scriptumiuvenituerll.
1244 2584 1289 2644 75,
1303 2578 1376 2645 quod·

257 2645 309 2702 οόκ
322 2645 462 2718 ἐγχωρίην
478 2651 523 2717 (de
536 2671 589 2721 qua
601 2671 669 2706 voce
681 2655 716 2705 ct.
731 2656 795 2707 Bre-
846 2673 899 2722 que
921 2657 991 2708 idem
1009 2670 1081 2705 nunc
1101 2657 1129 2704 in
1149 2654 1273 2705 omnibus
1291 2653 1375 2727 peita-

257 2722 320 2774 δον.
328 2740 391 2789 pag.
400 2722 463 2788 276)
474 2718 598 2789 ἔχοντας,
612 2724 693 2790 idque
703 2729 797 2774 tenue·
845 2743 904 2777 rum
923 2728 1005 2788 locis,
1018 2723 1162 2790 Sophoclis
1177 2723 1245 2788 (vid.
1262 2720 1375 2799 inprimrs

256 2799 319 2841 runt
336 2810 396 2844 cum
411 2794 667 2846 SchaeferoMatth.
683 2799 792 2844 etrecc.
844 2798 923 2847 Aiac.
939 2795 1024 2858 1000),
1040 2794 1180 2859 Euripidis
1190 2792 1262 2859 (vid.
1275 2790 1376 2855 potiari-
1466 2862 1467 2865 Ἴ

255 2863 317 2915 edd.
844 2880 916 2916 mum
928 2866 1018 2916 Orest.
1034 2863 1121 2927 llssl),
1131 2859 1329 2927 Aristophanis,
1341 2873 1374 2906 re·
1466 2868 1467 2871 ’

290 2924 470 2997 καὶαίχμόις]
498 2933 553 2983 Vix
573 2932 729 2983 inconsulto
742 2932 794 2982 hoc
845 2942 973 2986 vocatum
995 2933 1144 2983 invenitur:
1171 2932 1229 2983 vid.
1253 2930 1374 2980 Thesaur-

255 2999 393 3051 addidisse
419 3002 528 3052 videtur
552 3001 684 3053 historiae
709 3006 795 3067 pater.
843 3006 924 3071 Ling.
938 3004 1034 3055 Graec.
1051 3003 1105 3053 111.
1124 3017 1186 3066 pag.
1210 3002 1262 3051 542
1278 3014 1331 3060 seq.
1347 3009 1375 3073 eff
1466 3040 1467 3045 ,

254 3071 323 3120 Nam
341 3070 621 3132 Doloaci,Thraces,
639 3087 795 3136 quamgeu·
845 3075 911 3128 edit.
925 3071 1051 3123 Dindorf.
1070 3098 1103 3109 —
1122 3072 1164 3121 Ad
1182 3071 1293 3122 verbum
1305 3059 1374 3115 ἐστα-
1466 3068 1467 3129 l

254 3144 308 3188 tem
323 3138 480 3190 bellicosam
494 3141 580 3191 fuisse
593 3157 626 3189 ex
638 3142 672 3203 V,
686 3142 702 3192 0
717 3141 794 3191 colli·
844 3144 878 3208 λη
887 3144 917 3209 (i.
926 3160 948 3194 e.
958 3142 1090 3209 profectus
1101 3149 1139 3191 ert
1150 3140 1212 3191 scil.
1221 3132 1373 3197 Miltiades),
1466 3132 1467 3187 l

253 3223 319 3274 gas,
332 3208 472 3259 Graeciam
485 3210 662 3272 permeabant
675 3214 752 3261 urrais
767 3216 794 3261 et
843 3214 916 3278 quod
927 3213 960 3262 de
973 3211 1097 3276 pedestri
1105 3225 1191 3273 aeque
1204 3226 1235 3260 ac
1250 3208 1375 3257 maritimo

254 3278 361 3343 quidem
371 3278 451 3328 ductis
461 3280 542 3330 ίαδαιὶ
551 3295 599 3343 pro
610 3281 722 3343 antiquo
732 3281 794 3330 bar·
843 3284 940 3334 itinere
951 3280 1078 3331 iaciendo
1089 3280 1247 3344 adhibetur,
1262 3277 1297 3328 cf.
1311 3278 1373 3326 nott

252 3348 379 3397 berorum
405 3364 492 3413 more,
518 3349 564 3414 qui
588 3349 651 3399 olim
671 3355 697 3399 et
720 3350 793 3415 apud
844 3350 1005 3413 sullana.
1466 3398 1467 3413 ,

253 3418 326 3481 ipsos
342 3417 462 3469 Graecos
480 3419 631 3469 invaluisse
642 3418 792 3469 traditura
877 3418 903 3471 εί
916 3416 1026 3484 ποιοίη]
1053 3418 1085 3467 G.
1100 3417 1251 3467 Hermann.
1266 3417 1307 3464 De
1319 3427 1373 3489 paq·
1466 3428 1467 3497 η

253 3486 488 3550 Thucydid.1,ti.
517 3489 559 3538 Ad
577 3489 690 3540 formam
705 3501 791 3550 προσ·
842 3481 1035 3550 λῐο.οἲνῐΙ,4.
1056 3486 1167 3552 paguo
1186 3485 1373 3546 mavultaotnr
1466 3500 1467 3553 j

252 3548 376 3623 εβιόσατα
393 3558 511 3621 cf.1,10
528 3559 620 3624 ibique
633 3562 703 3609 nott.
841 3561 913 3626 quod
935 3560 1005 3610 idem
1027 3563 1205 3624 proposuerat
1224 3556 1373 3605 Dobraeua:
1466 3580 1467 3591 τ

287 3618 469 3691 ἐπηγγείλατο
487 3622 653 3692 καταγωγὴν
673 3623 720 3675 καὶ
736 3623 790 3687 ξεί·
840 3633 941 3681 rectius
953 3632 1035 3691 certe,
1046 3627 1080 3676 ad
1091 3626 1224 3703 Ilerodoti
1235 3623 1372 3673 dialectum
1466 3624 1467 3665 ἐ

250 3694 310 3760 νια]
330 3698 347 3745 i.
362 3713 384 3749 e.
405 3697 493 3747 obtulit
511 3699 673 3749 diversorium
693 3698 790 3758 officia·
840 3701 863 3751 ai
882 3699 1030 3763 respicias,
1049 3710 1133 3758 ποιεη
1148 3696 1203 3758 legi
1218 3694 1277 3743 uult
1293 3691 1374 3770 Cobet

249 3782 296 3829 que
309 3765 427 3831 (epulae)
444 3767 587 3831 hospitalia.
618 3768 660 3818 Cf.
676 3767 789 3816 Becker.
842 3769 920 3833 (Var.
936 3770 1024 3818 Lecti.
1038 3782 1063 3828 p.
1077 3764 1161 3828 303),
1181 3765 1263 3828 idque
1276 3764 1373 3824 recepit

250 3834 368 3885 Charicl.
379 3836 402 3884 1.
413 3851 477 3900 pag.
488 3836 522 3885 60
534 3838 575 3887 ed.
588 3853 653 3897 sec,
665 3837 711 3900 qui
720 3852 789 3899 quae
839 3838 964 3890 Dindorl.
987 3835 1095 3900 Reliqui
1111 3835 1171 3884 εδδ.
1186 3833 1323 3899 vulgatam
1337 3845 1372 3877 re-

247 3903 298 3952 hoc
311 3903 371 3954 loco
384 3910 540 3968 narrantur,
553 3906 621 3956 bene
636 3921 684 3955 nos
698 3906 790 3955 admo·
839 3909 989 3967 tinuerunt,
998 3921 1068 3971 quae
1081 3904 1251 3954 meoiudicio
1263 3901 1372 3952 retinea-

249 3987 312 4023 nere
326 3974 366 4022 ait
378 3975 461 4038 prisci
473 3974 545 4025 illius
554 3974 718 4024 Graecorum
732 3990 789 4023 mo·
839 3977 874 4028 da
884 3980 1050 4043 quoqueest;
1063 3975 1175 4026 cf.nott.
1184 3972 1247 4033 adl,
1255 3970 1370 4032 53.V,4·l.

248 4046 296 4103 ris,
306 4058 338 4092 ex
347 4059 399 4108 quo
409 4059 520 4107 peregre
528 4044 738 4107 proficiscentes,
745 4043 789 4094 vel

249 4112 788 4176 sisibiignoticsseut,iudomossuusre·
1004 4149 1059 4198 cn,
1090 4146 1205 4197 XXXVI

249 4181 337 4245 cipere
351 4182 499 4248 iisdemque
512 4183 601 4234 omnia
613 4199 646 4233 ea
658 4183 787 4248 praebere
1062 4184 1068 4198 '
1207 4182 1214 4196 ‘

248 4250 384 4315 solebant,
397 4268 467 4316 quae
480 4253 591 4317 hospitii
601 4254 660 4303 iura
674 4268 787 4317 poscere
867 4242 1007 4315 Όλόμπια
1021 4241 1230 4314 ἅναραιρηκώς]
1258 4248 1370 4326 liscum

246 4322 786 4376 viderentur.sriadaaitcuflermann.
837 4321 976 4381 Bekkero,
989 4321 1113 4371 Diadorf.
1133 4324 1160 4369 et
1172 4316 1292 4369 Dietsch.
1311 4330 1370 4365 acra·
1466 4380 1467 4389 ἵ

247 4392 454 4443 Privatalterth.
469 4393 495 4442 δ.
508 4392 614 4444 Grieclr.
632 4396 657 4454 §-
671 4392 714 4444 5¹.
727 4397 783 4443 not.
837 4392 896 4456 pei,
909 4390 1020 4441 iubente
1033 4390 1149 4442 Bredov.
1163 4404 1223 4455 pag.
1237 4386 1301 4446 315,
1313 4398 1369 4434 cum

251 4459 280 4510 ll
296 4477 370 4527 seqq.
397 4463 437 4513 Αδ
454 4478 548 4516 vocem
564 4453 731 4526 καταγωγὴν
749 4462 785 4514 cf.
836 4460 905 4514 haec
919 4461 957 4514 sit
976 4461 1092 4528 perfecti
1110 4461 1198 4510 forma
1207 4454 1369 4507 Herodotea.
