3052 5134
595 384 774 447 ERATO.
797 384 853 447 VI.
878 396 937 451 lit.
1270 384 1332 450 387

193 567 294 648 μίους
314 558 511 649 ἐχρήσαντο,
539 565 666 649 πρῶτοι
697 561 734 629 δὲ
759 557 940 648 ἀνέσχοντο
967 560 1094 650 ἐσθῆτά
1113 588 1149 630 τε
1169 560 1332 650 Μηδικὴν

193 661 356 753 ὁρόωντες
368 665 425 733 καὶ
436 662 513 745 τοὺς
524 660 652 754 ἄνδρας
664 665 790 753 ταύτην
799 667 1021 752 ἐσθημένους·
1045 667 1127 759 τέως
1142 665 1179 735 dl
1189 657 1231 755 ἦν
1244 681 1330 737 τοῖσι

191 881 257 931 pag.
275 864 321 930 97)
341 882 436 918 vocem
455 855 553 933 δρόμῳ
569 866 657 915 minus
673 865 736 915 stri·
787 881 872 932 eoquo
887 866 980 917 hostes
996 867 1084 917 minus
1097 871 1210 932 puratos
1224 866 1258 917 sd
1274 883 1329 919 ma-

191 941 238 985 cto
263 950 345 986 sensu
364 935 454 1000 accipi
476 950 558 1000 posse
583 940 677 1001 putet:
700 938 736 985 ri-
786 936 1329 1002 nusconserendascogentes(conl.ltue·

189 1014 244 1055 tato
256 1008 348 1070 potius
359 1003 735 1071 yradrr('„irreinerrrlehlrrrften
786 1011 854 1056 stow
883 1012 911 1057 et
928 1006 1065 1071 Koechly:
1091 1006 1254 1057 Geschicbte
1279 1008 1327 1059 des

190 1074 331 1140 Schrirt‘·);
342 1076 521 1126 Athenienses
529 1075 600 1126 enim
610 1091 735 1141 progres-

189 1160 236 1194 sos
250 1160 309 1194 esse
324 1145 491 1210 eundemque
502 1145 616 1211 gradum
629 1145 673 1194 vel
684 1145 733 1194 du-

190 1213 323 1279 plicasse,
333 1231 394 1265 cum
404 1215 529 1266 hostibus
539 1217 679 1281 propiores
688 1214 733 1264 fie-

188 1289 265 1346 rent,
279 1284 441 1345 erbitratur;
456 1285 555 1350 Finluy
564 1284 582 1334 l.
593 1285 611 1335 l.
622 1300 685 1350 pag.
697 1285 730 1334 25

188 1354 279 1403 reddit
303 1352 414 1422 δρόμῳι
446 1357 501 1417 ,,ι“ιιι
521 1355 729 1404 Sermacelrritt.“

187 1426 284 1490 Neque
302 1424 384 1476 sliter
405 1431 513 1476 veteres
529 1427 669 1490 accepisse
685 1440 731 1473 vo-

188 1510 247 1544 cem
265 1490 376 1561 δρόμῳ,
401 1511 416 1545 e
440 1494 501 1545 loeo
517 1495 617 1545 Iustini
638 1495 681 1555 11,
703 1493 728 1544 9.

188 1564 213 1626 ξ.
231 1565 258 1616 11
277 1563 406 1630 colligere
425 1564 534 1627 licebit,
557 1565 599 1614 ita
620 1564 730 1615 traden-

187 1634 239 1684 tis:
253 1635 375 1699 „Magne
390 1635 474 1699 igitur
487 1635 516 1682 in
529 1649 649 1699 pugnam
665 1649 730 1684 eun·

186 1704 260 1754 tibus
271 1703 400 1754 electiles
410 1704 562 1754 animorum
578 1705 645 1767 suit,
659 1703 728 1753 adeo

185 1778 226 1835 ut,
236 1790 297 1824 cum
306 1774 379 1824 mille
388 1788 487 1838 passus
495 1773 567 1824 inter
576 1774 643 1824 duss
653 1774 728 1823 acies

186 1850 291 1905 essent,
314 1848 390 1894 cilum
407 1859 483 1892 eursu
496 1850 559 1894 ente
569 1844 670 1894 iactum
685 1859 728 1893 sa·

184 1914 315 1977 gittsrnm
329 1914 364 1964 ad
378 1914 484 1964 hostem
498 1913 652 1964 venirent.“
673 1914 728 1961 lta-

184 1999 236 2048 que
251 1984 333 2035 etiam
347 1984 430 2035 (trote
445 1983 572 2049 (History
585 1983 614 2033 ol
625 1984 725 2033 (ir-eece

74 2068 78 2075 ·
184 2054 232 2104 1v.
254 2070 316 2119 pag.
331 2055 383 2105 470
402 2050 472 2115 not.)
489 2069 544 2103 non
565 2058 621 2102 tam
638 2054 725 2102 citato

183 2124 285 2188 gradu,
301 2129 332 2173 ut
343 2123 435 2173 Leeke
450 2124 562 2187 statuit,
577 2139 658 2188 quarn
668 2138 726 2171 errr-

182 2194 263 2242 rendo
270 2196 419 2244 secessisse
429 2193 463 2242 sd
470 2194 569 2242 Persas
578 2193 726 2243 vultAthe·

181 2264 307 2323 nienses3
324 2263 395 2313 unde
407 2278 467 2313 cnm
476 2263 565 2313 minus
575 2262 643 2313 bene
653 2264 725 2314 aciei

182 2333 304 2383 ordinem
336 2348 445 2383 servare
471 2333 612 2396 potuerint
641 2332 725 2383 Athe-

181 2405 305 2465 nienses,
326 2403 451 2452 effectum
470 2417 577 2467 quoque
596 2418 656 2454 esse
675 2419 724 2468 pu-

181 2478 239 2536 tat,
256 2477 287 2522 ut
304 2472 394 2522 medie
410 2472 483 2522 acles
496 2488 513 2521 a
526 2472 618 2522 Persis
632 2473 723 2523 vinee·

180 2550 265 2592 retur.
296 2542 348 2593 Sed
363 2541 431 2592 hene
444 2545 560 2606 utroque
577 2559 662 2592 cornu
678 2542 723 2593 de-

179 2612 303 2662 biliorem
318 2612 403 2662 luisse
426 2627 508 2677 supra
530 2613 584 2662 iam
604 2613 722 2661 vidimus

179 2683 298 2748 indeque
316 2681 425 2731 facilins
437 2682 466 2732 in
482 2681 576 2747 iugem
590 2684 661 2733 verti
676 2697 723 2746 po-

179 2753 267 2803 tuisse
294 2752 383 2816 quivis
409 2751 547 2817 intelligit.
587 2751 721 2817 Equidem

178 2837 272 2874 vocem
287 2811 394 2888 δρόμῳ,
409 2838 488 2887 quarn
500 2823 576 2873 citato
588 2838 664 2872 cursu
677 2837 721 2872 ex·

178 2893 272 2956 primit
288 2892 420 2954 lustinus,
434 2891 525 2942 melini
536 2894 630 2957 utique
641 2892 721 2942 intel-

177 2962 262 3025 ligere
288 2963 321 3013 de
340 2962 427 3026 gradu
447 2963 534 3028 magis
555 2961 719 3026 accelerate,

178 3047 231 3096 quc
252 3034 295 3081 usi
311 3032 493 3083 Athenienses
514 3033 541 3081 in
562 3034 661 3083 Persas
684 3033 719 3082 ir·-

176 3106 301 3164 ruerent,
322 3102 499 3153 abhorrentes
520 3118 537 3151 a
558 3118 630 3152 more
647 3119 718 3153 com-

176 3172 267 3233 muni,
286 3188 339 3236 quo
354 3171 473 3236 hoplitae
489 3171 563 3222 lento
584 3173 663 3237 quasi
684 3189 717 3223 ac

175 3241 290 3292 solemni
304 3242 391 3306 grsdu
405 3242 440 3292 ad
452 3258 569 3308 pugnam
587 3243 717 3295 accedere

175 3311 303 3362 solebant
329 3327 460 3377 poeanem
485 3318 629 3374 canentem
653 3329 717 3363 con·

174 3381 248 3431 sulto
261 3385 352 3433 sutem
365 3382 393 3431 id
406 3381 471 3431 milri
485 3383 664 3433 Athenienses
677 3384 716 3443 se·

173 3451 247 3501 cisse
260 3453 401 3514 videntur,
424 3467 477 3517 quo
490 3456 618 3502 terrorem
631 3451 716 3502 hosti-

172 3520 225 3572 bus
240 3523 374 3587 quendam
386 3522 540 3572 incuterent
552 3523 633 3572 sclito
646 3522 717 3574 cele-

173 3591 230 3642 rius
246 3592 408 3643 secedentes
424 3598 452 3642 et
472 3592 553 3657 qussi
572 3593 716 3656 irruentes,

784 1076 894 1127 Griech.
906 1078 1110 1142 Kriegswesens
1120 1092 1183 1141 pag.
1197 1076 1240 1141 48,
1254 1077 1329 1129 Voll-
1392 1080 1395 1086 “

783 1145 879 1196 brecht
903 1148 932 1196 in
954 1147 1162 1201 Introductione
1185 1146 1220 1197 ud
1236 1147 1326 1198 Xeno·

784 1215 876 1280 phont.
891 1216 1010 1268 Ansbss.
1028 1232 1089 1281 pag.
1102 1215 1137 1267 38
1149 1215 1247 1282 seqq).
1278 1217 1325 1268 Sic

783 1285 1325 1434 ιιιιιιιιιιιιῖι.ιιιιιῑ

781 1437 888 1489 ησνχη,
907 1431 939 1475 nt
956 1425 1094 1477 Diodorus
1112 1425 1205 1489 habet)
1228 1441 1323 1491 proce-

781 1494 896 1557 dehent,
921 1494 969 1545 ubi
985 1510 1049 1545 vero
1067 1495 1139 1545 intra
1158 1495 1204 1545 teli
1220 1497 1322 1548 iactum

780 1571 941 1629 perventum
955 1570 1028 1627 erat,
1050 1580 1131 1614 cursu
1144 1566 1230 1614 citsto
1243 1560 1323 1630 (δρό-

780 1632 835 1700 μῳ)
848 1635 876 1683 ἱιι
894 1634 986 1684 hostes
999 1649 1059 1683 sese
1075 1634 1244 1693 inferebant3
1263 1636 1319 1687 vid.

779 1704 892 1754 Diodor.
907 1704 986 1764 XIV,
1001 1703 1035 1754 23
1048 1709 1076 1754 et
1087 1703 1216 1770 Polyaen.
1235 1705 1278 1769 11,
1293 1708 1319 1755 2.

779 1776 803 1835 §-
814 1777 830 1823 2
843 1774 905 1826 eoll.
917 1772 1096 1838 Xenophonte
1106 1774 1193 1825 Anah.
1204 1776 1227 1835 I,
1240 1774 1266 1838 8,
1279 1775 1319 1825 18.

778 1844 810 1893 In
827 1860 920 1909 pugna
933 1843 1108 1894 Marathonis
1124 1842 1198 1894 haud
1209 1844 1268 1895 scio
1283 1860 1319 1894 an

779 1912 805 1961 id
831 1929 938 1980 quoque
960 1914 1150 1979 reputandum·
1163 1915 1214 1977 sit,
1236 1913 1319 1965 Athe·

778 1984 913 2034 niensium
937 1983 1025 2034 aciem
1050 1984 1141 2034 decern
1166 1984 1318 2035 stadiorum

776 2054 921 2105 intervallo
938 2058 1093 2118 separatam
1111 2070 1128 2104 a
1148 2054 1238 2105 Persis
1256 2053 1317 2105 loco

776 2124 887 2176 stetisse
907 2123 1076 2189 aliquantum
1095 2124 1210 2175 editiore
1231 2139 1317 2190 prope

775 2196 907 2244 montium
919 2192 1103 2256 declivitutoe,
1116 2195 1185 2245 edeo
1197 2201 1228 2245 ut
1238 2196 1266 2245 in
1278 2193 1318 2246 lo-

775 2280 835 2314 eum
852 2263 1022 2325 interiorem,
1042 2280 1094 2328 quo
1111 2264 1253 2315 Persarum
1271 2280 1317 2315 cs-

775 2340 833 2383 stra
844 2334 937 2398 posita
951 2338 1037 2395 erant,
1054 2332 1164 2383 facilius
1175 2334 1317 2386 decurrere

773 2404 922 2468 potuerint.
945 2403 988 2452 De
998 2402 1202 2452 Atheniensium
1215 2406 1275 2455 scie
1287 2405 1317 2454 in

773 2487 864 2538 pugna
878 2471 1053 2521 Marathonis
1068 2473 1194 2536 exposuit
1208 2489 1314 2537 qnoque

773 2542 919 2593 Duncker:
939 2541 1037 2592 Geseh.
1050 2541 1076 2591 d.
1090 2541 1205 2593 Alterth.
1220 2543 1268 2593 IV.
1288 2558 1314 2607 p.

772 2612 823 2663 674
836 2628 909 2677 seq.;
927 2611 998 2663 conl.
1012 2612 1094 2662 etiam
1108 2612 1192 2663 Grote
1203 2611 1221 2661 1.
1233 2611 1250 2660 l.
1264 2613 1312 2663 IV.

773 2697 837 2747 peg.
850 2682 902 2732 488
914 2698 983 2747 seq„
999 2682 1045 2732 cni
1056 2680 1212 2747 obloquitur
1221 2682 1312 2732 Mures

771 2751 885 2802 Critieal
898 2751 1003 2816 history
1016 2751 1047 2801 of
1061 2750 1106 2802 the
1119 2751 1195 2817 lang.
1212 2751 1266 2803 and
1278 2750 1312 2802 li-

771 2827 852 2873 terat.
868 2821 898 2872 oi
909 2823 1020 2872 ancient
1034 2820 1137 2872 Greece
1147 2822 1196 2873 IV.
1209 2838 1234 2888 p.
1249 2821 1310 2875 549.

770 2892 834 2943 Alia
853 2892 881 2942 in
895 2893 1019 2943 Excusso
1034 2890 1070 2942 ad
1082 2891 1136 2956 v1,
1151 2890 1200 2942 102
1214 2892 1314 2943 citavi·

769 2979 838 3016 mus.
1272 2985 1275 2992 ·

796 3028 904 3096 πρῶτοι
915 3023 946 3081 δὲ
954 3023 1120 3096 ἀνέσχοντο]
1131 3031 1235 3097 Tangit
1244 3031 1311 3082 haec

769 3101 858 3154 Schol.
877 3103 905 3151 in
919 3102 1002 3153 Arist.
1025 3117 1088 3167 pag.
1103 3101 1152 3152 211
1166 3100 1309 3153 Frommel.

768 3171 830 3223 coll.
848 3172 958 3224 Maxim.
975 3173 1039 3237 Tyr.
1059 3171 1109 3235 30,
1123 3170 1149 3221 9.
1169 3170 1309 3237 Aristoph.

767 3243 840 3293 Nuh.
863 3243 923 3296 958.
948 3241 1016 3301 981,
1041 3257 1112 3306 qnae
1128 3241 1230 3303 ¹uttulit
1246 3240 1310 3291 Val-

767 3313 844 3363 cken.
872 3311 914 3362 Ad
926 3304 1017 3378 φόβος
1029 3305 1153 3359 ἀκοῦσαι
1167 3311 1203 3362 ei.
1216 3310 1310 3362 Kueh·

768 3398 816 3433 ner
828 3380 875 3432 Gr.
883 3382 929 3432 Gr.
943 3384 967 3445 ς.
978 3381 1078 3432 etun.
1093 3380 1134 3429 Ad
1147 3382 1234 3445 ipsam
1247 3396 1310 3432 sen·
1324 3440 1329 3453 ν

765 3452 880 3502 tentiam
897 3451 998 3502 referre
1011 3450 1075 3500 licet
1090 3465 1151 3500 cum
1165 3450 1308 3501 Welelrero

766 3521 917 3587 Theognid.
943 3521 993 3572 757
1007 3518 1095 3585 (775),
1119 3520 1165 3570 ubi
1182 3519 1308 3586 leguntur

766 3591 848 3643 haec:

341 3709 487 3777 Hlsmpev,
503 3707 634 3774 χαρίεντα
648 3701 708 3774 μετ’
724 3702 867 3775 uilissimos
881 3702 1024 3773 λέγοντες,

382 3773 473 3845 μηδὲν
486 3778 536 3829 τὸν
550 3773 682 3846 Μήδων
697 3778 835 3839 δειδιότες
848 3773 983 3845 πόλεμον.

207 3901 268 3963 Quo
286 3899 347 3951 loco
365 3918 450 3968 seque
469 3907 551 3967 atque
570 3901 642 3968 apud
660 3903 714 3953 He·

160 3970 296 4023 'rodotum
309 3972 357 4021 vix
371 3988 439 4039 opus
455 3973 576 4038 pluribus
594 3988 712 4035 monere,

764 3902 827 3953 dum
838 3904 871 3954 de
882 3903 950 3967 ipsis
960 3902 1049 3952 Persis
1060 3899 1118 3951 sive
1130 3897 1163 3948 de
1173 3898 1217 3962 iis,
1231 3901 1277 3964 qui
1292 3915 1306 3949 e

763 3969 1305 4038 Persidepropria,quse‹licitnr,sterra

172 4041 307 4092 Medorum
323 4045 431 4094 nornine
443 4042 515 4093 haud
531 4042 646 4106 intelligi
657 4045 711 4094 hle·
763 4045 907 4094 Farsistan
920 4041 965 4108 (de
975 4057 1028 4107 qus
1039 4040 1092 4092 vid.
1106 4039 1158 4101 111,
1169 4040 1202 4090 97
1213 4039 1305 4104 ibique

170 4111 248 4162 diese
261 4114 420 4177 provinciae
432 4112 544 4175 incolas,
557 4114 604 4163 sed
615 4115 712 4164 Persas·
763 4112 846 4178 nott.)
858 4114 949 4164 coacti
962 4115 1039 4163 erant
1051 4109 1159 4160 milites.
1177 4108 1219 4159 De
1232 4108 1306 4159 Sacis

171 4182 263 4245 potins
275 4181 368 4233 latiori
381 4199 463 4235 sensu
478 4199 636 4248 omnemque
646 4184 711 4234 Per·
763 4186 896 4237 vid.nott.
905 4184 948 4234 nd.
957 4182 1010 4242 111,
1017 4180 1059 4233 93.
1081 4178 1123 4230 Ad
1132 4179 1204 4228 huuc
1214 4178 1304 4243 ipsum

170 4266 260 4301 aarum
279 4254 427 4304 exereitum
443 4254 576 4304 adversus
591 4254 711 4304 Graecos
763 4254 928 4305 Graecorum
945 4257 1045 4303 metum
1063 4250 1165 4312 refero,
1187 4246 1303 4312 quodie

170 4322 331 4387 proiectum.
364 4323 466 4374 Contra
485 4325 512 4374 iu
531 4327 654 4388 proxime
670 4339 712 4372 se·
763 4323 891 4390 Aeschyli
904 4322 995 4373 Persis
1010 4319 1092 4370 duces
1104 4319 1248 4369 Persarum
1263 4317 1303 4365 di-

169 4393 316 4455 qnentihus
329 4395 432 4445 verbis:
451 4391 487 4460 τῇ
499 4393 606 4458 Πέρσαι
620 4409 650 4443 τε
662 4387 711 4442 uri-
763 4399 863 4445 cuntur
886 4410 925 4445 vs.
936 4391 981 4457 27)
995 4382 1114 4455 φοβεροὶ
1124 4378 1176 4450 μὲν
1187 4380 1262 4435 ἰδεῖν
1275 4392 1303 4437 et

168 4457 213 4511 rol
236 4454 396 4513 sollcitos
415 4453 562 4529 ἐτετάχατο
587 4464 710 4531 eogitsu-
764 4464 871 4529 (48)φο
891 4455 959 4526 ερόιν
972 4452 1043 4523 ὄψιν
1056 4451 1256 4521 προσιδέσθαι.

1038 4540 1103 4603 25*
