3052 5134
216 417 278 480 426
647 416 918 480 HERODOTI

215 598 249 663 oi
264 593 430 679 Πελασγοὶ
445 593 599 663 ἑωυτοῖσι
621 591 741 680 λόγους
756 595 928 663 ἐδίδοσαν·
955 595 1017 659 καί
1027 611 1122 676 σφισι
1141 588 1348 677 βουλευομέ-

214 719 303 769 νοισι
318 697 432 766 δεινόν
445 725 476 766 τι
493 698 648 782 ἐσέδυνε,
671 702 703 766 εἰ
723 695 764 784 δὴ
779 693 1037 783 διαγινώσκοιεν
1057 700 1153 781 σφίσι
1172 719 1209 760 τε
1223 694 1347 781 βοηθέ-

214 829 266 885 ειν
281 806 316 871 oi
326 805 443 880 nutries
458 798 538 886 πρός
552 804 620 870 των
634 802 834 886 κουριδιέων
849 803 1023 887 γυναικοῖν
1036 796 1114 877 τούς
1127 802 1267 881 παῖδας,
1290 796 1348 864 καὶ

214 906 343 975 τούτων
363 901 483 973 αὐτίκα
503 901 618 992 ἄρχειν
637 903 820 996 πειρῴατο,
846 910 882 973 τί
908 900 950 992 δὴ
970 899 1205 990 ἀνδρωθέντες
1230 903 1401 987 δῆθενοοο

187 1008 401 1097 ,ποιήσουσι
435 1010 586 1078 ἐνθαῦτα
606 1011 701 1091 ἔδοξέ
721 1031 782 1096 σφι
805 1013 950 1076 κτείνειν
971 1004 1049 1086 τούς
1069 1010 1190 1082 παῖδας
1208 1001 1287 1082 τούς
1308 1004 1347 1071 ἐκ

214 1117 282 1182 των
302 1100 478 1181 Ἀττικέων
498 1117 682 1198 γυναικοῖν.
710 1117 842 1180 ποιεῦσι
865 1108 907 1197 δὴ
926 1115 1030 1179 ταῦτα
1053 1106 1347 1195 προσαπολλύουσι

215 1218 255 1286 δέ
267 1237 382 1303 σφεων
396 1216 450 1283 καὶ
470 1213 528 1295 τόις
548 1218 700 1304 μητέρας.
736 1211 817 1284 Ἀπὸ
831 1214 951 1283 τούτου
971 1213 1009 1281 δὲ
1022 1217 1083 1282 τοῦ
1098 1217 1200 1298 ἔργον
1220 1211 1349 1279 καὶτοῦ

215 1322 381 1409 προτέρου
398 1316 546 1405 τούτων,
562 1316 599 1388 τό
612 1317 794 1406 ἐργάσαντο
809 1322 845 1387 αἱ
857 1330 1031 1404 γυναῖκες,
1047 1313 1124 1395 τοὺς
1142 1310 1208 1402 ἅμα
1223 1312 1348 1382 Θόαντι

215 1421 341 1513 ἄνδρας
354 1425 538 1511 σφετέρους
558 1420 812 1506 ἀποκτείνασαι,
832 1420 1025 1507 νενόμισται
1046 1416 1109 1488 tot
1128 1415 1191 1505 τὴν
1206 1411 1348 1485 Ἑλλάδα

149 1525 256 1597 139τόι
275 1529 408 1614 σχέτλια
432 1532 513 1613 ἔργα
542 1526 649 1596 πάντα
670 1525 803 1616 Λήμνια
827 1527 1038 1599 καλέεσθαι.
1058 1519 1286 1592 Ἀποκτείνασι
1309 1519 1348 1588 δὲ

215 1647 301 1702 τοῖσι
315 1640 518 1718 Πελασγοῖσι
537 1627 615 1710 τοὺς
628 1632 810 1718 σφετέρους
825 1627 947 1708 παιδός
966 1654 1003 1695 τε
1023 1628 1080 1696 καὶ
1094 1639 1256 1712 γυναῖκας
1269 1619 1347 1692 οὔτε

212 1859 753 1933 ἕωυτοῖτιλόκουςέδίδοοανταυλιιοιι.
805 1868 965 1935 compilarit,
984 1862 1347 1929 Schweighaeuserusverbe

213 1941 248 1990 ad
263 1941 315 1999 111,
332 1942 375 1991 45.
802 1930 872 1997 τούς
881 1927 939 2002 ἅμα
949 1929 1057 1988 Θόαντι
1068 1925 1177 1996 ἄνδρας
1190 1933 1293 1998 accipit
1304 1934 1345 1983 vi-

780 2023 868 2074 ,ros,
886 2011 931 2074 qui
944 2021 995 2057 αινι
1017 2005 1136 2066 ticonio,
1153 2006 1171 2053 i.
1188 2019 1211 2053 e.
1227 2002 1348 2054 Ttoanozs

249 2072 276 2127 εἰ
288 2068 324 2140 δὴ
336 2065 561 2140 διαγινώσκοιεν]
579 2077 754 2142 tonstrinam
804 2086 889 2129 aetate
905 2080 1033 2128 vixerunt.
1059 2073 1152 2124 Malim
1167 2072 1291 2138 equidem
1305 2073 1347 2120 in·

209 2148 307 2209 [αιιανί
317 2155 400 2196 αιτιοι
411 2146 438 2195 1ιί
451 2148 536 2208 pueri.
556 2148 656 2211 quando
674 2147 756 2197 αδαὶα·
803 2148 927 2213 colligere
944 2149 1022 2203 uiros,
1038 2146 1081 2209 qui
1094 2160 1145 2194 una
1161 2159 1214 2193 ενοι
1236 2142 1346 2193 iteam

209 2218 304 2279 forent,
322 2219 364 2280 qui
373 2217 420 2266 iam
433 2218 587 2266 constitutum
599 2216 709 2266 habeant
721 2219 755 2267 ια’-

211 2287 238 2337 δί
247 2289 348 2337 inuicem
355 2294 460 2350 praesto
474 2285 755 2351 cose(opituinri)con·

211 2365 255 2406 tra
273 2359 435 2419 λερίιίνιανωιι
450 2370 557 2405 cecorum
572 2372 667 2420 pueros
678 2365 754 2421 ntqroe

210 2426 249 2476 λιιι
266 2428 342 2477 velint
361 2428 493 2477 destinari.
529 2426 751 2489 11α8υ11αε1ρ1ι.,

212 2513 289 2562 quem
305 2511 412 2559 sequor.
444 2496 485 2546 Ao
500 2511 593 2547 vocem
606 2493 752 2557 κονρίδιος

211 2566 283 2620 conf.
299 2571 368 2615 nott.
388 2565 422 2615 sd
438 2566 464 2627 1,
487 2566 544 2617 135.
579 2567 620 2617 Ad
637 2566 751 2616 formam

211 2630 352 2698 πειρῴατο
366 2635 437 2686 coni.
453 2636 500 2695 IV,
518 2635 575 2687 130.
588 2636 645 2687 139.
661 2637 692 2686 In
705 2652 752 2686 sn·

211 2705 398 2756 teoedentibus
407 2704 490 2757 verba
497 2697 628 2754 δεινόντι
639 2696 751 2754 ἐσέδυνε

210 2775 317 2826 velent:
329 2777 403 2825 timor
415 2776 516 2841 quidam
528 2778 628 2825 incessit
639 2790 661 2826 s.
674 2778 751 2825 metir

210 2847 428 2910 capitaliorem
452 2848 546 2895 animos
564 2845 648 2897 subiit.
688 2846 753 2896 Pari

211 2910 267 2964 iere
294 2915 374 2965 modo
392 2913 519 2979 Sophocl.
540 2914 606 2965 Occi.
629 2914 662 2966 R.
686 2915 752 2966 1312

211 3000 269 3049 seq.
294 2977 387 3032 εέσὲδυ
399 2975 425 3047 μ’
439 2972 497 3047 ἅμα
510 2977 635 3045 κέντρων
646 2998 674 3033 τε
684 2982 753 3033 τών-

211 3050 243 3101 δε
253 3050 392 3116 οδστρημα
404 3048 666 3117 καὶμνήμηκακοῖν.
686 3054 752 3104 Vor-

210 3122 274 3172 bum
294 3114 492 3183 διαγινιόσκειν
510 3120 584 3171 velet
602 3138 683 3172 eccum
699 3133 753 3173 elo-

199 3201 291 3310 qrere,
311 3191 458 3249 decernere,
474 3196 505 3241 ut
518 3193 547 3240 in
560 3191 712 3255 Thucydid.
729 3193 752 3255 Ι,

230 3262 262 3312 18
274 3260 390 3324 aliisque
403 3260 487 3323 locis,
509 3276 576 3325 quos
600 3261 699 3312 allatos
715 3265 754 3312 in·

208 3329 338 3381 reniesin
350 3330 431 3380 Thes.
440 3331 521 3396 Ling.
534 3331 678 3383 Graecil.
691 3348 754 3397 pag.

213 3401 279 3451 1124
298 3399 341 3450 ed.
363 3400 491 3451 Diodori.
508 3426 539 3438 -
557 3401 599 3450 De
617 3402 753 3466 significa-

210 3470 284 3519 tione
306 3470 420 3520 vocntac
443 3466 537 3530 δῆθεν
556 3470 672 3537 (scilicet)
695 3472 751 3522 vid.

209 3539 296 3589 aliato
313 3540 347 3590 ud
361 3540 382 3603 1,
395 3540 437 3591 59.
453 3540 501 3605 VI,
517 3542 540 3591 1.

244 3668 312 3734 τοὺς
323 3666 497 3739 ἅμαΘόαντι
510 3667 619 3742 ἄνδρας
632 3709 667 3719 -
679 3670 750 3728 ἆπο·

209 3746 362 3815 κτείνασαι]
375 3748 440 3799 Cum
448 3748 600 3799 Thoantem
614 3750 751 3814 Hypsipy-

209 3818 252 3869 lne
265 3820 369 3883 pictate
382 3823 519 3869 servatum
532 3835 592 3870 esse
604 3818 685 3877 vulco
695 3825 750 3869 tra-

210 3889 286 3945 dent,
297 3889 323 3938 iu
335 3889 565 3939 Herodotorerbs
574 3881 631 3950 ἅμα
643 3882 750 3938 Θόαντι

209 3963 257 4008 aut
270 3959 406 4021 glossema
421 3974 495 4019 esse,
517 3963 564 4008 ent
580 3959 711 4008 mutanda
723 3959 752 4008 in

210 4026 287 4090 παρὰ
311 4021 438 4085 Θόαντος
460 4030 568 4079 censuit
592 4028 686 4078 Barth.
718 4028 762 4077 ιδ’

209 4099 281 4148 Stet.
296 4097 381 4148 Theb.
396 4100 429 4157 V,
448 4097 508 4147 328.
531 4098 598 4147 Cum
612 4097 752 4148 Herodoto

209 4169 277 4219 iecit
289 4167 380 4217 Schol.
389 4167 512 4229 Eur-ipio.
527 4183 611 4232 supra
623 4167 752 4217 laudatus

210 4237 270 4303 (ubi
283 4237 413 4317 legimns:
432 4232 463 4287 αἶ
476 4229 601 4300 Λήμνιαι
621 4239 754 4300 γυναῖκες

209 4302 277 4363 τούς
297 4321 350 4355 συν
368 4300 474 4357 Θόαντι
499 4302 607 4362 πάντας
628 4299 753 4355 ἀπέκτει-

211 4375 286 4442 ναν),
302 4377 353 4427 nisi
365 4376 409 4427 hic
424 4377 483 4444 ipse
496 4376 630 4429 Herodoti
652 4376 753 4431 scrinis

804 2218 849 2278 (de
863 2218 940 2268 cuins
961 2216 1048 2281 ipsine
1059 2213 1142 2264 caede
1164 2213 1202 2262 nil
1217 2212 1345 2273 traditur,

805 2304 883 2352 quem
897 2287 982 2352 igitur
997 2285 1026 2334 in
1044 2284 1103 2334 vite
1124 2288 1260 2334 servatum
1275 2296 1346 2343 esse,

804 2358 963 2422 quominus
983 2359 1147 2414 statuemus,
1169 2353 1207 2402 nii
1220 2350 1344 2416 impedit)

802 2430 828 2476 in
840 2428 955 2477 [terrenum
965 2425 1129 2475 advenerant.
1149 2423 1281 2472 Lemnum
1290 2422 1345 2471 iam

803 2499 880 2546 novit
895 2497 1030 2546 Homeros
1042 2493 1086 2545 lli.
1104 2493 1177 2556 XIV,
1195 2492 1247 2542 230
1260 2483 1344 2539 πόλιν

803 2563 898 2615 θείοιο
914 2563 1086 2621 Θόαντος.
1117 2562 1157 2612 Ac
1176 2562 1208 2612 de
1228 2560 1280 2611 hec
1293 2562 1347 2610 Le·

802 2629 1346 2693 mutorumvirorumcseoeconsulapot.

801 2706 857 2759 lod.
872 2708 895 2769 1,
911 2706 937 2756 9.
956 2706 987 2756 17
1000 2702 1061 2753 coll.
1072 2703 1158 2764 111‚6‚
1172 2705 1198 2753 4.
1217 2699 1344 2765 Apellen.

803 2776 889 2826 Rhod.
907 2777 929 2837 1,
943 2774 995 2825 608
1010 2788 1067 2838 seq.
1088 2772 1160 2822 Hinc
1172 2771 1206 2821 de
1217 2770 1347 2821 facinori-

802 2847 853 2896 bus
865 2845 1006 2895 atrocibus
1020 2841 1155 2907 malisque
1169 2841 1285 2891 maxime
1297 2839 1346 2917 mi:

803 2914 926 2966 serandis
946 2912 1118 2979 proverbium
1136 2904 1249 2974 Λήμνια
1271 2924 1345 2957 acra

803 2987 863 3036 sinc
875 2977 989 3050 Λήμνια
1003 2975 1079 3045 ἔργα,
1097 2981 1130 3031 dc
1144 2995 1197 3045 quo
1212 2979 1344 3030 Euststh.

803 3056 839 3105 sd
857 3054 899 3103 Ili.
920 3070 946 3119 p.
971 3052 1028 3113 158,
1053 3052 1079 3101 ΙΙ
1096 3067 1118 3101 s.
1136 3050 1193 3110 119,
1212 3050 1245 3098 27
1266 3054 1293 3099 et
1308 3049 1344 3098 sd

802 3127 918 3189 Dionys.
933 3124 1039 3187 Per-icg.
1051 3121 1113 3171 347.
1127 3120 1227 3169 Zenob.
1241 3119 1288 3181 tv,
1299 3118 1343 3169 111.

802 3194 934 3244 Arsenins
949 3194 971 3255 1,
989 3195 1011 3244 1.
1030 3192 1145 3256 Diogen.
1160 3189 1208 3253 VI,
1222 3192 1247 3241 2.
1273 3190 1346 3253 Apo-

804 3264 867 3313 stol.
881 3264 929 3325 xl,
941 3262 975 3315 116
989 3267 1017 3313 et
1031 3263 1078 3326 qni
1092 3259 1138 3309 atii
1155 3258 1303 3309 laudentur
1316 3259 1346 3307 in

803 3333 910 3385 noted
929 3332 1043 3383 Zenobii
1057 3330 1074 3379 l.
1087 3330 1105 3379 Ι.
1125 3330 1158 3379 Τ.
1172 3329 1194 3379 1.
1216 3344 1279 3393 peg.
1297 3327 1346 3378 110

801 3401 1038 3467 Perocmiograph.
1046 3399 1141 3451 Gnaeo.
1152 3399 1346 3461 edssoctting„

801 3465 1345 3534 stanter.adneschytichoephott(587

801 3541 895 3605 Both.)
927 3543 1018 3606 Atque
1043 3542 1070 3588 in
1096 3539 1243 3589 historicas
1267 3536 1346 3587 sabu-

800 3608 1271 3675 lserstioncsinquisivitWelokcr:
1284 3607 1345 3656 Tri-

800 3683 854 3748 log.
871 3682 897 3730 d.
913 3680 1038 3745 Aeschyl.
1064 3694 1125 3745 pag.
1141 3677 1208 3738 584,
1231 3692 1285 3743 que
1297 3692 1345 3741 gy·

801 3753 1002 3803 nnecocratiam
1019 3749 1083 3800 olim
1102 3753 1133 3797 nt
1146 3747 1208 3798 eliis
1221 3746 1288 3797 locis
1303 3748 1345 3795 its

802 3822 896 3873 Lemni
918 3836 1025 3886 quoque
1043 3819 1199 3869 institutam
1225 3816 1345 3866 indicari

803 3893 962 3942 arbritatus.
981 3892 1070 3953 Atque
1084 3889 1115 3941 B.
1129 3886 1229 3938 Giseke
1244 3884 1344 3949 (Thre-

802 3959 1081 4024 kisch·Pelusgieche
1094 3958 1214 4009 Stiimme
1234 3955 1259 4007 δ.
1283 3954 1345 4005 Bal-

804 4030 995 4081 knnhulbinsel
1012 4045 1038 4093 ρ.
1055 4027 1100 4092 89)
1115 4026 1197 4077 inhio
1210 4026 1344 4075 narratio-

803 4102 884 4151 nibus
913 4101 946 4152 <ie
973 4099 1147 4148 Lemniorum
1172 4095 1344 4145 facinoribus

803 4169 982 4221 atrocissimis
991 4168 1059 4218 nihil
1067 4167 1140 4217 aliud
1147 4165 1276 4231 cognosci
1286 4162 1346 4214 vult

803 4240 856 4291 nisi
877 4242 965 4290 odium
986 4240 1014 4287 in
1034 4238 1164 4288 Lemnios
1182 4239 1345 4299 conceptum

803 4326 820 4360 s
834 4311 948 4361 Graecis
962 4324 1047 4372 eoque
1062 4307 1232 4372 perductum,
1251 4309 1283 4354 ut
1293 4305 1345 4355 Lc-

803 4380 890 4435 mnios
912 4380 1041 4431 libertate
1062 4376 1204 4443 privarint.
