2916 5130
292 375 354 441 812
684 380 952 444 EXOURSUS
980 382 1029 442 111

292 554 380 606 omnia
398 572 451 606 non
468 554 575 617 attinet,
593 555 617 606 si
633 555 740 625 quidem
755 556 790 608 ad
807 555 942 609 Herodoti
962 556 1035 608 hunc
1053 555 1140 608 locum
1162 554 1322 626 explicante:
1336 566 1369 609 sn

290 638 482 692 illustrandum
497 640 587 693 minus
602 640 630 692 id
645 642 783 709 pertinere
800 641 927 707 videtnr3
941 641 970 693 id
986 660 1051 694 vero
1072 641 1133 693 iure
1145 654 1210 694 'meo
1225 640 1279 693 mihi
1290 650 1369 693 cort*

291 724 356 777 dere
372 742 455 795 posse
470 725 578 791 videor,
594 725 764 778 Herodotum
783 728 853 778 hanc
867 743 958 794 pacem
978 727 1038 779 sire
1052 744 1123 778 anno
1139 729 1191 780 reu
1205 727 1258 779 sire
1270 745 1327 778 anno
1338 730 1370 779 iffi

291 817 355 861 ante
371 809 436 861 Chr.
453 827 480 861 n.
495 811 608 873 sermm,
623 818 653 862 ut
668 811 897 880 supradiximus,
919 829 1037 881 prorsus
1052 812 1213 879 ignorasse:
1228 828 1296 881 qnam
1307 828 1370 879 prees

292 895 315 945 si
333 912 428 946 revera
444 903 526 946 ratam
541 895 638 948 factam
651 913 683 947 ac
698 897 828 949 sancitam
849 914 912 949 esse
932 904 1073 965 putamus,
1094 897 1190 949 mirum
1211 897 1307 966 ntique,
1323 896 1371 965 quel

291 979 374 1031 huius
402 979 490 1047 ipsine
505 981 621 1033 Graecis
640 986 692 1033 tam
718 982 884 1034 honorificae
906 1000 940 1034 ne
954 982 1101 1050 vestigium
1125 982 1234 1052 quidem
1256 982 1317 1050 apud
1335 998 1372 1030 ens

290 1064 449 1134 scriptorem
468 1066 615 1134 reperitur,
633 1066 682 1135 qui
693 1067 860 1119 Graecorum
876 1084 921 1118 res
941 1065 1119 1120 illustrandas
1141 1068 1314 1136 victoriasque
1328 1065 1373 1117 rete

290 1149 409 1201 brandas
425 1149 477 1201 sibi
485 1158 648 1220 sumpserat,
664 1151 702 1202 ita
717 1150 797 1203 ntrel
808 1168 848 1220 ea,
865 1168 935 1221 quae
944 1151 986 1204 hia
997 1151 1088 1222 aliquo
1102 1153 1182 1205 modo
1196 1152 1318 1205 contrarie
1324 1162 1373 1219 post·

290 1236 339 1287 hac
353 1234 528 1303 acciderunt,
550 1234 618 1288 mala
639 1236 701 1288 dico
727 1244 754 1287 et
777 1236 944 1289 calamitates
968 1237 1031 1288 belli
1046 1236 1285 1308 Peloponnesiaci,
1298 1235 1374 1288 silentiu

289 1337 410 1391 premere
426 1319 516 1372 maliet
531 1337 611 1390 quem
623 1321 665 1373 vel
683 1321 772 1373 oblata
785 1322 927 1374 occasione
942 1339 1079 1392 exponere
1089 1321 1129 1397 ⁴).
1162 1323 1221 1375 Nec
1234 1323 1309 1388 magis
1319 1321 1376 1371 huius

289 1405 364 1475 pacis
381 1404 520 1457 Cimoniae
544 1406 690 1475 vestigium
711 1407 826 1475 reperiri
843 1415 910 1476 puto
925 1407 953 1459 in
972 1407 1016 1473 iis,
1034 1425 1105 1476 qnae
1123 1408 1256 1476 leguntur
1269 1406 1323 1471 Vll,
1337 1408 1375 1457 iil.

290 1490 335 1542 nbi
351 1491 456 1542 Noster
467 1491 556 1543 obiter
569 1492 654 1560 magia
670 1499 698 1544 et
713 1493 856 1544 occasione
871 1492 986 1561 quadam
997 1491 1077 1544 allata
1089 1511 1171 1563 quarn
1186 1491 1302 1544 consulto
1311 1490 1376 1549 osuiu

288 1575 360 1628 Susa
372 1575 528 1627 Memnonia
543 1576 629 1646 (circa
643 1593 742 1629 annum
754 1580 804 1630 425
816 1582 881 1630 ante
893 1576 958 1631 Chr.
968 1596 995 1630 n.
1006 1572 1052 1637 ”i
1067 1579 1181 1631 venisse
1193 1574 1376 1629 Anthenienrirn

288 1661 394 1729 legatos
409 1663 532 1730 Καλλίην
542 1679 571 1716 τε
586 1655 636 1716 τὸν
648 1655 809 1716 Ἰππονίκου
822 1659 871 1715 καλ
884 1656 1028 1731 caisnetel
1041 1658 1143 1717 τούτου
1155 1656 1317 1733 drepanam
1326 1660 1375 1710 hrot

288 1747 357 1798 enirn
377 1748 488 1800 Calliam
509 1747 658 1817 Hipponici
674 1743 827 1813 filinam)
850 1765 912 1800 esse
932 1748 1028 1801 volunt
1052 1749 1169 1802 eundem
1197 1756 1275 1817 atque
1296 1746 1374 1798 cultim
1411 1806 1412 1819 ρ

288 1830 375 1899 illum,
400 1850 480 1900 quern
504 1832 578 1899 pacis
594 1832 734 1884 Cimoniue
752 1839 889 1884 auctorem
911 1833 1068 1900 significant
1084 1833 1226 1887 Diodorus
1247 1832 1264 1885 Ι.
1280 1828 1373 1899 snpnt.

288 1916 485 1969 Demosthenes
495 1917 534 1968 De
545 1916 614 1969 salsa
626 1918 707 1985 tegat.
722 1922 749 1983 s.
762 1920 822 1976 273.
831 1936 858 1987 p.
872 1922 923 1971 128
933 1917 1028 1971 Reisk.
1037 1919 1077 1987 †),
1090 1918 1244 1971 Pausanias
1257 1918 1275 1984 t,
1285 1920 1307 1980 8,
1317 1914 1373 1977 iffi.

286 2000 341 2053 Sed
348 2001 589 2053 additHerodotus
600 2001 825 2072 idqneconsulto,
843 2009 873 2054 ut
885 2002 1003 2070 videtur,
1020 2003 1126 2071 tegetes
1138 1998 1373 2056 illosiltheniensisa

286 2086 358 2138 Susa
377 2086 486 2138 venisse
503 2092 693 2140 transacturos
710 2105 769 2140 curn
784 2086 928 2141 Persarum
946 2106 1012 2157 rege
1030 2082 1123 2157 ἑτέρου
1136 2084 1290 2159 πρήγμαιος
1304 2084 1374 2139 εἶναι.

286 2170 304 2221 i.
321 2190 346 2222 e.
366 2173 434 2225 otius
450 2173 584 2225 comedam
604 2172 919 2227 recommendamus
936 2174 1033 2242 opinor
1049 2174 1279 2237 manifestantia,
1294 2170 1373 2238 depac

205 2302 210 2314 ,
285 2255 405 2308 ineunda
417 2255 479 2308 illos
490 2257 596 2309 minime
609 2258 798 2327 transegisse3
813 2275 845 2310 ac
859 2259 928 2310 satis
939 2258 1037 2312 multas
1049 2259 1117 2312 alias
1131 2276 1232 2312 causas
1242 2255 1372 2310 internum

285 2348 398 2410 propter
427 2359 496 2412 qnae
525 2341 730 2397 Atheniensium
755 2343 839 2412 legati
860 2343 932 2396 Susa
961 2344 1150 2410 mitterentur,
1184 2342 1296 2397 ostendit
1318 2336 1371 2391 usu

285 2426 489 2493 mannns†††),
506 2444 622 2497 quocum
638 2429 686 2480 hac
698 2430 726 2480 in
744 2447 773 2481 re
790 2426 870 2497 plane
885 2429 1038 2482 taciendam
1051 2448 1114 2483 esse
1127 2443 1209 2499 puto.

370 2511 421 2563 His
437 2512 523 2579 igitur
537 2513 606 2565 satis
624 2516 757 2582 probasse
778 2513 839 2566 mihi
861 2514 969 2581 videor,
985 2514 1156 2567 Herodotum
1172 2513 1308 2568 Cimonian
1319 2523 1369 2578 quaa

284 2596 380 2648 dicunt
408 2614 500 2665 pacem
527 2614 642 2665 prorsus
671 2600 825 2667 ignorasse.
869 2601 948 2662 Quae
975 2600 1028 2652 alia
1050 2600 1078 2652 in
1101 2601 1217 2653 medium
1236 2599 1368 2668 proseratur

283 2689 458 2749 argumenta,
480 2684 582 2752 quihus
600 2683 669 2735 hanc
683 2702 775 2753 pacem
800 2684 873 2737 tueri
888 2686 1016 2752 student,
1042 2703 1075 2737 ea
1099 2686 1132 2738 ad
1160 2685 1314 2738 Herodotum
1331 2692 1366 2727 ca!

283 2767 389 2819 minime
400 2774 535 2836 spectent,
550 2767 676 2837 pluribus
689 2770 714 2821 h.
731 2770 747 2822 Ι.
763 2770 894 2839 persequi
909 2770 980 2822 haud
994 2776 1085 2823 vacat:
1100 2771 1226 2841 equidem
1239 2762 1363 2821 veronulla

284 2868 403 2920 unquam
421 2870 513 2922 pacem
535 2854 608 2905 inter
625 2855 748 2907 Graecos
773 2861 800 2906 et
818 2854 920 2907 Persas
938 2850 1038 2908 factam
1052 2874 1115 2909 esse
1131 2856 1266 2920 existimo,
1279 2844 1362 2922 procli

283 2937 415 3005 intelligis
448 2939 501 2991 rite
530 2939 638 3003 initam,
660 2940 694 2991 ab
720 2947 837 3010 utraque
863 2946 940 3008 parte
970 2946 1053 2994 ratam
1082 2941 1201 2995 habitam
1227 2958 1257 2992 nc
1280 2934 1355 2988 sndffl

283 3020 395 3075 solemni
422 3041 510 3089 more,
533 3041 587 3094 quo
614 3025 641 3077 id
668 3025 821 3095 antiquitus
846 3026 905 3078 heri
926 3024 1047 3078 solebat:
1069 3027 1129 3079 heri
1159 3027 1255 3098 utique
1274 3019 1355 3093 pontt

385 3174 405 3180 -.
417 3174 488 3181 ἡ.-.

282 3262 316 3314 de
328 3281 396 3330 pace
407 3267 533 3318 Cimonis
546 3267 707 3333 (vratislov.
723 3270 810 3334 1833),
820 3269 942 3334 inprimis
954 3285 1016 3335 pag.
1035 3260 1365 3336 raseqq.,quiuubintioa¹

283 3334 316 3384 de
330 3335 382 3387 hae
394 3353 461 3401 pace
476 3344 565 3389 motas
579 3338 660 3389 tacite
674 3339 830 3405 solviposse
844 3344 919 3390 ratus
932 3340 973 3405 (p.
987 3340 1027 3402 4.)
1039 3355 1098 3391 enm
1112 3341 1138 3389 iu
1152 3340 1258 3390 rnodnm
1267 3331 1365 3410 disseruit

282 3412 313 3455 ut
327 3406 430 3456 frustra
440 3409 467 3457 in
479 3408 531 3459 hac
542 3425 611 3473 pace
626 3409 791 3460 stabilienda
800 3409 957 3460 elaborasse
966 3411 1046 3461 nobis
1055 3411 1194 3461 videatur:
1207 3400 1367 3474 nequemehui

282 3492 412 3528 successu
423 3477 493 3529 idom
506 3478 606 3531 fecisse
621 3484 747 3544 putamus
760 3482 859 3533 Grote:
882 3481 997 3545 History
1020 3481 1050 3529 oi
1063 3482 1164 3531 Greece
1179 3482 1211 3531 V.
1226 3497 1250 3544 p.
1265 3477 1367 3530 1111111

281 3545 402 3607 (Grote’s
416 3547 522 3599 (iriaoh.
543 3549 693 3613 Mytholog.
712 3566 738 3602 u.
755 3551 903 3614 Antiquitt.
925 3566 978 3601 ven
998 3548 1111 3601 Fischer
1124 3551 1176 3602 111.
1198 3566 1223 3615 p.
1244 3546 1296 3598 our.
1312 3534 1366 3621 ³il'l’

281 3614 347 3666 licat
361 3618 450 3683 Anglo
463 3619 544 3669 docto
559 3620 617 3669 rivo
631 3622 737 3668 assensi
753 3621 809 3669 sint
823 3620 1019 3684 quodammodo
1034 3620 1064 3669 C.
1078 3621 1122 3670 rr.
1132 3620 1280 3670 Hermann:
1292 3603 1367 3661 Gruech

282 3686 490 3743 Staatsslterth.
511 3694 534 3753 ξ.
550 3690 592 3739 38.
612 3693 669 3739 not.
685 3692 709 3738 4.
727 3684 769 3740 ed.
792 3697 880 3754 quart.
899 3695 926 3742 et
939 3691 1019 3741 Emit.
1037 3689 1151 3741 Mueller
1165 3693 1206 3741 in:
1225 3686 1307 3737 Rhein.
1320 3679 1368 3728 1111·

281 3756 314 3804 Ν.
332 3758 364 3810 Ρ.
380 3758 453 3810 xiv,
468 3774 529 3823 pag.
547 3759 604 3809 lau.
618 3775 675 3824 seq.

350 3826 379 3883 *1
394 3826 475 3878 Cous.
487 3829 620 3883 Herodot.
637 3829 683 3889 VI,
692 3829 726 3879 118
741 3828 833 3894 ibique
849 3833 918 3878 nott.
934 3836 960 3879 et
974 3832 1006 3893 V,
1019 3830 1053 3880 76
1071 3830 1163 3896 ibique
1184 3833 1248 3880 nott.

350 3895 394 3957 **)
410 3899 471 3947 vid.
487 3903 556 3949 nott.
570 3898 606 3949 ad
620 3898 753 3950 Herodot.
769 3898 831 3962 VII,
847 3899 903 3950 151.

350 3965 413 4031 m)
429 3968 471 4019 De
482 3967 534 4019 hoc
548 3969 629 4019 Callia
641 3969 698 4018 dixi
711 3971 738 4019 in
756 3973 824 4022 nott.
841 3969 876 4019 ad
888 3968 1019 4019 Herodot.
1032 3969 1096 4030 Vll,
1115 3969 1173 4018 lou.

351 4034 381 4102 †)
397 4035 554 4086 Καλλίαν
565 4030 803 4088 tdv‘irrrrove'noo
818 4033 923 4103 ταύτην
938 4032 992 4103 τὴν
1005 4029 1063 4088 ὑπὸ
1079 4032 1195 4088 πάντων
1207 4019 1367 4100 &potuerim

280 4098 400 4170 riquione
412 4101 624 4173 πρεσβεύσαντα
636 4124 661 4157 κ.
675 4124 700 4161 τ.
715 4108 739 4159 1.
1216 4163 1227 4183 ,
1347 4146 1352 4165 ι

351 4177 400 4241 ††)
418 4172 473 4226 aet
482 4176 651 4241 Καλλίας,
663 4167 695 4233 ὃς
706 4172 778 4240 πρὸς
789 4170 968 4243 Ἀρταξέρξην
977 4171 1028 4227 τὸν
1036 4173 1146 4240 Ξέρξου
1155 4178 1214 4234 τοῖς
1225 4169 1365 4239 nuquam

276 4234 437 4309 Ἀθηναίων
465 4240 496 4295 oi
517 4244 616 4297 πολλοὶ
640 4246 782 4312 λέγουσιν,
806 4242 910 4311 ἔπραξε
933 4239 986 4313 τήν
1009 4240 1137 4314 εἰρήνην.
1170 4246 1237 4298 Add.
1256 4234 1327 4293 schol.
1346 4241 1365 4275 11

280 4313 394 4366 Aristid.
411 4315 529 4367 Psnath.
542 4333 605 4383 pag.
619 4317 653 4367 73
670 4319 714 4369 ed.
731 4318 875 4370 Frommel.

323 4406 326 4411 ·
350 4382 420 4448 †††)
435 4385 453 4435 l.
470 4386 583 4450 supral.
601 4403 662 4453 pag.
684 4389 700 4438 5
716 4404 791 4454 seqq.
811 4388 880 4439 aad.
899 4389 1032 4453 Krneger.
1054 4387 1073 4438 1.
1087 4386 1106 4440 l.
1133 4391 1206 4437 recte
1222 4376 1362 4446 (1111118111ω

282 4456 377 4502 contra
390 4467 434 4515 ea,
448 4450 518 4519 quae
531 4472 548 4505 a
560 4457 715 4509 Kleiuerto:
729 4458 762 4526 (l.
773 4459 792 4509 1.
805 4459 842 4508 11.
859 4475 885 4525 p.
897 4458 972 4521 200.)
988 4456 1096 4524 prolata
1114 4462 1199 4509 erant.
