3008 5128
217 328 275 396 122
648 329 914 397 HERODOTI

213 513 337 582 ίσαυσε
358 508 395 578 ἐν
408 511 560 578 Σιιιυῦνι
580 501 802 596 ἀγωνίζεσθαι
816 512 884 578 τοῖν
901 502 1085 599 Ὁμηρείων
1099 507 1207 579 ἐτέων
1221 512 1346 590 εἵνεκα,

213 609 263 682 ὅτι
275 610 421 702 Ἀργεῑοί
434 639 469 682 τε
483 613 539 682 καὶ
551 609 669 701 Ἀργος
688 610 728 682 τὰ
748 610 854 683 πολλὰ
867 612 976 682 πάντα
989 607 1166 701 ὑμνέαται·
1196 618 1294 682 τοῦτο
1309 612 1348 682 db

213 712 324 810 ἡρῷον
337 715 400 805 γὰρ
414 706 456 806 ἦν
470 717 525 785 καὶ
539 722 606 786 ἔστι
618 720 654 786 ἐν
664 713 751 806 αὐτῇ
764 721 806 806 τῇ
818 714 925 806 ἀγορῇ
937 721 1005 786 νῦν
1014 723 1216 787 Σικυωνίων
1230 712 1345 806 'Aderi-

212 842 294 893 στου
309 826 368 891 τοῦ
386 824 532 907 Ταλαοῦ,
548 824 667 891 τοῦτον
681 819 872 912 ἐπεθύμησε
886 816 904 890 ὁ
918 823 1143 910 Κλεισθένης,
1157 819 1255 891 ἐόντα
1273 817 1346 911 ’Ap-

213 986 385 1054 Scngebnsch
399 987 752 1041 iurDissertat.Homsr1c.
803 987 915 1039 heroum
945 988 1031 1038 sacris
1061 987 1214 1040 dedicatum
1241 988 1349 1039 monuit

212 1058 296 1124 prior.
315 1057 354 1124 (in
369 1058 480 1108 Homeri
494 1057 537 1108 ed.
549 1055 752 1122 Teubneriaus)
804 1059 931 1110 Creuser.
948 1059 977 1108 iu
994 1057 1113 1123 Symbol.
1130 1058 1184 1108 111.
1203 1074 1266 1124 pag.
1284 1058 1346 1111 ¹105.

212 1143 277 1194 pag.
297 1129 340 1181 91.
358 1129 416 1179 128.
438 1127 486 1178 147
507 1141 564 1193 seq.
600 1126 753 1178 Clisthenes
804 1129 855 1180 rur
868 1129 911 1181 ed.
926 1132 1004 1192 tert,
1023 1129 1070 1177 nbi
1087 1133 1114 1178 et
1131 1119 1210 1193 ἱερὸν
1227 1135 1255 1180 et
1270 1122 1348 1192 τέμε-

213 1199 306 1263 igitur,
318 1197 390 1264 quod
399 1197 510 1249 Homeri
520 1198 641 1249 carmina
649 1199 678 1247 in
688 1211 753 1261 sgo-
804 1212 854 1256 νσς
866 1198 980 1249 subinde
991 1199 1056 1262 poni
1068 1196 1160 1262 addit,
1179 1213 1346 1263 quamquam

213 1268 293 1319 nibus
311 1268 420 1319 recitari
438 1269 540 1329 retuIt,
562 1283 624 1318 unm
638 1266 753 1323 Hestiai
805 1270 850 1335 qui
862 1269 1018 1319 accuratius
1034 1266 1060 1318 1ο
1080 1273 1196 1330 nuutur,
1216 1268 1281 1320 iide
1293 1267 1347 1319 diis

213 1338 380 1389 carminibus
404 1337 554 1389 recitandis
578 1339 666 1403 magis
690 1337 753 1389 inde
804 1283 1135 1390 sotiasuhibantreibum
1149 1329 1236 1401 ίερόν.
1263 1340 1350 1390 Nam·

212 1407 315 1460 lavisse
329 1406 466 1473 putandus
478 1409 527 1469 sit,
540 1408 648 1473 quaerit
657 1407 753 1457 Goett-
803 1423 855 1475 que
868 1423 921 1459 vox
934 1402 1048 1471 τίμενος
1066 1406 1150 1459 latius
1163 1413 1238 1474 patet
1254 1423 1346 1474 quem·

212 1477 277 1544 ling.
285 1478 313 1527 in
321 1477 485 1528 Praefatad
494 1476 606 1533 Helod.
615 1493 641 1542 p.
649 1477 752 1529 XLIII.
802 1478 846 1530 vis
859 1478 947 1529 locum
962 1481 1114 1542 exemptum
1129 1480 1156 1527 et
1168 1476 1218 1527 deo
1235 1478 1347 1528 cuidam

211 1548 281 1599 Mihi
294 1564 327 1599 es
339 1549 389 1609 iis,
406 1562 477 1613 quae
490 1548 575 1597 tradit
584 1546 752 1612 Herodotus,
803 1549 861 1599 sive
875 1548 961 1598 sacris
973 1546 1073 1597 ritibus
1090 1546 1256 1598 destinatum
1274 1547 1347 1597 indi·

212 1617 263 1668 hoc
275 1618 433 1682 neutiquam
443 1616 536 1682 colligi
545 1633 624 1682 posse
633 1616 750 1667 videtur.
803 1634 883 1670 esus:
902 1616 1128 1683 quemadmodum
1145 1618 1204 1682 ipse
1220 1617 1347 1669 Herodo-

210 1687 300 1739 Alism
309 1703 419 1738 causum
430 1687 524 1738 attulit
533 1686 672 1738 Heinecke
684 1687 753 1750 (Ηο-

211 1773 277 1808 mer.
291 1758 387 1808 Giitter
402 1772 429 1808 u.
447 1756 704 1808 Heldendualismus
722 1771 750 1820 p.

210 1826 267 1888 ue),
280 1828 325 1892 qui
336 1827 538 1877 Homericorum
550 1827 698 1877 carminum
711 1842 752 1877 re·

210 1898 370 1947 citationem
384 1912 417 1947 ea
437 1895 470 1947 de
483 1912 566 1948 csusa
581 1913 597 1946 a
613 1896 752 1947 Clisthene

211 1966 385 2017 interdictam
396 1982 455 2018 esse
465 1966 625 2028 arbitratur,
638 1966 709 2032 quod
722 1966 751 2015 iu

210 2036 287 2086 hisce
311 2036 476 2086 csrminibus
499 2041 643 2087 stemmata
666 2035 751 2086 maio·

211 2122 270 2156 rum
281 2111 413 2170 aetraque
430 2105 559 2156 nobilium
572 2105 682 2156 heroum
695 2120 751 2156 cre·

210 2176 285 2227 brIus
301 2180 450 2251 memorqa
465 2175 588 2228 consiliis
601 2175 751 2226 Clisthenis

210 2246 237 2296 iu
250 2245 390 2309 republica
400 2246 592 2297 constituenda
600 2245 748 2296 offecerint.

175 2320 181 2329 '
240 2306 461 2379 τῦνὉμηρείων
471 2307 561 2364 ἐπέων
570 2312 675 2382 εἵνεκα]
688 2315 750 2377 ,,01)

210 2384 339 2447 eandem,
354 2401 424 2451 quae
436 2385 481 2435 hic
490 2386 669 2453 significatur,
685 2400 751 2435 cau·

209 2471 267 2506 sam
296 2456 398 2506 dirlnis
428 2455 575 2507 honoribus
602 2456 750 2506 Homerum

209 2527 350 2592 prosecuti
361 2531 425 2577 suut
436 2526 544 2592 Argivi3
564 2526 628 2590 quia
642 2525 750 2576 uuiver-

209 2611 267 2645 sam
289 2596 396 2660 quidem
417 2595 585 2646 carminibus
604 2596 661 2645 suis
686 2594 750 2645 illu·

208 2667 307 2717 stravit
315 2666 466 2723 Graeciam,
475 2658 558 2727 ἔξοχα
568 2656 593 2712 δ’
603 2656 749 2730 Ἀργείους,

207 2740 238 2786 ut
259 2741 302 2787 est
320 2736 347 2785 iu
365 2734 748 2800 Epigr.coxcvl1.r.111.

207 2805 343 2856 Analectt.
351 2805 499 2867 Brunclrp.
507 2804 588 2857 stuf*
600 2802 748 2869 Schweig-

206 2874 315 2928 haeus.
345 2874 530 2925 Addheliau.
543 2873 577 2922 V.
592 2873 626 2923 H.
643 2874 698 2936 lx,
717 2876 748 2925 15

209 2950 236 2995 et
249 2959 319 3010 quae
332 2942 387 2993 alia
406 2943 501 2994 attulit
512 2942 637 2994 Nitascb.
653 2944 695 2994 De
707 2942 748 2992 hi-

207 3018 274 3065 ator.
287 3014 398 3064 Homer.
417 3015 440 3066 1.
459 3029 521 3077 pag.
539 3012 597 3063 155.
625 3012 748 3063 Herodo-

208 3087 253 3136 tea
263 3098 370 3149 quoque
381 3085 476 3149 attigit
486 3082 614 3133 Enststh.
622 3082 658 3132 ad
667 3082 747 3133 iliad.

206 3169 268 3219 pag.
280 3152 331 3204 288
346 3168 369 3204 s.
382 3153 442 3216 218,
456 3151 499 3203 36.

252 3215 287 3272 τὰ
304 3215 394 3272 πολλοὶ
411 3215 506 3271 πάντα
519 3212 666 3285 ὑμνέαται]
688 3219 706 3270 i.
722 3236 746 3274 e.

206 3298 319 3359 quonium
331 3294 356 3342 in
369 3295 400 3343 iis
410 3293 497 3357 ubiqrre
505 3292 563 3351 sere
575 3305 624 3339 nou
635 3292 686 3341 nisi
697 3290 746 3339 Ar·

204 3366 257 3429 pini
280 3371 305 3413 et
327 3363 414 3428 Arpos
437 3362 559 3412 celebrati
580 3363 745 3412 inueniuntur.

207 3432 278 3484 Olim
294 3433 382 3483 miuus
403 3433 471 3484 bene
492 3436 520 3482 et
541 3435 638 3481 contra
654 3429 747 3481 melio·

205 3519 263 3554 rurn
273 3501 401 3553 librorum
413 3502 604 3553 auctoritatem
616 3491 649 3549 ret
658 3493 748 3549 πολλὰ

206 3566 330 3622 πάντων.
357 3575 393 3623 At
403 3573 458 3623 vid.
473 3572 496 3635 Ι,
509 3570 560 3623 203
571 3571 663 3635 ibique
675 3574 745 3621 nott.

205 3643 370 3694 Eustathius
381 3643 399 3697 1.
407 3642 425 3693 I.
433 3642 501 3694 haec
510 3641 596 3693 verba
603 3643 645 3691 sio
654 3639 746 3690 effert:

204 3705 338 3762 τὰπολλὰ
349 3702 378 3762 iv
387 3704 485 3770 αὐτοῖς
493 3701 661 3774 ὑμνοῦνται,
668 3725 747 3774 prae·

206 3799 269 3835 seus
294 3789 401 3848 tcurpus
428 3782 599 3833 substituens
624 3780 745 3845 perlecto

205 3844 355 3917 ὑμνέαται,
374 3851 408 3903 de
422 3868 477 3918 qua
494 3851 581 3901 forma
595 3850 667 3901 cont.
680 3851 747 3901 Bre-

206 3924 267 3974 dov.
280 3939 342 3989 pag.
354 3921 426 3973 atii..
444 3921 523 3984 Quod
537 3936 601 3972 vero
614 3919 745 3970 Valckeu.

205 3995 299 4059 reponi
319 3992 377 4044 vult
395 3981 444 4040 deri
459 3983 591 4053 πάντων,
612 3991 630 4040 i.
645 4006 668 4041 e.
680 4004 746 4053 prae

205 4064 327 4126 eruribus,
347 4066 377 4113 ut
391 4063 443 4124 Vl,
456 4061 498 4113 63.
517 4059 643 4121 vJ1‚83.
666 4060 744 4121 VIII,

801 1694 847 1738 tus
857 1686 929 1737 iufra
939 1692 1132 1738 commemorat
1142 1686 1291 1751 Melanippi
1302 1680 1346 1736 τί·

802 1771 896 1822 μενος.
926 1757 1005 1807 Cous.
1020 1760 1088 1806 nott.
1106 1756 1143 1806 sd
1155 1757 1210 1817 III,
1229 1758 1284 1808 142.
1311 1757 1342 1807 C.

801 1828 833 1878 F.
842 1828 995 1877 Hermann:
1009 1825 1216 1881 Gottesdienatl.
1225 1826 1343 1879 Alterth.

802 1897 827 1960 ρ.
846 1897 883 1948 Iu.
901 1901 957 1946 not.
976 1897 1016 1949 12.

835 1959 985 2030 Ἀδρήστου
998 1962 1051 2014 τοῦ
1061 1960 1188 2029 Ταλαοῦ]
1215 1963 1280 2027 „Sic
1298 1964 1342 2015 ed.

800 2036 962 2100 wesseling.
992 2034 1225 2087 consentientibus
1254 2033 1344 2097 libris,

801 2103 1027 2169 quemadmodum
1046 2104 1119 2170 apud
1137 2103 1343 2169 Apollodorum,

800 2175 967 2228 Pausaniam
981 2175 1104 2239 aliosque
1117 2172 1246 2224 scribitur
1258 2174 1285 2224 id
1296 2189 1343 2224 no·

801 2261 871 2296 rnen.
905 2237 1019 2293 Taloiov
1033 2244 1074 2296 ed.
1086 2242 1226 2296 Sebaster.
1239 2259 1342 2295 casum

800 2314 873 2366 hand
888 2314 977 2365 dream
995 2330 1032 2364 an
1049 2313 1192 2374 consulto,
1217 2327 1271 2379 quo
1289 2314 1342 2363 viri

799 2400 898 2436 nomen
908 2384 1095 2448 distinguatur
1103 2383 1138 2433 ab
1147 2381 1286 2434 adiectivo
1297 2398 1342 2431 τα-

801 2446 877 2519 λαός,
889 2454 960 2520 qnod
970 2452 1050 2504 Valle
1059 2457 1244 2519 spectaverat,
1254 2453 1342 2503 Aura·

800 2525 835 2575 sti
850 2525 991 2574 calamitosi
1004 2523 1149 2574 vertens.“
1177 2520 1342 2587 Schweig-

799 2594 907 2644 tseus.
928 2593 1001 2645 Hinc
1013 2598 1086 2645 recte
1098 2596 1211 2644 recenti.
1223 2593 1284 2643 edd.
1296 2593 1342 2643 de-

798 2665 898 2717 derunt
918 2660 1043 2713 Ταλαοῦ.
1073 2664 1114 2713 De
1131 2663 1248 2713 Ausere
1267 2662 1342 2713 conf.

798 2736 912 2786 Excurs.
935 2734 971 2783 ad
992 2734 1020 2793 I,
1042 2731 1084 2783 35.
1108 2747 1171 2798 pag.
1190 2731 1242 2783 833
1263 2749 1340 2798 seqq.

799 2805 875 2854 Tom.
891 2805 913 2853 Ι.
934 2809 961 2851 et
978 2801 1108 2853 Welcber
1124 2802 1159 2854 ad
1176 2802 1341 2853 Schweuclr:

797 2870 1341 2939 Etymol.mythologdndeuttpsgiIOd

798 2958 856 3008 seq.
889 2941 1032 3004 Quiideru
1045 2942 1178 3005 Argornm
1195 2957 1242 2991 res
1260 2942 1343 2993 Athe·

798 3014 960 3078 nisqnoque
970 3027 1046 3063 snum
1058 3012 1153 3062 habuit
1162 3005 1260 3077 ἡρῷον
1270 3016 1342 3063 teste

797 3084 920 3133 Paussu.
932 3083 956 3144 l,
967 3081 1002 3134 30
1011 3081 1056 3134 tin.
1068 3086 1095 3132 et
1106 3096 1123 3131 a
1132 3083 1340 3146 Megarensibus

798 3153 954 3218 accipiebat
976 3151 1106 3211 honores;
1139 3152 1241 3216 qnippe
1265 3151 1339 3217 apud

799 3239 867 3289 quos
890 3222 991 3272 Thebis
1015 3222 1105 3285 captis
1126 3221 1212 3271 redux
1238 3220 1340 3273 obiisse

797 3294 898 3353 fertur,
915 3296 986 3343 teste
998 3290 1093 3342 eodem
1106 3290 1247 3341 Pausania
1257 3290 1280 3354 I,
1294 3290 1339 3342 43.

798 3364 859 3425 Quo
878 3363 960 3412 stiam
979 3360 1047 3411 tacit
1063 3359 1275 3424 Dieutyehides,
1292 3362 1340 3425 qui

796 3433 879 3483 tertio
904 3431 1104 3497 Megaricorum
1133 3429 1203 3480 libro
1227 3429 1341 3481 Adrasti

796 3500 987 3566 cenotaphium
1002 3500 1118 3563 Sicyone
1134 3499 1219 3551 tuisse
1232 3500 1340 3563 scribit,

791 3587 858 3622 ‚curn
872 3573 930 3636 ipse
946 3571 1068 3636 Megaris
1086 3568 1210 3635 sepultus
1226 3570 1339 3621 iaceret.

796 3641 858 3691 Vid.
873 3640 963 3692 Schol.
977 3642 1005 3690 iu
1019 3640 1129 3691 Pindar.
1145 3639 1339 3699 Nemmio.

796 3712 832 3762 st
846 3710 898 3762 hoo
916 3725 933 3760 a
948 3709 1057 3776 vulgari
1075 3709 1224 3760 traditione
1240 3709 1337 3761 abhor-

797 3784 853 3841 ret,
868 3796 922 3847 qus
936 3779 1046 3831 Thebae
1059 3796 1112 3830 non
1124 3779 1178 3830 nisi
1190 3780 1225 3830 sb
1238 3780 1341 3845 Epigo-

797 3851 839 3902 nis
852 3855 951 3914 captse
963 3856 991 3902 et
1004 3848 1146 3912 Adrastus,
1160 3850 1208 3900 ubi
1220 3850 1339 3913 primum

796 3920 831 3972 ad
844 3919 953 3970 Thebas
964 3919 1111 3972 infeliciter
1122 3924 1272 3984 pugnatum
1287 3925 1339 3980 est,

797 3990 919 4041 Athenas
932 3990 1088 4055 confugisse
1105 3988 1220 4052 dicitur,
1238 3989 1339 4040 Thesei

797 4060 927 4111 auxilium
946 4060 1078 4112 invocans
1091 4060 1126 4110 ad
1140 4074 1267 4119 suorum,
1289 4061 1337 4125 qui

205 4134 249 4187 uu.
267 4135 324 4183 142.
339 4133 368 4194 Ι,
382 4132 430 4195 25,
452 4131 480 4182 id
499 4147 516 4182 a
528 4131 605 4182 codd.
620 4129 746 4195 vestigiis
796 4130 947 4182 occiderint
965 4131 993 4179 in
1007 4128 1126 4196 proelio,
1145 4129 1281 4181 cadavera
1297 4144 1339 4180 se-

206 4204 285 4255 niuris
296 4203 409 4254 recedit.
795 4200 931 4266 pelieuda,
943 4200 1024 4264 idque
1036 4200 1118 4250 etiarn
1129 4200 1257 4249 obtinuit.
1274 4198 1337 4250 Vid.

241 4268 339 4338 riquier
356 4263 408 4337 γὰρ
430 4256 467 4333 ἦν
485 4264 534 4319 sal
555 4264 611 4318 ἔστι
625 4282 651 4317 ιι.
669 4281 693 4321 τ,
708 4264 744 4332 t]
796 4269 1026 4336 ΔροΠοᾶοτ.111,
1041 4268 1099 4327 6,1
1115 4284 1188 4334 seqq.
1203 4269 1261 4332 III,
1278 4268 1334 4327 7,1

205 4344 248 4395 De
264 4341 400 4408 particula
418 4335 472 4405 γὰρ
490 4338 562 4389 conf.
581 4353 650 4404 quae
668 4336 704 4387 ad
723 4338 746 4398 1,
795 4339 857 4392 coll.
870 4339 971 4391 Herod.
984 4339 1031 4395 IX,
1042 4340 1084 4388 27.
1113 4338 1245 4390 Adrastus
1258 4338 1339 4404 Argis

207 4412 232 4469 8,
244 4414 277 4466 24
288 4418 352 4464 suut
362 4415 468 4463 notata·
488 4400 746 4480 dtfivslocumdici
795 4410 928 4477 profugus
948 4410 982 4461 ob
1005 4408 1117 4461 caedem
1136 4407 1297 4475 Amphiarai
1321 4423 1338 4458 a
