2970 5128
468 400 649 462 ERATO.
672 401 727 461 VI.
748 409 792 465 86.
813 412 833 458 t.

242 562 310 632 oili
324 563 425 644 πόδες·
447 561 592 647 κραιπνὸς
608 567 639 630 δὲ
654 567 837 648 μετέρχεται,
854 557 949 629 εἰσόκε
964 566 1063 629 πᾶσαν

240 666 417 750 συμμάρψας
431 662 525 732 ὀλέσει
540 661 645 752 γενεὴν
660 667 711 729 καὶ
726 665 811 729 οἷκον
824 659 950 727 ἅπαντα.

236 765 359 853 Ἀνδρός
373 766 401 833 d’
419 763 545 851 εὐόρκου
560 764 647 853 γενεὴ
661 765 839 850 μετόπισθεν
852 758 991 849 ἆμεένων.

107 906 206 970 Ταῦτα
232 896 377 978 ἀκούσας
399 895 417 966 ὁ
439 902 591 976 Γλαῦκος
610 894 815 983 συγγνώμην
834 891 893 962 τόν
919 890 1004 964 θεὸν
1024 898 1221 980 παραιτέετο

102 1001 183 1095 αὐτῷ
199 1017 292 1090 σχειν
310 1006 379 1070 τῶν
399 1004 585 1090 ῥηθέντων.
620 994 639 1088 ἡ
663 1000 699 1068 di
714 1004 833 1084 Πυθίη
855 1003 937 1085 ἔφη,
958 995 995 1066 sd
1017 1004 1221 1088 πειρηθῆναι

102 1204 146 1253 quc
163 1189 189 1237 in
204 1185 316 1237 Hesiod.
335 1185 476 1251 Theogou·
500 1183 549 1236 321
569 1180 632 1248 (τῆς
682 1179 739 1231 rins
751 1179 883 1231 accedens
897 1181 1008 1244 impium
1019 1182 1134 1248 denique
1147 1200 1222 1236 asse·

101 1249 125 1307 θ’
140 1245 415 1321 ἦντρεὶςκεφαιαι)
437 1254 552 1318 aliisque
564 1253 632 1305 locis
683 1251 776 1316 quitur
794 1266 826 1300 sc
847 1251 1010 1315 prosternit,
1032 1252 1104 1303 haud
1127 1255 1222 1318 paucis

102 1326 235 1389 similibus,
255 1340 325 1390 quos
338 1324 433 1375 attulit
445 1322 630 1374 KuehnerGr.
681 1320 860 1384 scriptoribus
888 1321 1062 1385 antiquitatis
1086 1323 1223 1375 celebrata

101 1400 141 1447 Gr.
154 1399 215 1458 425,
230 1399 262 1453 2;
283 1394 322 1445 ci.
337 1397 419 1444 etiam
432 1393 534 1444 Herod.
556 1393 584 1454 1,
597 1393 631 1443 26
682 1390 820 1440 iuvenitur
837 1389 910 1453 apud
923 1391 1079 1455 Euripidem
1098 1392 1135 1457 (v.
1147 1394 1220 1448 Plut.

100 1468 182 1532 ibique
198 1464 293 1516 leudd.
332 1463 421 1514 Simili
439 1464 518 1513 modo
537 1454 584 1510 ἔπι
602 1464 631 1511 in
681 1460 723 1509 De
747 1474 799 1509 aer.
820 1474 892 1508 uum.
912 1459 1025 1510 vindict.
1046 1477 1109 1526 pag.
1131 1464 1221 1526 hess,

100 1538 198 1589 Homer.
214 1535 317 1599 Odyss.
331 1534 411 1595 XIV,
429 1533 473 1583 92.
489 1533 551 1593 xl,
569 1531 629 1584 263.
682 1528 795 1579 Nauck:
813 1529 948 1592 Fragmm.
967 1530 1093 1594 Tragicc.
1110 1533 1221 1583 Graeco.

101 1604 254 1667 367.11,68.
267 1603 314 1653 Ili.
331 1603 353 1664 I,
366 1603 427 1654 515.
446 1591 552 1663 Ὅρκον
566 1602 632 1667 ipsi·
682 1613 747 1663 pag.
760 1596 837 1661 520:
856 1597 891 1647 sd
905 1599 981 1647 cuius
993 1615 1088 1651 versus
1099 1601 1178 1665 plura
1188 1603 1223 1653 si·

101 1692 127 1725 us
149 1674 264 1725 numinis
292 1674 380 1722 instar
402 1670 502 1735 Pythia
527 1670 570 1736 (ut
591 1671 632 1721 sit
683 1667 759 1718 milia
776 1666 871 1717 attulit
884 1667 1077 1732 Wytteubach.
1095 1671 1224 1721 Animad-

100 1740 371 1807 Wesseling.adh.l.)
382 1740 633 1806 considerat‚quem
684 1751 768 1789 verss.
783 1738 811 1786 in
826 1736 963 1787 Plutarch.
984 1737 1001 1786 l.
1019 1738 1038 1791 l.
1058 1755 1085 1804 p.
1104 1740 1136 1790 16
1153 1739 1223 1803 (sive

100 1816 186 1879 poitae
199 1813 309 1877 fingunt
322 1812 423 1861 iurandi
439 1810 515 1861 velut
529 1818 635 1861 επασιο-
684 1823 749 1872 pag.
767 1806 827 1858 486.
847 1807 878 1857 Τ.
892 1807 928 1856 ΙΙ.
943 1809 985 1857 cd.
999 1809 1097 1873 Lips.).
1127 1812 1174 1860 Cr.
1195 1810 1223 1860 iu

100 1901 144 1933 mr
157 1889 182 1935 et
191 1881 347 1945 praesidem.
377 1879 501 1930 Pertinet
513 1879 565 1930 huc
577 1880 634 1930 He·
684 1874 805 1940 symbol.
817 1875 870 1926 ΙΙΙ.
889 1892 952 1941 pag.
970 1877 1017 1927 125
1036 1880 1154 1929 conferri
1166 1880 1224 1930 vult

101 1953 162 2004 siodi
182 1953 256 2003 locus
270 1950 427 2015 (Theogou.
440 1948 518 2014 231),
540 1949 586 2015 qui
599 1950 633 1998 ab
683 1944 814 1995 Huschke
827 1946 853 1993 iu
863 1946 997 1997 Matthiae
1007 1948 1125 2000 Miscell.
1137 1948 1225 2014 philo·

99 2023 171 2074 Eride
184 2028 279 2072 uatum
297 2020 379 2070 dicit:
682 2015 831 2134 χρχχχχχις.
844 2015 887 2077 21,
899 2016 988 2081 Heyu.
1003 2017 1038 2067 ad
1048 2018 1129 2073 Horu.
1143 2019 1223 2073 Iliad.

807 2099 836 2135 se
876 2123 882 2136 .

718 2100 903 2217 dputmsdchdl
918 2151 1087 2220 μετέρχεται]
1108 2156 1126 2205 i.
1140 2173 1165 2209 e.
1184 2172 1224 2207 ee-

707 2226 733 2274 rr'
749 2239 825 2274 εντειι
845 2239 911 2287 pone
926 2229 1041 2289 sequitur
1060 2242 1081 2277 s.
1102 2230 1224 2280 accurrit.

685 2296 744 2344 Vox
760 2285 900 2355 κραιπνὸς
913 2294 1032 2344 Homero
1047 2296 1175 2360 frequens
1191 2296 1225 2345 de

685 2361 827 2429 procellis,
845 2363 934 2414 ventis
948 2362 1013 2413 aliis
1025 2380 1129 2415 summa
1144 2365 1173 2415 ni
1185 2369 1226 2414 st-

686 2449 738 2497 que
747 2430 889 2482 celeritate
899 2433 1049 2497 ruentibus,
1060 2449 1085 2484 τ.
1094 2450 1117 2483 c.
1125 2434 1225 2496 Odyss.

123 2112 242 2188 Ὀρκον
256 2117 314 2185 θ’,
332 2113 365 2179 ὃς
377 2114 413 2184 δὴ
429 2121 561 2172 πλεῖστον
575 2115 634 2171 έπε-

300 2188 442 2255 χθονίους
456 2182 633 2252 ἀνθρώπους
683 2226 693 2273 l

129 2261 280 2329 πημαίνει,
305 2254 350 2311 ὅτε
364 2260 418 2339 κέν,
428 2277 471 2337 τις
488 2251 558 2311 iude
574 2252 634 2311 έπί-
694 2241 706 2275 ⁰

302 2345 390 2394 ορκον
405 2344 529 2397 σμοσση,

99 2436 154 2488 coll.
168 2436 235 2502 Opp.
250 2440 282 2487 et
297 2436 332 2484 Ι).
347 2434 398 2486 804
410 2440 438 2486 et
449 2436 514 2487 219:

128 2531 225 2590 aristeo
246 2531 306 2605 χάρ
324 2532 414 2603 τρέχει
429 2527 555 2599 Ὅρκος
578 2526 636 2601 ἅμα

303 2606 429 2675 σκολιῇσι
444 2604 566 2674 δίκῃσιν.

98 2715 182 2779 h'eque
204 2713 291 2764 alitor
316 2713 393 2763 deum
413 2711 555 2777 praedicat
572 2700 639 2773 ''Op-

99 2783 303 2849 sosSophocles
311 2782 442 2846 inedip.
450 2780 544 2835 Colou.
555 2781 636 2832 1757:

130 2878 204 2934 ταῦτ’
218 2871 273 2936 οὖν
290 2878 369 2934 {ntia
383 2881 496 2948 δαίμων
510 2875 590 2949 ἡμῶν

130 2947 166 3018 103
178 2946 265 3005 πάντ’
285 2948 358 3003 α’ΐων
373 2949 444 3012 Διὸς
456 2942 558 3016 “Opus
568 2969 591 3011 ς.

101 3057 192 3109 httulit
207 3059 281 3110 haec
298 3074 407 3124 quoque
425 3057 546 3107 Lasaulx
565 3056 638 3122 (Der

103 3128 148 3178 Εἰσὶ
159 3129 202 3179 bei
216 3130 244 3181 d.
258 3128 369 3180 Griech.
391 3144 417 3192 p.
432 3129 457 3177 5.
482 3126 569 3176 Alsad.
583 3126 638 3175 Ah-

102 3198 193 3248 hsndll.
204 3214 231 3264 p.
247 3198 310 3264 179)
322 3198 356 3247 de
368 3196 513 3247 iuramenti
525 3197 553 3247 vi
566 3196 638 3259 apud

102 3274 200 3319 veteres
222 3282 364 3334 exponens
383 3267 525 3331 ipsamque
545 3280 639 3315 vocem

104 3326 213 3401 (ὅρκος)
226 3337 370 3402 explicans
387 3342 525 3399 tamquam
539 3350 640 3400 cogna-

102 3412 152 3456 tam
160 3423 220 3458 cum
230 3422 300 3458 voce
312 3399 403 3467 ἕρκος,
414 3404 482 3456 adeo
492 3410 522 3455 ιιι
531 3407 640 3469 proprie

102 3487 189 3539 ιερειαιι
204 3478 370 3527 scamellos
387 3491 418 3524 ac
434 3478 551 3525 terruimus
567 3472 639 3524 haud

103 3546 289 3597 transiliendos
300 3545 446 3609 significet.
460 3534 567 3607 Ὅρκον
579 3559 640 3607 pro·

105 3616 159 3665 iude
169 3618 238 3673 παῖς
255 3614 360 3680 aliquid
375 3620 514 3679 posterum
533 3618 561 3663 et
575 3628 639 3664 cou-

105 3698 209 3749 sequsus
223 3690 281 3746 est,
296 3685 423 3734 nimirum
437 3682 639 3734 animadversio

104 3753 204 3817 diuina,
221 3770 294 3820 quae
314 3769 364 3805 uec
380 3753 502 3818 opinatis
523 3753 639 3816 periuris

104 3826 296 3887 superveniens
323 3823 426 3875 fractae
450 3822 513 3873 fidei
538 3836 639 3886 poenas

105 3893 206 3958 infligit.
247 3893 324 3944 Idem
352 3893 483 3958 loquendi
502 3906 587 3957 genus
611 3892 638 3940 in

104 3963 255 4026 Epicharmi
269 3962 366 4027 fragm.
381 3961 454 4027 apud
466 3961 550 4011 Clem.
564 3960 640 4014 Alex.

105 4030 196 4084 Strom.
217 4033 270 4083 VI.
287 4047 351 4097 pag.
371 4031 431 4082 749.
459 4032 497 4080 Et
512 4030 639 4081 Eustath.

105 4100 189 4152 Amor.
201 4103 300 4152 lumen.
332 4138 338 4150 .
350 4102 412 4157 426,
427 4101 474 4150 ubi
486 4092 576 4156 αἰδώς
587 4091 639 4163 γὰρ

105 4172 168 4227 παῖς
178 4161 297 4234 ἐλέγχων
307 4118 371 4221 dut.
393 4169 504 4234 Excipit
513 4171 584 4220 euim
597 4168 644 4231 (ut

106 4238 171 4289 idem
180 4238 296 4291 Wessel.
316 4240 385 4290 bene
404 4238 544 4304 admouet)
558 4244 586 4289 et
600 4255 641 4289 se-

105 4309 189 4371 quitur
200 4308 435 4374 reprehensionem
450 4308 545 4373 pudor.
574 4309 640 4372 Ipsa

106 4381 238 4429 sententia
261 4377 294 4427 de
316 4379 425 4428 iustitia
442 4379 502 4429 sive
518 4376 641 4429 uindicta

106 4444 210 4512 divina,
226 4462 299 4513 quae
316 4449 420 4498 tardius
437 4448 547 4513 quidem
558 4451 586 4499 et
599 4462 641 4499 se·

686 2505 719 2561 V,
732 2501 791 2552 386.
803 2501 850 2563 VI,
861 2503 907 2552 171
920 2507 973 2555 etc.
992 2503 1063 2553 Hinc
1073 2502 1154 2568 vulgo
1165 2502 1226 2554 red-

688 2573 761 2623 ditur
772 2575 850 2634 celer,
865 2571 999 2623 vehemens.
1024 2573 1065 2623 Ad
1076 2587 1153 2623 usum
1166 2588 1226 2623 rer-

686 2643 714 2693 bi
731 2633 889 2705 μετέρχεται
910 2642 964 2690 vid.
985 2642 1029 2692 ΙΙΙ
1037 2680 1044 2705 ,
1067 2642 1117 2693 126
1135 2642 1226 2715 ἰιῄχιιε

686 2715 757 2762 ιιοιι.

721 2772 893 2842 συμμάρψας
905 2769 995 2829 ὀλέσει
1008 2772 1109 2844 γενεὴν
1123 2774 1172 2829 καὶ
1183 2771 1225 2829 οἷ·

687 2865 740 2899 κον
752 2839 876 2914 ἅπαντα]
902 2843 1075 2912 συμμάρψας
1087 2848 1118 2915 (i.
1133 2866 1156 2899 e.
1168 2866 1227 2900 σοιι-

687 2923 793 2982 vellens,
804 2918 947 2982 conterens)
959 2919 996 2969 ad
1010 2920 1065 2968 vim
1079 2920 1155 2971 verbi
1168 2909 1227 2968 ὄιέ-

688 3003 729 3038 σει
741 2989 825 3054 (quod
836 2989 863 3037 iu
873 2982 1227 3054 coniunctivumdle'cpmu·

689 3059 741 3109 tari
762 3059 837 3109 iubet
853 3059 960 3108 Werler
979 3060 1054 3113 Acti.
1072 3058 1147 3124 phill.
1169 3061 1227 3109 Mo-

689 3143 766 3178 nacc.
783 3128 806 3176 Ι.
829 3143 890 3193 psg.
905 3128 968 3193 273)
988 3131 1139 3194 aagendam
1154 3130 1228 3179 udie-

690 3202 763 3248 ctum
783 3202 859 3261 puto.
891 3197 932 3247 Oi.
945 3199 1055 3248 Homer.
1068 3200 1167 3261 Odyss.
1179 3199 1227 3259 IX,

689 3266 749 3318 286.
762 3266 822 3319 311.
833 3267 893 3319 344.
908 3267 951 3317 lli.
963 3269 996 3329 X,
1006 3269 1066 3320 467.
1087 3269 1228 3320 Caeterum

690 3337 726 3386 ad
738 3336 789 3387 hoc
802 3336 917 3400 Pythiae
929 3337 1067 3388 oraculum
1080 3340 1229 3402 respiciens

690 3408 832 3471 Lycurgus
846 3406 952 3459 advers.
964 3408 1088 3457 Leocrat.
1100 3424 1162 3472 pag.
1180 3408 1228 3458 157

690 3491 713 3527 s.
729 3476 780 3527 266
796 3477 874 3539 Tayl.
896 3476 938 3542 [ᾗ.
954 3476 997 3528 76.
1013 3493 1040 3541 p.
1057 3477 1106 3528 192
1120 3475 1227 3542 Reium]

690 3546 823 3596 maximas
837 3547 878 3607 ei,
897 3547 945 3610 qui
957 3545 1143 3597 iusiurandum
1157 3546 1229 3596 haud

690 3614 823 3678 servarit,
842 3631 943 3679 poenas
964 3615 1076 3666 luendas
1095 3619 1229 3678 enuntiat,

690 3685 808 3748 itemque
821 3685 904 3735 multo
922 3687 996 3749 prior
1009 3686 1147 3736 Hesiodus
1160 3686 1230 3750 Opp.

691 3758 719 3803 et
730 3756 765 3804 D.
781 3755 850 3816 258,
870 3770 949 3820 quem
963 3755 1056 3806 attulit
1069 3755 1231 3807 Larcherus.

690 3850 725 3860 —
741 3825 795 3874 Pro
806 3815 980 3885 μετόπισθεν
996 3827 1024 3874 iu
1036 3825 1157 3890 proximo
1171 3840 1231 3875 rer·

690 3906 723 3943 su
735 3892 878 3953 stobaeum
894 3894 941 3943 alii
952 3890 1136 3945 κατόπισθεν.
1145 3923 1176 3931 -
1189 3894 1231 3945 Ad

691 3961 857 4023 παραιτέετο
871 3964 944 4015 conf.
958 3966 1016 4025 lli,
1034 3964 1083 4015 132
1097 3970 1124 4014 et
1137 3965 1169 4027 V,
1186 3965 1230 4015 33.

690 4034 743 4082 Ρτο
762 4032 834 4095 vulg.
855 4029 958 4096 ἴσχειν,
982 4039 1015 4084 ιιι
1029 4034 1152 4099 plerique
1169 4034 1231 4083 libri

690 4103 787 4165 scripti
805 4102 948 4161 exhibent,
968 4122 982 4155 e
999 4104 1140 4154 Sancroiti
1161 4103 1231 4153 lihro

690 4186 751 4221 curn
772 4178 887 4223 recentt.
904 4173 964 4222 edd.
986 4174 1076 4238 recepi
1091 4175 1183 4235 σχεῖν,
1199 4172 1232 4221 de

692 4257 745 4306 quo
758 4241 829 4294 cons.
842 4243 924 4291 etism
938 4242 1052 4294 Bredov.
1067 4257 1128 4321 pag.
1140 4241 1201 4294 326.

726 4302 757 4358 ro*
771 4309 988 4374 πειρηθῆναι-
997 4304 1060 4359 ἶσον
1073 4307 1230 4373 δυνασθαι]

691 4379 744 4429 Ριο
758 4374 903 4429 δύνασθαι
917 4380 990 4445 apud
1002 4380 1085 4432 (ilem.
1098 4378 1231 4428 Alexand.

690 4448 791 4501 Strom.
804 4451 852 4503 VI.
873 4465 935 4515 pag.
949 4449 1001 4501 719
1019 4442 1162 4513 γενέσθαι.
1194 4449 1232 4499 Ει
