3010 5134
1239 378 1301 440 500

463 373 736 435 POLYIINIA.
759 374 832 435 VII.
857 385 914 439 108.
941 387 999 442 100.

165 545 331 635 νομαστάς
350 547 468 618 τάσδε·
498 555 702 637 Μαρωνείης
721 548 784 638 μὲν
804 547 926 636 μεταξὺ
941 552 997 618 καὶ
1012 551 1170 640 Στρύμης
1188 555 1298 639 κειμέ-

164 680 229 741 νην
247 648 433 740 Ἰσμαρίδα·
458 651 541 721 κατὰ
563 653 600 722 δὲ
621 660 766 722 Δίκαιαν
787 659 984 738 Βιστονίδα,
1012 658 1045 733 ἐς
1072 654 1133 741 τὴν
1159 659 1299 744 ποταμοὶ

164 755 227 824 δύο
256 759 359 824 ἐσεῑσι
388 754 426 824 τὸ
447 753 581 853 ὕδωρ,,
601 756 729 843 Τραῦός
758 783 793 825 τε
822 760 878 825 καὶ
908 756 1101 845 Κόμψατος·
1147 756 1230 828 κατὰ
1261 760 1298 828 δὲ

154 856 306 947 Ἄβδηρα
327 865 451 947 λίμνην
473 861 536 950 μὲν
562 857 726 948 οὐδεμίαν
754 863 876 930 ἐοῦσαν
897 857 1109 949 οὕνομαστήν
1133 871 1296 950 παραμεί-

162 978 249 1045 ψατο
262 965 402 1050 Ξέρξης,
421 963 569 1052 ποταμὸν
586 964 623 1034 δὲ
640 967 772 1033 Νέστον
786 966 905 1052 ῥέοντα
924 968 956 1044 ἐς
971 962 1158 1035 θάλασσαν.
1199 964 1297 1036 Μετὰ

341 1136 349 1153 .

162 1179 272 1224 nomen3
299 1164 411 1215 sartoris
433 1164 536 1216 aetatis
558 1164 706 1230 scriptores
754 1163 832 1214 lacus
846 1163 1048 1225 rusticanae,
1066 1181 1145 1231 qnem
1159 1165 1239 1218 valde
1250 1184 1295 1218 ex·

162 1235 282 1297 Abdera,
298 1251 337 1284 ae.
368 1233 447 1284 Oonl.
464 1233 494 1284 (Ι.
511 1235 542 1286 F.
555 1235 703 1284 Hermann.

161 1304 221 1354 loco
237 1319 299 1354 mox
318 1302 457 1353 laudando
478 1320 505 1370 p.
525 1304 585 1357 507.
605 1304 702 1355 until.

161 1375 197 1424 Et
211 1374 284 1424 conl.
295 1373 397 1423 Herod.
408 1374 470 1437 VII,
484 1375 539 1424 120.
552 1373 629 1434 VIII,
644 1374 702 1427 120.

161 1443 237 1493 Alius
266 1451 386 1494 veterum
415 1443 489 1493 locos
515 1443 702 1508 suppeditabit

161 1513 294 1579 Forbiger
306 1513 324 1562 l.
337 1513 353 1563 l.
371 1512 423 1562 lll.
439 1528 501 1578 pag.
519 1513 593 1563 1070.
622 1515 701 1563 Haec

161 1584 241 1642 urbs,
267 1598 351 1648 prope
374 1583 506 1632 Dinaeam
531 1583 701 1633 occidentem

161 1668 257 1702 versus
270 1653 305 1702 ad
315 1654 340 1702 N
343 1653 394 1701 esti
406 1653 479 1702 ostia
488 1654 601 1703 condita
612 1667 629 1701 a
641 1653 703 1702 Cla·

161 1723 293 1773 romeuiis
306 1728 334 1772 et
346 1722 421 1773 'I'eiis
439 1721 481 1787 (nt
493 1722 527 1771 ad
541 1724 568 1785 1,
585 1721 632 1772 180
646 1738 703 1772 mo·

161 1791 298 1855 unimus),
311 1797 408 1855 postes
422 1793 456 1842 atl
469 1808 595 1857 maguum
607 1807 703 1857 perve-

160 1863 201 1911 nit
212 1862 305 1911 florem
321 1865 349 1911 ct
360 1861 403 1911 vel
412 1862 596 1912 Romanorum
609 1866 702 1912 aetate

160 1931 248 1981 adbuc
265 1937 444 1993 memoratur,
466 1932 494 1980 iu
513 1932 611 1996 uulgus
634 1937 700 1981 nota

159 2000 203 2049 vel
216 2001 250 2051 ob
262 2001 377 2063 incolas,
391 2002 436 2066 qni
447 2001 583 2051 stultitiae
593 2002 701 2053 nomine

160 2070 230 2121 male
242 2070 400 2120 audiebant.
429 2073 508 2122 Nunc
520 2086 622 2136 paucae
637 2071 699 2121 reli-

159 2141 240 2205 quiae
254 2142 357 2191 veteris
373 2140 447 2189 urbis
459 2139 548 2190 locum
566 2140 699 2200 iudicant,

159 2211 256 2274 quibus
272 2226 368 2260 nomen
382 2211 506 2272 Polystilo
520 2226 542 2259 s.
557 2212 699 2272 Asperoaa.

159 2281 202 2329 'l'u
220 2279 276 2333 vid.
299 2279 459 2330 Tascbnclre
474 2280 509 2329 ad
525 2279 588 2330 rtet.
611 2280 655 2342 11,
672 2282 698 2331 2.

159 2353 184 2411 ᾖ.
192 2350 219 2399 0.
232 2364 294 2415 pag.
306 2350 353 2399 134
364 2355 432 2399 nott.
444 2364 548 2414 exegg..
562 2350 697 2402 ltlannert.

159 2419 175 2468 l.
196 2419 212 2467 l.
235 2436 260 2484 p.
275 2420 326 2469 214
339 2436 411 2484 seq,
429 2418 699 2469 Oboisenl-Goulfier

157 2488 209 2543 11,
233 2490 271 2541 II.
291 2495 354 2553 pap.
380 2488 427 2538 113
444 2504 517 2553 seqq.
541 2493 569 2539 ct
588 2490 699 2552 putissi-

159 2574 229 2608 mum
244 2558 274 2607 0.
288 2559 320 2609 F.
335 2560 473 2609 Hermann
488 2559 528 2607 in:
549 2557 696 2609 Sebulzeit.

160 2628 234 2680 1830.
251 2644 291 2677 nr.
305 2629 348 2680 03,
363 2630 406 2680 64.

191 2692 323 2746 καὶκατὰ
342 2695 459 2757 ταίτας,
478 2692 589 2762 λίμνας]
611 2696 700 2745 Vocu-

156 2767 209 2817 lam
221 2760 261 2828 dl,
272 2783 351 2832 quum
363 2774 426 2817 ante
437 2765 536 2830 λίμνας
546 2765 697 2831 Schweigh.

157 2843 186 2887 et
202 2837 289 2889 Gaias.
316 2854 330 2888 e
347 2838 505 2887 Florentino
528 2841 697 2901 receperunt,

157 2907 282 2972 equidem
292 2922 351 2957 cnm
365 2907 490 2967 sebast,
501 2907 612 2969 Mareu,
628 2905 698 2956 Bek-

156 2977 221 3027 kero
244 2982 272 3026 et
289 2981 404 3028 recentt.
430 2976 489 3028 edd.
511 2977 632 3041 recipere
650 2990 698 3024 no-

755 1240 861 1284 tensum
873 1234 1051 1299 aitScymnus
1059 1236 1143 1287 Chios
1153 1238 1213 1299 ota,
1223 1251 1296 1288 nnnc

754 1306 823 1353 mari
834 1303 937 1354 canalis
948 1320 998 1369 ope
1010 1307 1139 1369 iunctum,
1151 1321 1204 1356 non
1215 1307 1296 1372 longe

754 1389 770 1422 a
782 1374 912 1438 Rhodope
924 1380 1022 1424 moute.
1046 1375 1136 1426 Hodie
1149 1376 1184 1425 ab
1195 1378 1294 1441 oppido

753 1445 914 1507 cognomine
926 1445 1105 1494 vocariBuru
1118 1446 1175 1496 sive
1188 1445 1294 1496 Gallice

752 1514 856 1562 Bouron
871 1513 1003 1563 scribunt.
1029 1514 1236 1568 vid-Menum.
1247 1515 1264 1566 l.
1275 1516 1293 1567 l.

752 1598 813 1647 pag.
825 1583 884 1632 213.
896 1583 957 1641 214,
971 1583 1103 1649 Forbiger
1112 1584 1129 1633 l.
1140 1584 1157 1633 l.
1169 1583 1219 1634 ΙΙΙ,
1229 1600 1292 1650 pag.

753 1653 829 1703 1075.
849 1652 930 1714 1070,
961 1650 1225 1705 Cboiseul-Gouffier
1242 1655 1258 1704 l.
1274 1654 1291 1705 l.

750 1737 814 1786 pag.
830 1722 878 1771 112
898 1722 990 1786 ibique
1009 1723 1145 1773 adiectam
1166 1740 1292 1789 mappam

750 1791 975 1856 geograpbioam,
993 1798 1022 1842 et
1039 1792 1151 1844 Clsrlre:
1176 1793 1292 1846 Travels

751 1861 790 1923 11,
803 1862 828 1911 3.
843 1876 906 1926 pag.
921 1863 980 1912 427.
1009 1861 1087 1927 Apud
1099 1863 1218 1914 Plinium
1231 1862 1291 1914 loco

751 1945 834 1995 snpra
852 1931 965 1981 luridato
979 1946 1033 1980 non
1050 1934 1118 1982 niuis
1144 1939 1291 1999 „stagnum

750 1999 879 2050 Bistonum
892 2007 919 2051 et
930 2002 1028 2066 geus.⁸‘
1044 2027 1079 2038 -
1097 2005 1235 2053 Murcum
1249 2019 1292 2052 re·

750 2075 834 2123 centt.
846 2070 907 2125 edd.
918 2072 1016 2135 scripsi
1031 2060 1137 2136 ἐσιεῖσι,
1152 2073 1199 2122 ubi
1209 2072 1290 2137 vulgo

750 2139 820 2189 male
839 2129 932 2189 ίσεῖσι.
971 2141 1131 2206 Requiritur
1152 2144 1222 2192 euim
1245 2142 1290 2193 hic

750 2210 859 2259 verbnm
872 2200 980 2273 Ialqpr,
997 2212 1105 2262 Immitto.
1133 2212 1196 2261 vid.
1211 2212 1289 2262 modo

749 2280 865 2330 Bredov.
880 2294 942 2344 pag.
958 2280 1019 2331 394.

787 2345 900 2410 Τραῦός
912 2362 940 2396 τε
957 2344 1004 2397 ael
1021 2344 1184 2415 Κόμψατος]
1208 2350 1290 2400 Τιαν-

748 2434 833 2469 sorum
844 2433 911 2483 gens
924 2418 1061 2468 indicetur
1072 2420 1104 2481 V,
1118 2419 1143 2483 3,
1157 2420 1202 2469 ubi
1216 2420 1288 2470 coni.

749 2492 817 2537 nott.
858 2489 1003 2549 Compsutns
1032 2489 1132 2539 flrrvius
1163 2489 1287 2555 nuspiam

748 2558 819 2621 quod
838 2560 896 2607 scio
914 2564 1153 2617 commemoratur,
1171 2560 1223 2610 nisi
1241 2561 1289 2623 qni

748 2628 885 2677 Carcinites
893 2633 936 2677 est
946 2627 1018 2692 apud
1027 2629 1131 2678 Aelian.
1142 2630 1174 2679 N.
1186 2630 1217 2678 A.
1228 2629 1288 2691 XV,

748 2698 796 2759 25,
811 2695 863 2746 huc
878 2698 1006 2761 pertinet.
1038 2700 1174 2747 Mannert.
1192 2697 1211 2749 1,
1225 2697 1243 2746 l.
1259 2713 1285 2762 p.

748 2768 799 2814 222
810 2782 858 2831 pro
868 2766 1001 2817 Herodoti
1017 2769 1114 2817 Irarum
1123 2766 1215 2816 baberi
1228 2765 1288 2817 vult

748 2836 858 2886 fluvium
879 2837 1043 2894 Kerameia,
1068 2851 1145 2901 quem
1162 2835 1286 2902 equidem

749 2906 782 2954 ob
801 2904 861 2953 subi
881 2904 1087 2955 similitudinem
1107 2904 1197 2955 malim
1215 2920 1287 2955 com-

746 2989 844 3039 parare
860 2990 921 3025 curn
937 2975 1067 3039 Conrpsuto
1085 2976 1143 3026 sire
1155 2976 1285 3027 Cossinite.

155 3047 202 3100 lui.
233 3047 302 3096 Nam
318 3048 352 3097 ab
373 3046 502 3097 hocloco
522 3061 589 3096 sans
607 3045 698 3096 aliena
747 3047 785 3094 Ac
805 3044 887 3109 longa
902 3044 1090 3109 disputatione
1108 3046 1155 3107 (ad
1173 3045 1235 3094 Mel.
1248 3045 1286 3108 11,

154 3116 273 3167 videtur.
747 3116 772 3163 2.
784 3116 808 3177 §-
822 3114 848 3164 8.
866 3128 927 3179 pag.
945 3116 994 3165 120
1006 3131 1080 3180 seqq.
1093 3117 1121 3164 iu
1131 3114 1285 3166 Tsschnok.

186 3180 342 3251 Ἰσμαρίδα]
357 3184 524 3245 turmam,
538 3184 697 3249 quaeCieo·
746 3187 816 3234 nott.
837 3183 946 3249 exegg.)
964 3184 1119 3235 Grouorins
1143 3184 1207 3235 illud
1228 3184 1286 3236 elli·

154 3272 217 3307 nnm
241 3257 295 3306 luit
321 3257 435 3321 antiqua
456 3254 534 3304 sedes
560 3255 594 3304 ab
615 3254 695 3304 Ulixe
745 3269 806 3304 cere
818 3254 918 3314 studet,
933 3254 1040 3303 AeIIani
1054 3256 1206 3313 Corsiuitem,
1221 3255 1286 3319 Scy·

155 3326 302 3377 devastata
317 3325 426 3387 (Odyss.
441 3324 489 3385 IX,
503 3324 563 3388 40),
578 3324 695 3389 Scymno
744 3323 813 3372 lacis
836 3322 872 3386 (5.
893 3320 938 3385 08)
961 3324 1078 3375 Cudetiem
1104 3329 1132 3374 et
1151 3323 1295 3374 Herodotl.

155 3411 262 3462 qnoque
272 3400 299 3445 et
311 3394 450 3458 Stepbano
460 3395 614 3458 Byzantina
625 3409 696 3443 com·
745 3395 899 3456 Gompsutum
909 3393 944 3441 ad
958 3409 1038 3443 rmum
1050 3395 1216 3459 eundemque
1225 3409 1285 3457 per-

154 3472 319 3528 memorata,
339 3464 427 3513 lacum
441 3466 583 3527 acceptsse
597 3479 693 3514 nomen
744 3465 831 3512 tinere
850 3464 978 3524 fluvium,
1000 3465 1078 3513 cuins
1095 3479 1193 3513 nomeu
1211 3456 1285 3512 Kuu'·

154 3536 303 3600 probabilis
322 3539 364 3585 est
377 3536 514 3585 Ilunnerti
535 3534 657 3598 suspicio
673 3533 692 3588 l.
745 3545 843 3589 σατος,
860 3533 967 3583 Coactus
981 3547 1002 3583 s.
1018 3534 1134 3595 Coretus,
1153 3534 1200 3597 qni
1213 3533 1284 3584 idem

152 3606 318 3671 l.pag.·212.
345 3606 405 3667 Quo
417 3604 511 3654 eodem
527 3603 596 3653 idem
609 3603 694 3653 refert
744 3602 781 3653 sit
794 3607 876 3666 atque
891 3603 1000 3652 Nestus.
1030 3603 1284 3653 AcNestusfluvins

156 3676 268 3725 Ismarou
285 3675 357 3739 apud
370 3672 486 3725 Plinium
502 3674 536 3723 H.
551 3674 583 3723 N.
600 3672 648 3735 tv,
663 3674 690 3723 11
745 3670 902 3736 eRbodope
915 3678 1006 3721 monte
1021 3687 1148 3734 exorsus,
1167 3673 1284 3738 Indeque

154 3745 221 3810 (18).
237 3749 260 3809 ς.
276 3748 320 3796 42.
743 3740 870 3805 delapsus
886 3742 912 3790 in
926 3744 1059 3806 Aegaeum
1079 3757 1154 3790 mare
1166 3741 1284 3806 Pbilippi

188 3811 352 3878 Βιστονίδα]
375 3808 507 3869 Benenate
527 3810 586 3862 scil.
608 3806 692 3875 λίμνη
744 3817 772 3862 et
786 3811 932 3861 Alexandri
947 3812 1039 3875 Magni
1054 3816 1145 3861 aetate
1157 3811 1284 3862 Macedo-

152 3885 188 3935 ab
198 3884 260 3934 aliIs
270 3899 388 3950 quoque,
397 3880 605 3946 testeStepban.
614 3881 692 3945 Bym,
743 3882 815 3931 niam
831 3886 858 3930 et
875 3880 1019 3931 Thraciam
1041 3881 1184 3943 Strymone
1199 3881 1283 3931 fluvio

54 3961 57 3965 ’
152 3956 281 4005 scribitur
292 3948 550 4016 Brotnvte‚idque
562 3952 651 4015 ipsum
666 3951 691 3999 b.
743 3956 827 4001 antea
847 3952 1018 4000 terminatam
1041 3950 1198 4013 separabat.
1231 3952 1283 4002 Per

151 4024 169 4076 l.
191 4025 303 4089 praebet
322 4023 421 4073 Aldina
440 4021 501 4073 coll.
520 4022 634 4071 Aristot.
655 4021 691 4070 11.
741 4021 859 4071 medium
880 4036 976 4071 aevum
1001 4020 1151 4070 vocabatur
1170 4014 1283 4077 Μέατος

151 4095 184 4146 A.
198 4094 279 4155 VIII,
300 4095 339 4143 lb.
357 4096 381 4155 ἕ.
395 4095 420 4142 2.
458 4091 565 4156 Reliqui
583 4089 691 4139 libriin
743 4089 825 4155 (nude
846 4091 928 4141 etiarn
948 4089 974 4138 b.
989 4089 1008 4143 l.
1027 4088 1117 4153 plnres
1132 4089 1208 4141 codd.
1221 4086 1282 4140 Μέ-

151 4163 265 4229 vulgata
290 4164 441 4228 scriptura,
472 4176 551 4227 quam
578 4160 690 4209 eandem
743 4173 810 4209 οτον
834 4175 882 4225 pro
909 4153 1046 4221 Νέστου),
1074 4174 1146 4209 nunc
1166 4158 1283 4222 plerum·

151 4233 281 4299 praebent
290 4232 380 4285 Schol.
389 4230 478 4296 Apoll.
489 4231 575 4281 libod.
585 4229 622 4289 ΙΙ,
631 4228 691 4280 tort.
744 4246 793 4294 que
809 4229 922 4279 obvenit
938 4228 1046 4278 nomine
1057 4220 1138 4289 Καρὰ
1151 4226 1226 4277 Zoni
1237 4228 1282 4279 rel

151 4304 243 4355 Strab.
253 4304 305 4353 Vll
318 4303 363 4352 fin.
375 4301 481 4353 Aelian.
490 4303 522 4353 N.
536 4302 567 4350 A.
577 4301 636 4363 XV,
646 4299 689 4350 25.
742 4294 918 4362 Μανρονίρι.
930 4298 987 4348 Nos
998 4297 1147 4347 diceremus
1155 4297 1282 4349 Seianaru-

151 4372 266 4424 Ptolem.
288 4372 346 4432 Ill,
374 4372 419 4433 11,
443 4371 619 4422 conveniunt.
655 4370 692 4418 Et
742 4369 814 4421 tam.
857 4367 940 4418 Plura
956 4366 1061 4417 dabunt
1074 4367 1227 4417 Tzscbnck.
1246 4369 1281 4419 ad

150 4443 215 4508 Vll,
231 4443 281 4494 110
295 4457 387 4493 omnes
404 4441 467 4492 libri
481 4437 627 4503 Βίστονες,
645 4439 692 4505 qui
742 4438 806 4492 Mel.
821 4438 865 4503 11,
883 4439 909 4489 2.
924 4440 947 4503 §-
964 4439 1063 4487 tuott.
1082 4451 1178 4503 exegg.
1196 4454 1222 4503 p.
1238 4440 1281 4501 dtr,
