3048 5130
411 429 779 494 TERPSIOHORE.
802 431 841 493 V.
860 440 1017 495 106-109.
1220 426 1278 492 211

222 602 275 673 Ἐν
296 595 323 697 ᾦ
343 604 380 674 δὲ
399 600 574 695 ἡόγνελίη
597 631 633 673 τε
655 606 733 691 περὶ
761 609 830 674 τῶν
849 610 1011 691 Σαρδίων
1031 600 1122 693 παρὰ
1141 607 1350 690 βασιλέα108

153 705 261 798 ἀνήιε,
278 711 332 776 καὶ
346 721 490 798 Δαρεῖος
504 707 543 778 roi
557 706 686 795 περὶτὰ
700 708 796 792 τόξον
809 708 949 797 ποιήσας
958 704 1084 800 Ἱστιαί,
1114 710 1147 787 ἐς
1162 708 1283 795 λόγους

152 804 252 900 ἦλθε,
281 814 337 881 καὶ
362 807 513 893 Ἱστιαῖος
538 815 754 901 μεμετιμένος
775 808 842 883 ὑπὸ
863 819 1013 899 Δαρείου
1034 815 1200 899 ἐκομίζετο
1228 814 1283 881 ἐπὶ

150 915 337 1001 θάλασσαν,
358 915 521 1008 ἐντούτῳ
541 917 641 987 παντὶ
662 921 709 1007 τῷ
727 916 837 1008 χρόνῳ
859 918 988 1003 ἐγίνετο
1008 914 1099 984 τόδε.
1135 923 1281 1002 Πολιορ-

150 1021 254 1089 κίοντι
281 1025 329 1112 τῷ
354 1027 553 1112 Σαλαμινίῳ
583 1017 745 1111 Ὀνησίλῳ
769 1016 1012 1108 Ἀμαθουσίους
1040 1021 1283 1108 ἐξαγγέλλεται,

149 1125 244 1210 νηυσὶ
269 1121 430 1211 στρατιὴν
455 1122 584 1213 πολλὴν
610 1121 735 1210 ἄγοντα
756 1120 930 1212 Περσικὴν
952 1119 1143 1213 Ἀρτύβιον,
1172 1121 1281 1212 όνδρα

149 1230 294 1314 Πέρσην,
320 1225 548 1314 προσδόκιμον
577 1231 611 1306 ἐς
634 1224 696 1315 τὴν
715 1225 858 1315 Κύπρον
885 1226 982 1296 εἶναι.
1023 1224 1216 1315 πυθόμενος
1243 1227 1281 1296 δὲ

149 1335 245 1398 ταῦτα
259 1325 278 1399 ό
291 1327 461 1419 Ὀνήσιλος
475 1329 622 1420 κήρυκας
637 1332 796 1419 διέπεμπε
812 1335 844 1411 ἐς
859 1328 921 1420 τὴν
935 1326 1081 1418 Ἰωνίην,
1101 1330 1279 1400 ἐπικαλεύ-

149 1433 240 1523 μενός
260 1454 379 1522 σφεας.
419 1431 533 1513 Ἴωνες
555 1435 592 1504 δὲ
613 1431 676 1504 οὐκ
698 1438 731 1514 ἐς
752 1431 885 1523 μακρὴν
909 1433 1175 1522 βουλευσόμενοι
1197 1424 1281 1522 ἧκον

150 1541 254 1631 πολλῷ
272 1536 393 1629 στόλῳ.
425 1534 536 1617 Ἴωνές
560 1565 597 1607 τε
617 1535 659 1626 δὴ
683 1543 839 1627 παρῇσαν
858 1540 891 1618 ἐς
913 1536 975 1626 τὴν
987 1537 1147 1624 Κύπρον,
1172 1538 1230 1606 καὶ
1248 1543 1284 1606 οἱ

148 1643 268 1729 Πέρσαι
290 1642 394 1730 νηυσὶ
416 1641 592 1729 διαβάντες
606 1642 643 1710 ἐκ
661 1644 719 1728 τῆς
732 1647 888 1728 Κιλικίης
903 1637 1001 1729 ἤϊσαν
1019 1642 1074 1708 ἐπὶ
1088 1638 1149 1728 τὴν
1164 1649 1278 1710 Σαλα-

149 1761 221 1832 μῖνα
234 1751 332 1834 πεζῇ·
365 1748 441 1834 τῇσι
462 1744 500 1813 δὲ
520 1747 620 1834 νηυσὶ
640 1749 675 1814 οί
686 1753 842 1824 Φοίνικες
858 1747 1068 1831 περιέπλωον
1081 1743 1142 1833 τὴν
1158 1742 1277 1833 όκρην,

148 1855 180 1916 αἲ
190 1855 371 1920 καλεῦνται
387 1851 535 1937 Κληῖδες
548 1855 603 1937 τῆς
618 1849 770 1938 Κύπρου.
817 1847 945 1918 Τούτου
965 1848 1002 1917 δὲ
1015 1847 1169 1919 τοιούτου
1182 1861 1346 1936 ymo-109

735 2060 847 2108 atinolio
858 2062 923 2108 ante
934 2043 1017 2119 ἧκον,
1035 2071 1107 2122 quae
1120 2058 1186 2120 poni
1196 2057 1275 2121 solet,

734 2128 863 2179 tollenda.
894 2127 936 2177 Da
955 2126 1094 2178 locutione
1115 2123 1142 2185 ἐς
1162 2123 1276 2193 μακρὴν

734 2198 771 2248 oi.
786 2203 857 2248 nott.
869 2196 906 2247 ad
920 2197 956 2259 ΙΙ,
971 2197 1031 2248 121.
1045 2199 1070 2260 §-
1085 2198 1110 2247 1.

769 2265 902 2335 παρῆσαν
921 2256 947 2322 lc
967 2257 1021 2329 τὴν
1039 2258 1161 2331 Κύπρον
1179 2264 1228 2316 καὶ
1247 2259 1278 2317 οἶ

736 2331 854 2401 Πέρσαι]
880 2337 1060 2386 Locutionem
1078 2338 1218 2399 παρεῖναι
1234 2335 1276 2395 είς

733 2397 1275 2470 rivatorov,pervenirelnaliquantorum,

734 2478 877 2542 attigimus
885 2474 997 2533 admi.
1014 2476 1274 2530 AnnotatValeken.

735 2547 770 2596 ad
782 2547 807 2599 h.
820 2545 938 2608 l.,vooea
950 2535 978 2598 ἔς
988 2536 1041 2606 τὴν
1048 2538 1169 2606 Κύπρον
1180 2546 1209 2596 in
1222 2561 1276 2596 ma-

320 2091 389 2143 Car.
405 2091 503 2142 cvm.

177 2191 369 2261 μεμετιμένος]
391 2195 494 2245 Eadem
508 2195 595 2246 forma
609 2195 685 2245 inve-

149 2263 214 2314 nitur
226 2264 279 2326 vl,
301 2268 324 2315 1.
343 2266 414 2327 vll,
433 2265 499 2315 229:
523 2266 623 2330 quibus
638 2265 684 2315 tri-

149 2333 192 2383 bur
207 2334 272 2384 loeis
288 2335 391 2400 Bergk.
406 2334 441 2384 ad
453 2338 617 2385 Anacreont.
631 2336 683 2387 Re-

149 2401 204 2469 liqq.
218 2420 242 2469 p.
257 2405 310 2455 204
331 2404 418 2454 scribi
431 2404 491 2455 vult
511 2403 683 2468 μεμετειμέ-

150 2487 200 2529 νος.
226 2473 363 2539 Equidem
381 2490 444 2525 eum
457 2474 572 2525 Bredov.
589 2491 616 2541 p.
631 2475 682 2528 3111

150 2542 182 2591 nil
200 2544 359 2594 mutandum
378 2545 482 2595 cenaui.
511 2545 598 2595 Paulo
618 2552 683 2595 ante

151 2610 203 2662 leli
213 2607 331 2678 βασιλέα
348 2629 397 2679 pro
411 2610 540 2682 partirier.
568 2615 610 2665 Ad
623 2605 683 2663 ἕκο·

151 2680 228 2743 μίζετο
240 2683 275 2734 al.
287 2690 361 2735 nott.
375 2684 410 2735 ad
423 2685 445 2746 1,
459 2683 506 2734 185
518 2689 547 2734 et
558 2684 591 2746 V,
603 2686 646 2737 98.

179 2748 372 2818 προσδόκιμον
393 2749 420 2811 ἐς
436 2745 490 2818 τὴν
503 2748 624 2816 Κύπρον
643 2743 681 2802 εἷ-

152 2819 200 2887 ναι]
215 2823 233 2874 i.
242 2839 265 2874 e.
277 2825 437 2887 exepeclari,
448 2829 479 2874 ut
493 2825 516 2884 1,
527 2822 560 2874 78
572 2821 631 2887 (abi
645 2822 681 2873 os.

152 2892 231 2956 non).
243 2894 295 2951 111,
311 2893 612 2956 123.v1‚o.v11‚2oa.
628 2892 683 2943 an.

152 2964 186 3010 ter
198 2962 283 3026 placet
298 2961 438 3013 Bredovio
452 2979 480 3028 p.
493 2963 559 3025 410,
577 2964 623 3028 qui
635 2979 680 3012 ne·

152 3030 227 3093 plecta
242 3048 310 3085 voce
334 3027 534 3096 προσδόκιμον
551 3033 636 3083 verba
653 3022 680 3087 ἐς

153 3090 195 3164 τὴν
206 3097 325 3167 Κύπρον
340 3096 414 3152 εἶναι
426 3103 636 3169 interpretatur:
655 3104 680 3151 ia

152 3171 225 3233 aaa
238 3174 329 3224 itiitere
339 3189 395 3223 erae
407 3174 442 3223 ari
451 3174 557 3239 Cyprum
568 3174 680 3230 maulam,

152 3245 179 3287 nt
192 3256 248 3291 mox
267 3238 405 3307 παρῆσαν
429 3235 456 3299 ἐς
476 3234 530 3307 τὴν
551 3236 680 3305 Κύπρον.

152 3308 196 3358 Pro
206 3305 353 3375 Ὀνήσιλος
367 3311 488 3362 Βοοο1ι1ι.
504 3314 531 3360 in
546 3311 626 3376 Corp.
639 3312 682 3361 ln·

152 3380 244 3444 aeriptt.
253 3383 286 3433 T.
294 3383 318 3434 1.
328 3398 394 3446 pag.
402 3381 453 3433 887
467 3382 563 3433 scribit
572 3370 683 3445 Ὀνησί·

153 3445 193 3504 101
208 3450 283 3524 idque
300 3451 371 3501 nihil
389 3451 463 3501 aliud
483 3467 543 3502 ease
560 3452 619 3501 vult
641 3456 682 3500 at-

154 3532 197 3582 qua
218 3517 391 3585 Ονηοίλασς,
417 3521 552 3573 similibus
570 3522 682 3587 quibus·

155 3586 205 3637 lam
219 3590 307 3642 allatia
326 3592 450 3642 vocibm.

182 3648 228 3707 οόκ
249 3652 278 3718 ἐς
302 3655 418 3726 μακρὴν
440 3650 678 3726 βουλευσόμενοι]

153 3724 233 3779 Monet
248 3730 400 3796 Schweigh.
417 3730 446 3780 in
459 3731 524 3781 Lex.
539 3730 641 3781 Herod.
656 3746 678 3780 ο.

155 3799 264 3855 merla
274 3792 300 3859 ἐς
308 3792 423 3865 μακρὴν
434 3816 487 3850 non
499 3807 552 3849 tam
566 3800 601 3850 ad
613 3796 679 3864 βον-

155 3863 304 3931 1ευοιὶμενοι
317 3886 398 3936 quam
408 3869 443 3919 ad
454 3857 525 3934 ἧκον
536 3869 679 3921 referenda

155 3935 242 4001 videri,
255 3939 307 3991 hoe
321 3943 378 3992 lere
392 3955 487 3991 aenan:
507 3940 581 3990 Iones
592 3957 622 3990 re
636 3940 679 3990 de·

734 2616 779 2666 dio
797 2616 903 2681 positar
924 2630 1011 2697 aeque
1026 2616 1164 2695 pertinere
1179 2615 1214 2666 ad
1232 2631 1275 2666 ae·

734 2687 847 2751 quentia
865 2679 931 2750 (καὶ
945 2698 973 2733 οι
989 2680 1115 2749 Περσαι)
1133 2689 1217 2749 atque
1241 2684 1275 2735 ad

733 2771 780 2817 ea,
793 2770 863 2821 quae
876 2753 1043 2805 antecedant
1065 2746 1170 2820 (Ἴωνές
1191 2767 1220 2802 τε
1238 2745 1274 2817 δὴ

733 2824 888 2889 παρῆσαν),
900 2824 951 2875 hoc
963 2825 1019 2875 lere
1030 2839 1125 2875 aenou:
1142 2825 1201 2875 Cum
1211 2825 1275 2875 eol-

732 2896 791 2945 licia
803 2896 902 2946 Persae
915 2893 1020 2944 ιιανίόνο
1032 2895 1057 2943 ia
1069 2908 1139 2943 oram
1147 2895 1227 2972 Cpin
1233 2894 1275 2944 Oi·

733 2967 806 3015 liciae
824 2966 984 3015 traiecirsenl
1005 2965 1161 3027 oppositam,
1186 2970 1273 3027 ηϊοαν

732 3023 779 3083 ἐπὶ
798 3026 852 3097 τήν
868 3031 1019 3097 Σαλαμῖνα
1033 3029 1116 3099 πεζῇ,
1132 3035 1200 3083 illino
1212 3036 1274 3084 reli-

731 3107 779 3154 clia
788 3104 893 3154 navibus
904 3105 994 3153 itinere
1007 3106 1125 3153 terrestri
1135 3103 1205 3153 ibant
1217 3119 1274 3154 oer-

730 3190 774 3224 aua
783 3173 921 3231 Salamina,
932 3173 960 3221 in
975 3171 1064 3222 altera
1077 3172 1183 3223 insulae
1196 3177 1274 3237 parta

732 3244 812 3292 altam
821 3249 847 3293 et
855 3243 952 3307 Syriae
959 3241 1103 3295 obiectam.
1113 3245 1173 3305 Quo
1180 3243 1274 3293 eodem

732 3319 858 3365 monente
869 3312 971 3363 Paulus
987 3316 1015 3361 et
1027 3313 1171 3363 Barnabae
1182 3311 1275 3362 Seleu-

733 3384 777 3433 cia
787 3397 857 3434 nave
868 3383 986 3448 proiecti
995 3380 1023 3431 in
1030 3382 1147 3448 Cyprum
1158 3382 1274 3447 primum

732 3458 866 3503 venerunt
878 3451 1035 3515 Salamina,
1051 3455 1125 3503 aeta.
1138 3450 1272 3515 Apostoll.

732 3523 810 3585 XIII,
824 3525 855 3582 ὃς
869 3538 931 3572 mox
943 3521 1070 3572 dicantur
1083 3520 1199 3571 insulam
1213 3536 1273 3585 par·

731 3592 864 3644 lustratae
881 3606 966 3657 usque
988 3591 1022 3641 ad
1043 3591 1182 3655 Paphum,
1204 3606 1273 3655 quae

731 3677 792 3713 cnm
814 3665 842 3712 ia
855 3661 981 3712 orientali
994 3660 1075 3725 Cypri
1095 3661 1181 3710 latere
1200 3666 1274 3710 σεται

731 3735 802 3795 alta,
822 3731 885 3783 hinc
903 3732 931 3780 in
951 3730 1138 3796 Pamphyliam
1160 3731 1274 3780 traiece-

730 3808 793 3853 runt
807 3801 942 3867 Apostoli.
1016 3855 1027 3867 q

751 3866 782 3920 αἳ
791 3870 941 3921 καλεῦνται
949 3866 1071 3933 Κληῖδες
1081 3865 1131 3934 τῆς
1139 3859 1271 3935 Κύπρον]

730 3942 771 3992 Ad
781 3946 946 3993 structuram
955 3938 1020 4001 loci,
1027 3939 1061 3991 ob
1072 3954 1220 4005 pronomen
1230 3956 1271 3989 re·

154 4005 247 4058 liter-ola
269 4010 339 4060 laad
360 4014 435 4061 nullo
457 4017 516 4073 port
542 4011 676 4063 advenere.
728 4011 845 4061 latinum
865 4004 930 4076 (αἳ)
957 4010 991 4059 ad
1012 4025 1127 4075 sequena
1146 4002 1271 4072 Κληῗδες

156 4072 272 4139 Ε(λσίδοιο
286 4097 340 4130 non
352 4080 490 4145 intelligo,
506 4094 554 4129 aar
565 4080 599 4129 ad
613 4076 678 4146 βου·
729 4086 873 4145 spectans,
891 4079 948 4128 rid.
962 4079 1098 4130 Kuehner.
1115 4078 1161 4129 Gr.
1179 4077 1226 4128 Gr.
1246 4080 1270 4139 ς.

156 4139 319 4214 λουσόμεναι,
345 4156 409 4202 ante
426 4149 498 4216 quod
518 4149 566 4200 illa
586 4150 678 4214 posita

730 4151 789 4215 788,
801 4152 825 4203 3.
853 4152 1002 4201 Hermann.
1020 4146 1053 4199 ad
1068 4149 1158 4213 Vigor.
1171 4164 1196 4212 p.
1210 4148 1270 4197 708.

159 4220 620 4286 nial,non·reierantar¹quoque,ut
635 4218 677 4269 val
729 4222 782 4270 Pro
808 4215 933 4284 Κληῖδες
955 4218 1047 4284 (qaam
1069 4218 1183 4268 formam
1207 4232 1271 4266 vera

157 4287 277 4344 particula
291 4286 342 4338 ούκ
355 4291 470 4341 euadere
489 4294 590 4355 polest,
608 4288 678 4340 huno
729 4291 913 4341 Herodoteanr
933 4305 992 4339 ease
1010 4288 1092 4338 docet
1105 4287 1221 4337 Bredov.
1242 4302 1268 4349 p.

158 4351 205 4404 lere
213 4356 237 4406 in
250 4359 368 4410 modum:
386 4360 461 4411 Ioner
472 4360 541 4408 laud
548 4363 623 4423 ἱοαμο
636 4360 680 4410 ‹le-

158 4421 287 4478 liberatione
301 4433 411 4481 latitura
431 4430 587 4480 advenerant
605 4431 679 4480 nuxi-

160 4491 242 4545 liocwn
255 4514 340 4566 παμηα
354 4502 445 4551 elaeae.
475 4499 545 4550 Utat
562 4504 618 4564 aot,
639 4500 679 4549 di·

732 4359 793 4424 177)
816 4366 871 4412 tres
890 4359 954 4409 libri
968 4354 1091 4423 Κλῆδες,
1106 4357 1198 4406 Attica
1218 4355 1272 4403 for·

730 4431 783 4486 mi.
793 4446 853 4481 oum
868 4429 935 4479 illud
949 4429 987 4478 ait
1002 4428 1089 4491 magia
1099 4426 1203 4475 Ionam.
1227 4424 1270 4474 Tu

731 4500 804 4551 coni.
817 4498 980 4550 Valckenar.
999 4497 1034 4548 ad
1049 4493 1173 4561 Euripid.
1185 4493 1271 4545 Phoa-

1012 4584 1074 4645 14*
