2970 5128
1214 416 1277 485 353

505 420 686 485 ΕΒΑΤΟ.
709 416 763 482 VI.
786 428 908 488 οο-οε,

136 594 186 680 εἷς
203 602 243 669 δέ
254 627 304 679 τις
317 600 447 668 τούτων
459 595 619 686 ἐκφυγών
632 593 672 665 roi
682 594 789 684 despui
803 596 1009 684 καταφεύγει
1023 594 1106 683 πρός
1118 596 1277 687 πρόθυρα

77 721 132 773 481
147 704 327 792 Δήμητρος
341 704 578 789 θεσμοφόρου,
607 701 848 789 ἐπιλαβόμενος
871 700 908 768 δέ
931 706 1000 770 τῶν
1021 701 1277 791 ἐπισπαστήρων

134 818 256 894 ελχετο.
284 811 318 875 oi
337 807 390 889 bb,
411 809 488 874 ἐπεί
505 832 541 873 τε
562 832 621 893 μιν
641 801 833 874 ἀποσπάσαι
853 801 915 873 obn
933 800 1054 875 οἷοίτε
1074 801 1276 885 ἀπέλκοντες

132 916 305 997 ἐγίνοντο,
321 907 552 991 ἀποκόψαντες
566 905 671 976 αύτού
684 906 741 988 τός
754 923 867 995 χεῖρας
881 899 965 996 ἦγον
978 904 1082 979 οὕτω·
1113 923 1222 999 χεῖρες
1237 909 1275 979 db

131 1019 262 1084 ἐκεῖναι
275 1017 505 1102 ἐμπεφυκυῖαι
518 1004 604 1135 bopo
617 1026 703 1080 rotor
717 1015 969 1101 ἐπισπαστῆρσι.
1007 1017 1118 1082 Ταῦτα
1132 1016 1195 1100 μέν
1208 1023 1322 1084 noelli

130 1121 241 1204 σφέας
256 1115 379 1197 αύτούς
400 1121 434 1186 οἱ
446 1122 622 1204 Αἰγινηται
645 1115 838 1203 ἐργάσαντο.
879 1112 1089 1204 Ἀθηναίοισι
1103 1116 1140 1185 δέ
1154 1114 1274 1205 ἥκουσι

131 1220 372 1309 ἐναυμάχησαν
386 1221 486 1308 νηυσὶ
502 1218 746 1307 ἑβδομήκοντα·
774 1221 981 1299 ἑσσωθέντες
996 1219 1034 1288 δέ
1052 1225 1092 1309 τῇ
1105 1228 1275 1309 ναυμαχίῃ

130 1328 354 1394 ἐπεκαλέοντο
383 1323 524 1403 τούτους
548 1318 671 1400 αύτούς
692 1320 769 1401 τούς
798 1324 855 1391 καὶ
882 1322 1064 1411 πρότερον,
1093 1320 1274 1411 Ἀργείους.

131 1430 189 1496 καὶ
205 1429 248 1517 dq'
270 1450 330 1515 σφι
349 1417 443 1497 οὗτοι
458 1427 521 1514 μὲν
534 1424 646 1495 ούκέτι
661 1429 844 1519 βοηθέουσι
858 1428 1086 1514 μεμφόμενοι,
1109 1423 1159 1495 ὅτι
1175 1432 1274 1514 Λέγε·

130 1548 226 1601 vatur
247 1534 338 1616 νέες,
361 1528 492 1618 ἀνάγκη
512 1540 721 1618 λαμφθεῖσαι
740 1524 807 1598 bnt
820 1531 1045 1617 Κλεομένεος,
1066 1535 1165 1616 ἔσχον
1184 1558 1220 1599 τε
1240 1535 1273 1610 ἐς

131 1633 196 1723 τὴν
208 1639 383 1723 Ἀργολίδα
397 1635 520 1723 χώρην,
536 1635 592 1702 καὶ
606 1634 846 1721 συναπέβησαν
859 1640 1165 1721 Λακεδαιμονίοισι.
1190 1656 1273 1703 σνν-

168 1830 425 1913 καταφεύγειιπρός
438 1828 678 1902 πρόθυραΔήμη-
728 1838 781 1887 829
795 1836 857 1903 (uhi
866 1828 1084 1902 ἐπισπαστήρων
1094 1840 1208 1903 exponit
1216 1835 1274 1887 aria

129 1922 200 1970 τρος
220 1905 423 1972 θεσμοφορον]
450 1901 588 1969 πρόθυρα
609 1922 679 1972 quae
728 1906 779 1971 τῆς
807 1901 903 1971 θύρας
927 1902 1128 1972 κρατημύτων)
1164 1908 1274 1959 exhibet

131 1981 200 2041 sint,
207 1978 324 2029 diximus
333 1977 369 2027 ad
377 1977 426 2039 Vl,
437 1976 481 2028 35.
503 1978 600 2042 Itaque
616 1992 679 2027 con·
727 1968 815 2040 ἀπρὶξ
829 1977 919 2043 εἴχετο
931 2017 945 2040 ,,
959 1979 987 2028 id
1001 1977 1142 2028 Herodoto
1162 1981 1274 2030 restitu-

132 2047 677 2114 l'ugitinloonmplsnumusqnesdviam
727 2048 826 2098 endum
850 2048 957 2098 censuit
976 2048 1064 2112 Toup.
1087 2049 1115 2097 in
1139 2048 1272 2102 Emendd.

131 2118 273 2185 publicam
292 2122 357 2167 ante
374 2117 467 2167 eedem
486 2117 572 2180 ipsam
587 2122 680 2167 erten-
730 2118 757 2167 in
772 2118 846 2168 Suid.
865 2118 917 2170 lll.
937 2134 964 2183 p.
982 2117 1033 2168 383
1052 2118 1186 2183 probante
1204 2120 1273 2168 Lar-

131 2204 193 2239 snm
205 2188 326 2252 deaeque
338 2202 445 2238 eaerum
459 2190 487 2236 et
495 2186 625 2237 annulum
639 2188 679 2235 ia·
728 2187 818 2238 chero.
847 2188 884 2237 At
903 2203 917 2237 e
931 2186 1043 2238 Polluce
1059 2190 1119 2252 ipso
1140 2204 1213 2239 nnnc
1227 2204 1274 2239 vo·

132 2273 216 2319 noae,
232 2256 343 2307 clausae
352 2257 472 2314 scilicet,
486 2256 677 2321 apprehendit,
728 2257 790 2307 cula
807 2249 895 2318 ἀπρὶξ
913 2258 1002 2308 eiecta
1021 2265 1072 2307 est.
1104 2258 1204 2308 Suidas
1224 2273 1274 2308 au·

131 2345 196 2379 cum
213 2328 241 2376 in
259 2328 345 2393 ipsam
362 2326 457 2376 sedem
475 2327 580 2375 intrare
597 2327 678 2377 deae·
729 2331 791 2389 tem,
805 2332 836 2376 ut
848 2326 916 2377 bene
930 2328 1036 2377 monuit
1048 2325 1210 2392 Schweigh,
1225 2328 1273 2377 vix

131 2414 186 2464 que
204 2402 326 2446 statuam
344 2402 476 2460 tanquam
494 2389 587 2458 ἱκέτης
606 2411 679 2445 coru·

79 2500 87 2513 .
131 2468 220 2534 plecti
234 2482 288 2517 non
306 2473 410 2531 posset.
437 2465 560 2515 Cererem
575 2464 679 2529 θεσμο-

132 2531 229 2601 φόρον
245 2536 281 2585 eb
299 2534 440 2600 Aeginetis
458 2532 561 2585 cultam
584 2535 678 2599 attigi·

132 2623 194 2657 sune
209 2607 264 2655 iam
279 2620 363 2669 snpra
377 2604 411 2654 ad
424 2606 457 2666 V,
469 2603 519 2661 823
536 2605 618 2654 aliam
629 2607 678 2653 Ce-

130 2692 220 2728 rerem
238 2666 426 2739 θεσμοφόρον
445 2676 473 2722 in
487 2674 558 2724 Pero
571 2676 676 2724 inveni·

131 2762 194 2797 mus
208 2746 263 2809 Vl,
277 2744 339 2806 134;
360 2743 474 2794 Athenis
495 2743 595 2794 cultam
617 2758 678 2794 esse

131 2816 247 2868 eandem
260 2817 338 2866 deam
348 2814 428 2878 plura
441 2818 578 2865 testantur
593 2813 679 2863 allata

43 2914 46 2917 ·
130 2887 167 2937 ab
184 2886 216 2935 C.
230 2886 262 2935 F.
276 2885 445 2934 Hermanno:
469 2882 677 2934 Gottesdienstl.

130 2954 251 3006 Alterth.
266 2957 290 3017 ὅ.
304 2953 347 3006 bb.
363 2959 419 3003 not.
435 2953 467 3003 tt
480 2969 558 3018 seqq.

166 3018 387 3091 ἐπιλαβόμενος]
418 3022 505 3087 Vulgo
523 3014 678 3087 ἐπιλαμβα-

131 3088 270 3159 νόμενος,
297 3093 369 3157 quod
391 3094 503 3142 retinuit
523 3092 677 3155 Schweiglr.

130 3166 253 3229 itemque
277 3162 417 3212 Gaielord.
457 3163 592 3227 Equidem
616 3177 677 3211 cum

130 3240 248 3285 recentt.
263 3232 322 3283 edd.
338 3232 502 3282 eSanorolti
513 3231 582 3282 libro
595 3237 679 3296 atque

131 3303 261 3355 Busteth.
277 3301 312 3353 ed
325 3301 424 3366 (λόγου.
439 3302 463 3352 1.
477 3317 502 3366 p.
520 3303 633 3361 1429st
655 3316 677 3350 s,

131 3375 199 3437 72,3
212 3372 304 3437 recepi
315 3361 609 3436 ἐπιλοβόμενος,ηυο(1
619 3386 680 3421 sen·

129 3446 221 3495 tentia
235 3445 296 3507 ipsa
308 3441 445 3505 requirere
454 3440 613 3491 videbatur:
635 3456 679 3489 an·

129 3517 205 3564 nelos
214 3511 355 3576 prebentes
363 3512 473 3573 firmiter
484 3509 592 3560 tenebat.
619 3502 679 3558 ἐπι-

130 3575 262 3648 σπαστὴρ
278 3586 395 3631 vocatur
414 3582 540 3629 marcatus
558 3595 580 3629 s.
598 3594 678 3629 onna-

129 3656 178 3717 troe,
193 3668 249 3718 quo
258 3652 369 3701 ianuam
379 3651 494 3700 clausuri
506 3649 678 3711 attrahebant,

131 3728 262 3775 monente
272 3719 462 3772 Hemsterhns.
480 3721 516 3769 ad
526 3719 630 3769 Pollae.
644 3720 679 3782 X,

131 3795 175 3845 23.
206 3794 323 3842 Crenz.
344 3789 450 3840 confert
464 3790 614 3855 Boettiger.
634 3789 677 3837 in:

134 3864 258 3927 „Kleine
271 3859 436 3911 Schriften“
451 3858 492 3909 ed.
508 3859 589 3923 Sillig
604 3859 636 3908 Τ.
651 3858 677 3908 3.

131 3950 158 3999 p.
173 3933 239 3995 1373
259 3931 294 3980 ab
306 3930 370 3980 eliis
388 3928 569 3993 scriptoribus
587 3927 637 3977 hec
650 3930 678 3976 in

130 4020 160 4054 re
181 3995 311 4067 ρ’όπτρον
335 3999 389 4049 dici
411 3998 446 4049 ad
465 3998 490 4048 h.
513 3998 531 4047 l.
554 3997 678 4064 pluribus

132 4068 444 4123 monstravitValclsen.
474 4068 543 4118 Add.
562 4068 676 4118 Becker.

131 4144 159 4193 in
172 4140 294 4193 Charicl.
312 4139 335 4188 l.
349 4156 375 4204 p.
391 4138 441 4189 lllb
452 4137 514 4187 coll.
529 4138 567 4191 ΙΙ.
585 4153 612 4203 p.
628 4138 677 4188 108

132 4213 175 4263 ed.
191 4227 249 4263 sec.
280 4209 347 4259 Inde
365 4201 478 4270 κλεῖθρ’
491 4199 678 4256 ἀνασπαστοῦ

132 4274 226 4346 πύλης
243 4279 314 4329 dixit
332 4276 481 4343 Sophocles
500 4278 529 4325 in
545 4277 676 4342 Antigon.

134 4351 201 4404 1088
218 4356 248 4401 et
267 4341 393 4398 ἐπισποῖν
410 4341 463 4410 τὴν
481 4342 578 4406 θύραν
588 4347 678 4396 Xeno·

134 4420 216 4486 phou.
231 4417 339 4470 Hellen.
353 4418 401 4477 VI,
416 4419 442 4478 4,
457 4415 500 4469 36.
519 4416 598 4479 Quod
612 4431 677 4468 vero

133 4489 232 4542 Pollux
248 4490 338 4551 XM
356 4486 418 4538 coll.
434 4485 511 4536 Suid.
532 4503 554 4537 s.
570 4502 596 4537 v.
611 4486 632 4535 Ι.
648 4500 678 4550 p.

166 4593 337 4639 HERODO'I'.
360 4593 411 4635 111.

728 2398 816 2462 ipsum
837 2396 955 2460 inspexit
973 2396 1155 2459 Herodotum,
1178 2411 1272 2447 verum

728 2482 761 2519 ex
779 2466 834 2516 alio
851 2481 905 2530 quo
919 2466 1107 2516 Grammatico
1129 2466 1197 2516 haec
1213 2481 1273 2516 ver·

727 2537 762 2587 bo
777 2535 931 2598 descripsit.
1234 2527 1239 2536 ⁸

763 2607 853 2669 χεῖρες
864 2598 895 2652 δέ
906 2594 1012 2653 ἐκεῖναι
1026 2619 1050 2655 κ,
1063 2620 1087 2654 τ.
1098 2601 1135 2668 λ.]
1157 2604 1174 2653 i.
1186 2621 1209 2655 e.
1220 2620 1272 2654 mu·

727 2691 774 2725 nus
792 2674 958 2725 inhaerebant
975 2676 1082 2724 annalis.
1119 2674 1173 2724 Ubi
1191 2666 1272 2736 έμπε·

728 2747 839 2808 φνκνῐα
857 2758 890 2793 ex
908 2744 1020 2793 Homeri
1039 2743 1117 2793 linxit
1136 2758 1261 2793 sermone

729 2814 800 2879 apud
813 2830 891 2880 quem
907 2813 1051 2878 frequens:
1074 2805 1105 2861 ἐν
1122 2803 1148 2861 τ’
1171 2802 1229 2875 ἄρα
1243 2780 1274 2862 oi

728 2881 865 3005 φξῖχειρέ.
891 2882 971 3001 iiim
984 2884 1032 2948 vl,
1044 2883 1105 3000 2533.
1117 2883 1180 2965 436.
1195 2882 1271 2945 xiv,

728 2984 801 3087 vnlg’.
816 2953 1271 3085 inbibit)gdnhdiorentiiib‘irinbiii3

729 3093 811 3143 crolti
820 3092 890 3142 libro
900 3090 977 3140 dedi:
995 3091 1052 3141 vid.
1064 3090 1270 3144 modoBredov.

728 3179 755 3227 p.
777 3163 835 3215 llll.
865 3163 960 3225 Neque
975 3162 1046 3211 enim
1063 3162 1201 3211 assentior
1212 3162 1271 3210 viro

729 3234 826 3294 docto,
841 3233 888 3296 qui
901 3230 928 3280 h.
946 3230 964 3279 l.
982 3246 1066 3297 aeque
1084 3235 1167 3297 atque
1183 3231 1225 3293 11,
1237 3231 1272 3283 39

730 3300 789 3366 (nbi
802 3300 858 3354 vid.
872 3298 956 3365 nott.)
970 3301 1064 3349 κεῖναι
1080 3300 1109 3350 in
1121 3296 1202 3348 senat
1215 3316 1273 3350 mn·

730 3373 785 3420 tari
801 3370 874 3434 vult,
892 3369 957 3421 licet
975 3369 1158 3434 adstipuletur
1172 3370 1270 3421 Grote:

729 3442 843 3506 ilistory
857 3439 888 3491 ol
899 3441 1000 3493 Greeee
1013 3440 1046 3488 V.
1063 3455 1125 3504 pag.
1140 3439 1182 3491 63.

911 3612 979 3664 Car.
993 3610 1081 3665 xcn.

766 3714 863 3766 Ταῦτα
881 3709 932 3780 μέν
949 3731 1002 3764 νύν
1019 3708 1107 3778 σφέας
1122 3704 1228 3771 αύτούς
1244 3708 1274 3764 oi

728 3782 876 3852 Αἰγινῆται
894 3777 1065 3849 ἐργάσαντο]
1099 3783 1200 3835 Vocem
1221 3776 1272 3834 αύ-

728 3849 797 3914 τούς
815 3857 899 3907 deleri
920 3855 979 3906 vult
995 3853 1170 3917 Bernhardy:
1198 3855 1272 3904 Wis-

729 3924 889 3978 senschsltl.
911 3924 1017 3989 Syntax
1038 3929 1091 3975 etc.
1117 3938 1179 3988 pag.
1206 3924 1269 3975 286.

728 3997 806 4047 Libri
818 3994 914 4060 scripti
926 3995 1046 4045 retinent
1057 3999 1155 4044 etcum
1167 3993 1202 4042 iis
1214 3995 1272 4044 edi·

727 4072 812 4129 tores,
822 4068 952 4131 quantum
962 4065 1029 4125 scio,
1041 4068 1155 4114 recentt.
1167 4078 1270 4115 omnes.

762 4125 946 4198 ἑσσωθέντες]
970 4132 1050 4184 Conl.
1064 4134 1098 4195 V,
1109 4134 1154 4183 72.
1173 4133 1272 4182 Dedr-

728 4207 800 4271 givis
818 4205 1013 4270 Aeginetarum
1036 4202 1119 4253 sociis
1137 4201 1175 4255 cl.
1200 4205 1269 4254 nott.

728 4275 764 4325 ad
782 4277 820 4337 V,
842 4275 884 4328 80.
905 4299 940 4309 -
961 4266 1071 4337 ἀνάγκη
1093 4269 1269 4333 λαμφθεῖσαι

728 4352 771 4397 eet
788 4348 813 4395 oi
827 4353 934 4396 coactae
952 4359 970 4392 α
983 4344 1118 4393 Cleomene.
1154 4339 1269 4405 Spectat

727 4415 779 4466 hoc
792 4414 828 4464 ad
844 4429 887 4477 ea,
899 4427 974 4533 puae
986 4411 1024 4461 Vl
1032 4447 1039 4471 ,
1053 4408 1087 4460 to
1101 4413 1270 4459 enarrantur.

762 4481 845 4550 ἐσχοτ
857 4496 886 4532 τε
914 4496 927 4538 ς
940 4472 1147 4546 τὴνἈργολίδα
1158 4473 1267 4545 χώρην]

1029 4564 1070 4625 23
