2986 5130
504 417 777 481 POLYMNIA.
800 417 871 477 VII.
894 428 960 481 153.¹
1231 414 1294 475 *675

160 620 220 662 τευ
233 597 302 663 τῶν
316 590 492 682 προγόνων
510 593 720 681 κτησαμένου
733 588 846 682 τρόπῳ
859 593 988 683 τοιῷδε.
1027 585 1075 669 Ἐς
1088 586 1295 676 Μακτώριον

162 695 262 766 πόλιν
277 694 340 784 τὴν
358 691 445 784 ὑπὲρ
457 698 561 783 Γέλης
574 697 756 783 οἰκημένην
770 696 901 782 ἔφυγον
920 690 1043 781 ἄνδρες
1055 690 1218 777 Γελοίων,
1240 693 1292 760 ἑσ-

161 800 330 880 σωθέντες
350 798 456 868 στοέσι.
493 798 632 878 τούτους
655 789 739 866 nivi
766 804 909 885 Τηλίνης
930 795 1097 885 κατήγαγε
1120 799 1154 875 ἐς
1173 796 1293 882 Γέλην,

161 908 248 990 ἔχων
267 899 430 992 οὐδεμίαν
448 900 585 991 ἀνδρῶν
606 900 768 988 δύναμιν,
791 896 866 969 ἀλλ’
882 898 938 988 ipsi
956 899 1086 969 τούτων
1106 903 1175 967 τῶν
1188 903 1292 967 θεῶν.

160 1002 247 1074 ὅθεν
264 1006 302 1074 dt
322 1003 407 1075 αὐτοὶ
422 1012 521 1093 ἔλαβε
540 999 563 1094 ἦ
584 1002 682 1083 αὐτὸς
703 1003 878 1091 ἐκτήσατο,
901 1007 999 1073 τοῦτο
1020 999 1083 1072 οὐκ
1105 1007 1169 1089 ἔχω
1190 1000 1292 1071 εἷται.

161 1109 305 1178 τούτοισι
328 1106 361 1179 d'
379 1100 427 1178 ὦν
447 1117 587 1187 πίσυνος
606 1105 672 1177 dois
691 1107 875 1196 κατήγαγε,
902 1103 956 1176 ἐπ’
979 1096 1006 1198 ᾦ
1026 1133 1062 1174 τε
1084 1110 1116 1174 οἱ
1132 1102 1292 1193 ἀπόγονοι

161 1208 267 1282 αὐτοῦ
282 1211 459 1301 ἱροφάνται
474 1218 542 1282 τῶν
555 1217 649 1281 θεῶν
663 1217 805 1282 ἔσονται.
841 1209 964 1298 θωῦμα
977 1238 1032 1298 μοι
1055 1200 1104 1277 ὧν
1119 1210 1174 1276 καὶ
1194 1213 1293 1278 τοῦτο
1336 1276 1340 1281 .

160 1318 280 1403 γέγονε
294 1315 377 1405 πρὸς
390 1314 430 1385 τὰ
445 1314 662 1403 πυνθάνομαι
674 1313 944 1403 κατεργάσασθαι
963 1320 1110 1402 Τηλίνην
1124 1317 1224 1400 ἔργον
1236 1339 1291 1381 το-

160 1424 303 1488 σοῦτον·
337 1418 379 1488 τὰ
405 1426 544 1489 τοιαῦτα
565 1418 630 1507 γὰρ
650 1424 731 1508 ἔργα
752 1415 793 1487 οὐ
815 1414 898 1505 πρὸς
918 1422 979 1485 τοῦ
1002 1413 1149 1497 ἅπαντος
1169 1412 1292 1503 ἀνδρὸς

160 1625 211 1676 bus
228 1628 291 1674 utut
310 1623 426 1686 ststnis,
445 1623 511 1674 mihi
528 1623 574 1674 vix
590 1624 701 1675 dubium
752 1623 819 1688 tuit,
843 1622 996 1673 huiusmodi
1024 1614 1072 1684 [ρὰ
1096 1621 1124 1670 in
1154 1620 1290 1672 hominum

160 1694 282 1752 ridetur,
305 1694 369 1759 quin
394 1694 420 1744 h,
442 1694 460 1743 l.
490 1693 523 1744 de
548 1694 646 1745 Cerere
673 1700 702 1744 et
728 1699 926 1763 ,conspectum
943 1691 1067 1742 conferre
1084 1706 1115 1741 se
1138 1696 1291 1743 monstrare

160 1765 325 1829 Proserpina
346 1765 459 1828 eiusque
482 1764 570 1814 saeris
592 1764 701 1814 urosnis
752 1757 799 1828 (τά
825 1756 888 1822 ἱερὰ
912 1755 1072 1811 δεικνύντος
1100 1760 1156 1810 vid.
1179 1761 1290 1811 Lobeelr

161 1834 323 1900 quibusdum
336 1835 373 1883 sit
383 1833 568 1899 cogitandum.
749 1830 930 1897 Aglaophum.
944 1832 968 1884 I.
983 1830 1089 1897 psg.50
1101 1833 1192 1896 seqq.)
1208 1829 1292 1881 horni-

198 1901 323 1967 Τηλίνεω
333 1892 398 1960 ἑνός
408 1916 456 1952 τεν
467 1899 525 1951 τῶν
537 1895 701 1967 προγόνων]
749 1903 845 1965 nibus,
865 1904 894 1950 in
913 1916 1025 1965 quorum
1039 1900 1146 1950 onimos
1166 1915 1289 1965 magnum

160 1973 192 2023 In
218 1973 359 2024 Sunoroiti
382 1972 443 2023 eod.
459 1978 552 2024 exstet
568 1962 631 2029 ἑνὸς
650 1970 702 2021 rori
751 1972 863 2022 similis
882 1974 1039 2021 exercerent
1053 1970 1113 2021 sire
1124 1968 1232 2034 publice
1245 1986 1291 2021 ex·

159 2041 226 2097 τοῖν,
269 2040 394 2112 Τηλίγης
418 2042 491 2093 haud
515 2043 573 2092 seio
593 2056 628 2091 nn
649 2040 700 2092 hoe
752 2043 845 2106 positu
857 2042 885 2090 in
897 2040 966 2105 ipsis
977 2039 1203 2104 templis‚siveiu
1217 2056 1293 2105 pom·

159 2111 220 2163 Ιοοο
239 2126 337 2163 nomeu
358 2115 396 2161 sit
415 2110 626 2176 appellativum,
647 2126 701 2175 quo
751 2113 792 2176 pis
801 2110 966 2162 solemnibus
977 2108 1147 2160 circumlito.
1160 2109 1238 2160 Unde
1247 2124 1291 2159 ss·

167 2181 222 2232 Teii
244 2184 341 2232 inrisisse
353 2183 436 2232 ίαοολο
458 2197 480 2231 s.
505 2183 565 2232 Τελο
581 2182 702 2231 mondus
751 2182 789 2232 tis
802 2181 898 2246 opinor
908 2180 1075 2245 explicetur,
1095 2177 1167 2244 quod
1179 2178 1291 2230 Teiiues

160 2251 304 2302 indicetur.
329 2252 480 2301 Moetoriwu
491 2251 618 2316 oppidum
630 2266 701 2301 unus
751 2250 847 2301 horum
877 2264 1031 2311 suetorum,
1057 2264 1126 2313 quse
1149 2249 1178 2298 in
1203 2249 1290 2314 ipsius

161 2326 292 2371 memoret
330 2320 484 2385 stephanus
519 2322 699 2383 Byzantinus.
750 2324 916 2385 poteststem
932 2318 1116 2380 'devenerunt,
1135 2333 1186 2383 ope
1203 2333 1291 2383 neque

160 2390 296 2442 Munnert.
317 2389 335 2440 l.
354 2389 372 2441 i.
392 2391 446 2453 lx,
465 2394 492 2441 2.
510 2404 573 2455 ρας.
592 2391 640 2439 441
668 2404 700 2439 eo
751 2389 808 2440 ulls
826 2394 991 2440 srmstorum
1008 2389 1144 2438 hominum
1163 2389 1192 2437 vi
1212 2403 1292 2438 exsu-

160 2460 220 2511 loeo
233 2458 410 2525 probabiliter
427 2458 495 2511 illud
513 2460 593 2508 siturn
614 2459 700 2509 fuisse
749 2458 790 2510 les
809 2461 953 2510 restituere
982 2457 1104 2523 potuerit
1127 2462 1211 2522 stqne
1237 2456 1289 2508 hoe

160 2535 253 2595 putet,
268 2529 315 2581 ubi
332 2544 405 2580 nune
424 2527 578 2594 oppidulum
593 2528 700 2578 anzn·
752 2531 839 2593 ipsum
853 2527 1036 2580 sacerdotium
1049 2542 1182 2576 summum
1192 2526 1246 2577 sibi
1257 2541 1292 2577 ss

161 2603 226 2651 rino.
250 2598 293 2652 (ii.
303 2601 386 2649 etium
394 2597 529 2649 Dorviiie:
544 2597 699 2663 Siceipsg.
751 2600 868 2665 posteris
882 2598 939 2648 suis
951 2597 1104 2648 retinuerit.
1118 2595 1196 2646 Geni.
1207 2595 1289 2647 etium

165 2669 221 2720 137.
258 2668 290 2718 In
314 2684 389 2733 seqq.
410 2668 444 2718 ed
470 2667 559 2718 dstiri
585 2666 700 2717 formum
751 2669 849 2719 Grote:
872 2667 987 2730 History
1006 2667 1037 2718 oi
1056 2666 1157 2717 Greeee
1175 2666 1208 2715 V.
1226 2680 1290 2731 μσς.

161 2733 242 2787 στάσι
256 2738 312 2788 vid.
326 2745 396 2788 nott.
411 2738 445 2788 ud
459 2737 492 2799 V,
506 2737 550 2788 28.
751 2738 802 2788 270
828 2753 885 2803 seq.
914 2735 948 2787 de
970 2736 1013 2786 his
1031 2737 1217 2785 disserentem.
1257 2735 1289 2786 In

194 2801 266 2871 ἔχων
282 2798 420 2870 οὐδεμίαν
436 2799 552 2871 α’νδρῶν
566 2796 700 2870 δύναμιν,
750 2808 842 2859 verbis
865 2806 1042 2873 sequentibus
1074 2795 1118 2854 ἐπ’
1150 2793 1173 2870 ᾦ
1204 2817 1234 2853 τε
1262 2799 1292 2853 oi

157 2867 218 2926 ἀλλ’
240 2871 288 2939 ἱρὰ
307 2871 417 2927 τούτων
436 2872 503 2924 τῶν
515 2872 605 2940 θεῶν]
633 2875 652 2928 i.
674 2890 699 2924 e.
748 2866 1290 2941 εἰτόγονοιαὖτοῦίροφάνταιτοῐνθεῶν

158 2946 252 2998 tabem
275 2950 366 2998 nullam
388 2949 498 2997 virorum
516 2961 627 3008 monum
654 2944 702 2995 sed
749 2939 863 2996 ἔσονται
880 2944 953 2995 hand
972 2944 1154 2996 necessarium
1172 2943 1290 3005 videtur,

158 3017 338 3067 sucronensis
353 3020 481 3067 nwm'mrrrr.
510 3009 620 3065 τούτων
638 3029 700 3064 eum
749 3012 1288 3080 eurhNeberofflnemosyn.111.p.483)

158 3092 278 3138 reseunt.
287 3085 347 3136 edd.
356 3085 444 3137 eth.l.
452 3089 480 3135 et
493 3084 612 3150 cepidi
625 3083 700 3134 exhi·
749 3085 900 3138 rescribere
917 3081 975 3133 suiv
988 3081 1102 3148 χθονί
1106 3098 1152 3132 ων
1167 3080 1246 3132 θεῶν
1266 3099 1289 3133 s.

159 3156 205 3206 bui
220 3171 268 3220 pro
281 3153 412 3205 τουτέων.
430 3181 462 3191 -
476 3154 555 3217 Quod
566 3154 601 3203 sd
611 3154 697 3219 ipsum
747 3147 889 3204 τούτων
904 3151 961 3203 τῶν
973 3151 1066 3203 desire
1080 3153 1107 3203 id
1119 3153 1190 3203 enirn
1200 3154 1288 3219 ipsum

159 3223 380 3278 loeisententiem
391 3225 518 3290 pertinet,
533 3239 587 3289 qus
600 3223 699 3274 dieitur
748 3224 921 3290 intelligitur.
940 3225 983 3275 De
993 3223 1108 3274 formula
1122 3223 1229 3273 dicendi
1240 3213 1288 3270 ἐπ’

159 3295 268 3347 Teiinss
279 3295 478 3345 nuliurirorum
487 3310 569 3344 menn
578 3292 698 3355 adiutus,
749 3281 771 3355 ᾦ
781 3308 810 3343 τε
818 3298 948 3360 sequente
960 3293 1047 3344 futuri
1057 3293 1207 3343 indicative
1215 3291 1288 3343 coni.

159 3365 205 3415 sed
213 3364 272 3416 solu
280 3354 699 3429 proferensesers(ipsi)exsnles
749 3363 850 3414 Herod.
873 3364 940 3424 vn,
966 3364 1023 3413 154.
1043 3362 1092 3413 158
1113 3367 1142 3414 et
1162 3361 1289 3412 Kuehner

157 3435 325 3498 restituisse,
346 3435 374 3485 id
388 3435 475 3499 ipsum
490 3433 525 3483 ud
539 3447 640 3483 eruens
654 3448 698 3483 ss·
749 3433 793 3483 Gr.
812 3434 858 3485 Gr.
878 3437 903 3497 g.
917 3434 983 3494 828,
1005 3434 1036 3494 23
1060 3431 1116 3483 siis
1133 3433 1289 3483 notavimus

158 3520 206 3554 ors
222 3505 391 3570 emysteria
406 3519 476 3569 quse
500 3507 634 3553 vocentur
654 3517 699 3552 eo·
749 3503 783 3553 sd
799 3503 915 3565 111‚83.

157 3589 268 3641 rumque
289 3574 391 3624 cultum
413 3578 554 3639 spectasse
571 3572 697 3623 videtnrr
783 3563 888 3635 θωῦμα
908 3584 957 3634 μοι
974 3556 1014 3618 ὦν
1029 3565 1077 3619 καὶ
1094 3566 1180 3619 τοῦτο
1193 3567 1289 3634 γέγονε

157 3644 229 3694 unde
243 3658 350 3710 quoque
362 3645 463 3694 Noster
475 3658 538 3693 mox
551 3658 580 3692 se
591 3642 698 3692 nescire
747 3670 782 3680 —
794 3635 877 3705 ἔργον
886 3637 1036 3704 τοσοῦτον]
1053 3640 1071 3689 i.
1079 3656 1102 3690 e.
1116 3642 1201 3690 mirum
1213 3640 1290 3704 ε’ρίιαν

157 3714 241 3776 dicit,
259 3714 331 3765 nude
344 3714 446 3764 hneeee
464 3703 513 3777 ίρά
528 3711 637 3762 Telines
656 3726 698 3761 oe·
747 3712 805 3763 milri
815 3726 910 3777 quoque
921 3710 967 3760 λοο
978 3712 1082 3770 occidit,
1102 3710 1169 3774 quod
1181 3707 1289 3772 (secun-

158 3785 230 3848 psrit
247 3789 297 3834 sut
310 3798 364 3849 quo
381 3783 461 3834 modo
475 3797 509 3832 es
522 3781 576 3833 sibi
589 3796 698 3846 eomps·
748 3781 810 3831 dnm
829 3796 877 3843 es,
892 3778 973 3846 quse)
987 3779 1063 3829 audio
1081 3786 1175 3828 tantum
1187 3778 1290 3841 facinus

158 3855 267 3905 reverit.
288 3855 427 3916 Qussnsru
438 3867 502 3903 vero
517 3850 617 3902 inerint
628 3851 698 3900 hoec
748 3869 765 3901 α
780 3850 864 3902 Teline
874 3850 1013 3914 perfeetum
1023 3864 1087 3900 esse.
1101 3849 1155 3899 Pro
1168 3842 1215 3896 καὶ
1226 3847 1289 3898 Etts

157 3916 221 3985 ἱρὰ,
233 3923 256 3974 si
266 3938 397 3988 quaeres,
411 3922 554 3972 terrendum
567 3925 621 3983 est,
636 3912 694 3983 ίρὰ,
747 3920 873 3986 (Jahrbb.
888 3918 1009 3970 i.Philol.
1021 3917 1176 3982 u.Psedsg.
1189 3917 1286 3984 Suppl.

158 3992 695 4057 quseh.i.rirorumcopiisopponuntur‚
746 3991 807 4044 Vol.
817 3991 865 4041 lx.
880 4006 906 4055 p.
915 3988 978 4052 337)
994 3989 1057 4055 poni
1067 3989 1128 4040 vult
1141 3990 1209 4050 2553
1222 3988 1289 4038 mihi

156 4063 249 4113 soceri
262 4076 305 4114 res
318 4061 696 4125 sssrussdiiseonseorstse,
746 4059 845 4111 voouts
866 4053 931 4120 ναλ,
956 4074 1026 4123 quse
1045 4072 1106 4109 eum
1125 4060 1153 4110 vi
1169 4057 1288 4124 quodum

80 4168 88 4179 .
157 4130 372 4184 siverimuisers
384 4132 495 4183 deorum
505 4130 564 4181 sive
576 4144 698 4181 russeu—
748 4130 775 4183 h.
788 4128 807 4181 Ι.
824 4130 951 4194 ponitur,
970 4127 1042 4178 houd
1061 4128 1237 4179 sollicitanda
1248 4126 1290 4178 vi·

156 4216 204 4252 eru
223 4202 333 4268 alisque
353 4202 459 4268 prisone
480 4199 621 4265 religionis
643 4214 699 4250 mo·
749 4199 836 4250 detur.
850 4198 891 4248 Ad
903 4211 979 4247 usum
990 4198 1203 4262 praepositionis
1214 4187 1289 4258 πρὸς
1360 4202 1364 4209 ’

156 4275 287 4321 numento
303 4273 362 4322 sive
381 4273 577 4333 instrumente,
603 4268 698 4334 qnsliu
747 4270 776 4319 in
800 4267 891 4318 verbis
914 4261 1001 4329 πρὸς
1027 4261 1069 4316 τὰ
1098 4259 1288 4330 πυνθάνομαι

157 4340 185 4389 in
210 4340 320 4405 templis
344 4342 481 4393 asservari
510 4357 543 4391 so
570 4340 615 4405 pis
643 4338 696 4389 euii
746 4338 803 4391 vid.
819 4337 904 4388 eliste
921 4335 1057 4415 edistis&
1250 4393 1256 4412 ¹

156 4409 297 4461 solebsut=
325 4409 522 4475 hierophentse
554 4424 577 4460 s.
606 4423 698 4459 sucer-
784 4397 819 4457 osi
838 4399 912 4470 πρὸς
937 4402 989 4454 τοῦ
1014 4417 1143 4460 anemos·
1168 4396 1287 4467 ἅνδρος]

153 4479 228 4533 dotis
275 4485 367 4532 entem
389 4495 487 4531 munus
519 4480 696 4545 prueeipunru
746 4476 929 4530 Valckenario
956 4479 1069 4527 duotore
1088 4472 1134 4524 rel
1157 4471 1289 4525 delendus

1021 4558 1091 4623 43*
