3008 5128
248 384 308 449 142
680 385 947 448 HERODOTI

246 569 427 663 Κορίηθιοι
441 560 503 650 μὲν
516 564 642 650 πρῶτοι
656 562 716 649 opi
731 557 860 631 αὐτοῖσι
876 560 991 640 δόντες
1004 559 1121 647 λόγον,
1139 554 1182 639 ὡς
1194 555 1237 628 οό
1252 574 1374 628 ποιοῖεν

246 664 286 735 τιει
302 670 430 752 δίκαια,
449 663 689 753 μετεβάλλοντό
703 693 738 733 τε
755 667 811 734 καὶ
829 662 1098 751 ἀπαλλάσσοντο,
1116 660 1198 753 μετὰ
1213 663 1249 731 δὲ
1264 661 1373 751 Δημό-

247 796 345 859 ρητος
365 764 383 837 ὁ
407 766 601 857 Ἀρίστωνος
616 766 681 838 ἐόν
694 770 751 838 καὶ
763 759 861 849 οὗτος
874 766 1030 857 βασιλεὺς
1043 770 1301 857 Σπαρτιητέων,
1324 769 1374 834 καλ

247 871 484 961 συνεξαγαγών
511 898 546 941 τε
565 871 626 961 τὴν
646 871 804 962 στρατιὴν
824 876 860 942 ἐκ
882 878 1131 961 Λακεδαίμονος
1158 871 1214 940 καὶ
1233 867 1295 939 οὐκ
1315 867 1375 938 ἐόν

248 977 407 1065 διάφορος
421 981 458 1045 ἐν
472 980 519 1068 τῷ
533 975 683 1065 πρόσθεν
696 974 806 1069 χρόνῳ
820 981 1011 1066 Κλεομένεϊ.
1046 973 1124 1045 Ἀπό
1139 975 1176 1043 δὲ
1190 975 1311 1062 ταύτης
1324 977 1375 1059 τῆς

248 1087 456 1169 διχοστασίης
471 1083 569 1168 ἐτέθη
584 1079 684 1169 νόμος
698 1084 735 1150 ἐν
749 1080 906 1171 Σπάρτη,
921 1078 966 1169 μὴ
980 1083 1101 1163 ἐξεῖναι
1116 1082 1259 1149 ἕπεσθαι
1273 1074 1373 1166 ἄμφο-

247 1189 362 1275 τέρονς
376 1182 453 1263 τούς
467 1188 642 1272 βασιλέας,
663 1184 812 1273 ἐξιούσης
832 1190 889 1273 της
902 1188 1071 1273 στρατιῆς·
1098 1186 1179 1262 τέως
1193 1178 1258 1269 γὰρ
1273 1177 1372 1270 ἀμφό-

280 1376 493 1450 μετεβόλλοντο]
504 1385 548 1435 lta
558 1382 699 1435 meliorum
708 1385 787 1435 codd.
839 1387 872 1437 V.
884 1387 920 1436 Η.
936 1386 958 1449 1,
969 1384 1013 1445 30,
1026 1383 1054 1433 id
1070 1382 1140 1449 qnod
1154 1383 1273 1434 maxime
1285 1397 1376 1432 eonve-

247 1470 261 1505 e
286 1470 420 1506 oonaanau
450 1455 513 1505 dedi
535 1470 584 1519 pro
611 1448 788 1519 μετέβαλλον,
839 1457 880 1505 nit
895 1454 1176 1506 Herodoteiavarbia:
1194 1448 1315 1517 πρότοό
1328 1446 1375 1514 γὰρ

247 1525 319 1590 quod
340 1540 373 1575 ex
391 1524 491 1575 Aldina
507 1525 635 1587 fluxerat,
661 1524 788 1590 quodque
839 1519 876 1589 δὴ
894 1520 941 1574 καὶ
958 1512 1039 1574 οὗτοι
1059 1516 1218 1587 ἀμφότεροι
1236 1514 1377 1584 ἐπίκλητοί

246 1601 274 1646 et
290 1597 377 1661 ipsum
389 1600 464 1645 stara
476 1610 555 1659 pesae
570 1593 617 1643 alii
634 1594 734 1644 docent
749 1594 789 1643 lo·
839 1609 890 1659 σφι
910 1586 1004 1650 ἐόντες
1021 1591 1155 1654 εἵποντο,
1175 1594 1224 1643 nbi
1238 1581 1374 1654 ἐπίκλητοι

245 1666 286 1722 οἱ,
311 1666 356 1715 ubi
376 1670 496 1715 activum
515 1665 628 1715 notione
647 1666 788 1728 reciproca
839 1661 1375 1731 (qniaolemniterevoeatiauntadopem

245 1736 367 1800 adeoque
380 1735 492 1801 passiva
504 1735 640 1799 reperitur
653 1734 674 1795 Ι,
688 1736 730 1784 lid.
743 1734 788 1785 00.
838 1734 1043 1800 praestandam)
1067 1733 1130 1783 inde
1154 1747 1265 1798 quoqne
1282 1731 1375 1780 intelli-

245 1806 329 1870 vm,
354 1806 411 1857 100.
431 1806 498 1866 Vll,
522 1804 584 1867 lid,
602 1804 701 1868 quibua
724 1803 786 1853 add.
838 1810 938 1868 guntur
952 1798 1101 1868 σύμμαχοι.
1128 1803 1207 1852 Conf.
1223 1804 1305 1854 etiam
1320 1801 1375 1862 Vll,

245 1875 375 1926 Gataker.
394 1874 429 1924 ad
443 1872 625 1934 Antoninv,
642 1874 681 1926 13.
709 1872 787 1924 Unde
838 1875 889 1925 203
903 1875 994 1940 ibique
1007 1879 1079 1923 nott.
1104 1873 1176 1922 Hine
1189 1870 1374 1922 dimicantibus

245 1942 518 2009 Seliweighaeuaerna
535 1944 563 1993 in
579 1942 671 1992 Lexio.
684 1943 786 1993 Herod.
837 1945 877 1994 illi
890 1945 986 1995 adeaae
1003 1946 1172 2009 putabantur
1184 1942 1333 2001 salutares,
1349 1944 1376 1989 nt

245 2014 295 2077 (11.
306 2029 370 2079 pag.
383 2014 428 2077 00)
441 2005 641 2077 μετεβάλλοντο
656 2012 786 2062 ascholio
838 2018 959 2079 patetex
973 2015 1098 2064 Frontin.
1114 2014 1142 2075 1,
1158 2012 1198 2063 11.
1213 2016 1239 2075 §-
1253 2016 1279 2063 0.
1300 2011 1375 2075 Poly-

244 2089 339 2133 natum
351 2083 439 2132 videri
451 2083 555 2143 aeribit,
569 2082 640 2146 qnod
654 2081 719 2130 mihi
731 2083 786 2132 dia·
838 2100 897 2134 aon.
913 2086 935 2156 1,
948 2083 991 2134 41.
1003 2087 1029 2146 §-
1045 2086 1068 2134 l.
1082 2084 1120 2144 ll,
1133 2083 1175 2134 31.
1190 2085 1216 2144 5,
1232 2084 1258 2132 4.
1272 2082 1326 2132 cie.
1338 2081 1375 2129 De

244 2152 343 2217 plieet‚
362 2153 409 2218 qui
424 2168 483 2202 eum
503 2156 617 2202 recenti.
634 2151 695 2201 edd.
714 2154 786 2201 inta-
838 2162 894 2204 nat.
907 2155 980 2205 deor.
992 2154 1030 2217 ll,
1041 2156 1066 2215 2,
1078 2153 1125 2201 ubi
1133 2151 1189 2205 vid.
1199 2153 1297 2201 Davia.
1310 2151 1374 2200 Nam

243 2228 316 2272 etum
330 2222 429 2287 reliqui
438 2216 646 2286 μετεβάλλοντο,
666 2223 699 2271 ln
709 2237 784 2286 aeqq.
837 2239 906 2288 quae
921 2222 1141 2274 Hernaterhnaina
1156 2222 1270 2286 collegit
1281 2222 1314 2271 ad
1326 2222 1374 2270 Lu·

244 2292 383 2343 Gaialord.
398 2288 541 2359 pelecinos,
554 2291 625 2356 quod
641 2292 731 2355 miror,
744 2295 786 2340 in·
837 2297 909 2343 eian.
932 2293 1058 2359 Dialogg.
1078 2292 1292 2351 deornXXVl,
1315 2292 1335 2341 l.
1349 2305 1372 2354 p.

243 2368 347 2413 tactam
365 2362 483 2427 reliquit.
519 2360 651 2425 Equidem
676 2361 786 2426 reposui
836 2362 885 2414 331
900 2364 932 2416 T.
948 2365 977 2413 II
993 2365 1034 2414 ed.
1049 2364 1125 2427 Rip,
1141 2362 1193 2412 hue
1208 2363 1300 2411 minus
1312 2360 1374 2410 faei-

243 2427 381 2501 βασιλέας,
393 2432 465 2498 quod
473 2430 573 2480 Metti.
585 2445 691 2495 quoque
700 2432 784 2481 dedit.
836 2440 894 2482 unt.
924 2434 991 2483 lnde
1005 2448 1070 2483 vero
1088 2431 1293 2497 explicandum,
1308 2428 1373 2496 qaod

277 2495 316 2568 μὴ
329 2493 433 2564 ἐξεῖναι
449 2494 570 2550 ἔπεσθαι
587 2516 611 2548 κ.
626 2516 649 2550 τ.
664 2499 701 2566 λ]
727 2502 785 2551 Lex
835 2502 932 2552 Locris
945 2502 1136 2568 Epizephyriia
1153 2502 1296 2566 Spartam¹
1317 2514 1373 2550 enm

243 2574 283 2624 ita
296 2591 325 2624 se
342 2573 475 2632 habebat,
493 2579 521 2620 ut
536 2573 560 2620 in
572 2578 700 2633 posterum
719 2574 786 2621 alter
836 2572 1056 2622 Crotoniatarnrn
1067 2570 1165 2622 bellum
1176 2572 1313 2634 timerent,
1320 2571 1374 2619 mit

242 2652 336 2694 tontum
345 2659 430 2708 repam
440 2644 557 2693 educeret
566 2643 703 2690 exercitam
712 2640 784 2705 (cum
837 2642 958 2693 tentibua
980 2643 1167 2706 auxiliumque
1187 2642 1242 2692 eibi
1265 2641 1373 2706 petenti·

242 2713 331 2763 adhno
351 2722 464 2778 uterque
484 2728 531 2762 rex
553 2711 588 2760 ad
606 2711 704 2761 bellum
723 2727 784 2762 cum
835 2711 1373 2777 buaSpartaniresponderant‚aecopiaa

242 2785 363 2833 exercitu
375 2783 511 2848 proticisci
522 2780 642 2845 aoleret),
653 2783 731 2830 alleri
739 2798 784 2830 aa·
835 2781 907 2832 haud
921 2783 1044 2843 daturos,
1058 2782 1105 2832 aed
1120 2782 1271 2832 Dioaeuroa
1284 2782 1372 2830 minau-

241 2862 287 2903 tem
302 2854 369 2917 repi,
386 2857 429 2917 ηαὶ
438 2853 503 2903 domi
514 2861 640 2912 maneret,
659 2853 784 2915 Tyndari·
834 2868 878 2902 roa
892 2868 967 2916 ease,
984 2858 1054 2903 teate
1066 2851 1166 2905 Zenob.
1180 2852 1262 2904 Cant.
1279 2851 1321 2907 11,
1334 2850 1371 2899 λλ.

241 2924 330 2972 dariam
344 2939 440 2987 quoqne
453 2926 519 2972 alter
529 2922 604 2969 oelnti
612 2929 695 2970 coeloe
708 2924 784 2971 relin-
834 2923 963 2976 Euatath.
974 2924 1010 2972 ad
1019 2924 1129 2973 Homer.
1143 2937 1171 2986 p.
1181 2924 1244 2983 278,
1255 2922 1272 2971 0
1284 2938 1305 2973 a.
1316 2920 1370 2980 210,

241 3000 360 3057 queretur
374 3000 399 3042 et
412 2994 526 3041 tutelnria
541 2991 610 3039 deus.
637 2991 698 3040 Duo
712 2993 783 3041 enim
834 2992 877 3042 30.
892 2993 1040 3058 Atquehno
1051 3008 1158 3058 quoque
1167 2994 1296 3055 pertinet,
1304 2988 1370 3055 qnod

241 3078 301 3111 cuin
321 3066 412 3112 eaaent
431 3059 620 3125 Tyndaridae,
640 3059 735 3110 Castor
756 3068 784 3110 et
834 3063 908 3111 infra
916 3065 946 3123 V,
959 3064 994 3113 ad
1007 3064 1150 3112 memoriae
1163 3062 1299 3126 proditum
1310 3059 1370 3124 legi·

240 3130 351 3193 Pollux,
372 3131 538 3194 totidemque
556 3130 678 3180 civitatis
694 3147 782 3195 roges,
834 3146 910 3182 mua:
932 3133 1080 3197 Aeginetae
1093 3131 1233 3181 Thebanis
1246 3130 1370 3182 auxilinm

240 3200 783 3335 tilllllllt‘ttllildttl‘tl
835 3203 990 3323 λὲἓίεεεεὲε
1004 3202 1369 3334 Μελλλλλὶἲλ.εὲἶὲλὲ

774 3301 783 3309 -
907 3290 914 3332 ;
982 3289 1012 3324 oa
1035 3289 1050 3323 e
1071 3289 1096 3320 m

240 3341 397 3391 daridarnm
411 3341 439 3389 in
449 3339 650 3404 expeditionem
661 3354 783 3390 assume·
835 3289 1019 3393 inutileaqeaae
1034 3342 1229 3406 comperissent
1241 3339 1368 3399 Thebani,

239 3417 322 3460 retur.
343 3412 393 3461 Eat
404 3410 474 3460 enim
484 3409 660 3473 cogitandum
670 3410 782 3475 deTyn-
833 3412 985 3463 reddidiaaa
997 3413 1130 3469 tenuntur,
1140 3412 1208 3463 viros
1219 3409 1285 3474 (non
1296 3413 1369 3473 aigne

239 3479 396 3530 daridarnm
415 3480 502 3544 aignia
519 3481 546 3527 in
561 3477 659 3529 bellum
678 3495 781 3530 aaaum·
833 3481 1016 3544 deorum)aibi
1026 3482 1129 3532 anxilio
1139 3482 1212 3530 mitti
1222 3483 1368 3546 cupientes.

239 3551 313 3614 ptis,
348 3566 417 3616 qnae
441 3548 580 3601 Plutarch.
599 3549 642 3600 De
667 3550 779 3601 fratem.
832 3547 1367 3616 Add.Vlll‚83‚ubia‹lpugnamSala·

239 3619 782 3686 emor.p.478Aaeribitsuinaeduoligna
832 3622 943 3671 miniam
960 3622 1121 3687 Aeginetica
1139 3621 1218 3671 navia
1238 3618 1367 3672 Aeacidae

238 3690 390 3755 aequaliter
404 3690 537 3739 distantia
547 3688 705 3755 duobusque
717 3690 780 3740 aliia
832 3691 867 3742 ad
888 3692 1021 3742 auxilinm
1047 3691 1230 3758 praebendum
1255 3688 1367 3740 areeaai-

239 3761 403 3811 transversis
417 3761 572 3810 coniuncta.
601 3760 655 3821 Qui
669 3761 781 3825 Tynda·
831 3762 904 3812 visne
928 3762 1038 3812 dicitnr.
1073 3764 1131 3812 Noe
1149 3761 1278 3825 fugerunt
1304 3758 1367 3808 talia

237 3830 315 3880 ridne
331 3845 353 3882 a.
367 3830 508 3892 Dioscuri,
527 3844 595 3894 quoa
609 3830 724 3894 Spartae
737 3831 781 3895 pie
831 3831 1017 3882 ll'achamntli.
1043 3831 1148 3882 Hellen.
1175 3826 1366 3882 Alterthnmaln

235 3899 326 3949 cultoa
339 3916 398 3951 ease
410 3898 457 3963 (cl.
470 3900 572 3949 Herod.
586 3899 633 3962 lX,
647 3900 691 3965 73)
702 3915 780 3950 nemo
832 3901 868 3951 II.
878 3917 903 3966 p.
914 3902 975 3964 302,
986 3902 1032 3952 nbi
1044 3901 1076 3951 de
1085 3899 1223 3966 μαντικῆς
1235 3902 1263 3949 vi
1277 3901 1304 3949 in
1316 3895 1366 3947 bel-

237 3971 338 4031 neacit‚
361 3970 441 4019 rebus
455 3968 559 4019 bellicis
580 3985 640 4019 eum
654 3986 780 4034 praeesse
831 3971 898 4021 lieaa
909 3973 1072 4024 Graecorum
1083 3972 1269 4036 expeditiones
1281 3969 1366 4032 dispu-

236 4046 407 4105 pntarentm·‚
419 4056 435 4089 a
445 4041 552 4104 regibna
563 4040 597 4089 ad
609 4039 709 4091 bellum
720 4056 781 4105 pro·
830 4046 893 4091 tana
911 4042 963 4092 hoe
982 4057 1089 4107 quoque
1104 4042 1199 4102 affert,
1220 4042 1255 4090 ad
1272 4037 1365 4108 bellpm

236 4111 420 4160 lieiacontibna
431 4110 494 4159 boni
513 4110 611 4159 ominis
625 4126 709 4161 causa
724 4111 781 4160 vel·
831 4113 993 4161 exeuntibus
1000 4112 1109 4162 ἰιοιοιιιν
1121 4113 1161 4162 rei
1172 4110 1284 4160 militari
1294 4122 1365 4173 prae·

239 4181 280 4231 nti
300 4183 468 4231 anniliatorea
493 4179 650 4229 solemniter
670 4183 780 4230 evocati
831 4183 964 4231 sectorum
977 4183 1055 4247 aigne
1067 4181 1162 4231 addita
1175 4182 1272 4231 luisse:
1293 4179 1364 4244 qnip-

237 4252 445 4301 aaanmebantnr
460 4264 590 4313 regesque
610 4250 684 4313 ipaoa
701 4250 781 4314 quael
828 4244 864 4316 pe
880 4267 949 4316 qaae
964 4250 998 4300 ad
1012 4267 1127 4317 pugnam
1145 4252 1254 4316 eiuaqne
1267 4251 1364 4299 exitum

237 4323 362 4371 comitari
397 4319 623 4395 perhibebantup‚
657 4317 781 4383 σωτῆρες
831 4322 942 4371 multum
960 4321 1051 4371 valere
1078 4323 1269 4385 opinabantur.
1298 4316 1362 4368 led.

236 4381 779 4455 (dennudyaoolnequiverat,utapud
830 4391 860 4440 C.
873 4392 906 4442 Ο.
920 4390 1047 4442 Mueller:
1059 4392 1126 4444 Dei.
1141 4392 1164 4441 1.
1179 4406 1240 4456 pag.
1248 4387 1306 4451 400,
1321 4387 1363 4452 qui

237 4461 379 4512 Aelianum
400 4461 515 4528 legimns
531 4477 546 4511 o
566 4460 650 4526 poeta
664 4461 779 4527 antiquo
830 4462 865 4513 ad
874 4461 952 4513 huiua
963 4461 1053 4513 cultae
1063 4461 1254 4528 antiquitatem
1265 4459 1292 4509 in
1300 4457 1363 4507 mira
