3048 5130
583 419 757 482 ΕΒΑΤΟ.
781 421 836 482 VI.
859 432 940 486 l·-4.
1270 423 1328 487 231

192 591 379 681 προθύμως
392 588 480 661 οὕτω
495 594 663 663 ἐπέστειλε
677 600 724 687 τῷ
734 591 951 685 Ἀρισταγόρῃ
964 593 1170 667 ἀπίστασθαι
1187 595 1254 669 ἀπὸ
1267 608 1330 688 βα·
1412 660 1414 663 ,

192 698 318 781 σιλέος,
342 697 398 764 καλ
418 693 523 766 κακὸν
536 703 696 767 τοσοῦτον
712 708 763 787 εἴη
777 696 893 782 Ἴωνας
914 704 1167 789 ἐξεργασμένος,
1188 701 1250 792 τὴν
1268 704 1332 792 μὲν

190 802 379 889 γενομένην
399 796 530 870 αὐτοῖσι
554 808 666 889 αἰτίην
681 799 722 870 οὐ
741 804 829 889 μα’λα
850 807 1019 892 ἐξέφαινε,
1047 800 1124 875 δ’δὲ
1144 809 1240 892 ἐλεγέ
1257 829 1330 895 σφι,

192 900 238 984 ὥς
257 900 416 992 βασιλεὺς
435 913 580 992 Δαρεῖος
601 905 825 992 ἐβουλεύσατο
847 915 1008 989 Φοίνικας
1026 908 1089 996 μὲν
1109 910 1331 998 ἐξαναστήσας

191 1010 230 1076 ἐν
242 1012 284 1095 τῇ
301 1004 410 1096 Ἰωνίη
430 1015 635 1093 κατοικίσαι,
653 1005 773 1090 Ἴωνας
787 1009 826 1079 δὲ
840 1014 877 1080 ἐν
891 1016 932 1101 τῇ
946 1018 1104 1100 Φοινίκῃ,
1130 1012 1330 1083 καὶτούτων

192 1116 306 1180 εἵνεκα
327 1114 533 1180 ἐπιστείλειε.
566 1108 669 1181 οὐδέν
686 1139 719 1181 τι
742 1111 875 1193 πάντας
894 1119 998 1183 ταῦτα
1012 1117 1165 1200 βασιλέος
1182 1123 1326 1203 βουλευ-

191 1216 340 1302 σαμένου
360 1213 536 1302 ἐδειμάτου
550 1214 627 1295 τούς
640 1212 764 1296 Ἴωνας.
803 1216 902 1287 Μετὰ
917 1218 954 1288 δὲ
969 1214 987 1286 ὁ
1002 1214 1150 1298 Ἱστιαῖος
1165 1216 1211 1287 δι’
1227 1216 1353 1307 cippi-4

191 1326 253 1387 λου
267 1317 467 1407 ποιεύμενος
475 1314 679 1407 Ἑρμίππου,
695 1317 817 1407 ἆνδρδς
832 1316 1066 1408 Ἀταρνείτεω,
1081 1336 1165 1390 τοῖσι
1182 1324 1219 1390 ἐν
1233 1324 1325 1411 Σαίρ-

191 1428 260 1491 δισι
281 1424 373 1491 ἐοῦσι
393 1424 555 1512 Περσέων
579 1428 705 1511 ἔπεμπε
725 1430 858 1512 βιβλία,
884 1420 928 1505 ὠς
947 1427 1327 1515 προλελεσχηνευμένων

189 1621 344 1688 vuaso:
372 1610 469 1671 οὔκων
489 1615 639 1681 δοκέοντες
661 1615 734 1672 κατὰ
782 1624 966 1682 τοις.“-Α.
985 1623 1156 1678 Matthiae.
1195 1625 1249 1677 Sed
1267 1627 1324 1679 vid.

188 1683 277 1756 τάχος
285 1682 359 1741 οὕτω
369 1685 624 1756 διακριθήσεσθαι.
632 1687 733 1742 -ἐπέ-

187 1761 276 1812 στειλε
299 1761 325 1810 h.
346 1761 365 1811 l.
382 1761 458 1813 volet
486 1761 553 1827 (σειν)
576 1765 730 1813 mosrdurset.

187 1832 266 1883 Cous.
278 1831 410 1883 Herodot.
421 1834 470 1894 lv,
480 1831 523 1885 31.
533 1832 582 1891 VI,
592 1831 635 1886 97.
651 1833 730 1895 Quod

186 1903 312 1967 sequitur
346 1902 525 1951 indicativum
552 1891 731 1951 ἐπέστειλε

186 1971 330 2036 optativus
342 1968 377 2020 εί
380 1986 397 2035 η
412 1963 627 2034 ἐξεργασμένος,
647 1971 730 2021 nemi·

186 2057 249 2092 uem
268 2039 401 2090 offendet:
430 2040 485 2090 vid.
506 2040 586 2091 modo
603 2045 673 2091 nott.
693 2040 730 2091 ad

184 2113 224 2173 V,
240 2111 283 2161 13.
316 2110 377 2172 Quo
398 2109 492 2161 eodem
509 2115 631 2175 spectat,
657 2110 730 2176 quod

185 2181 320 2232 contiuuo
331 2180 468 2243 sequitur:
481 2169 624 2246 ὦς-ίβο
632 2174 715 2230 υλεύ
722 2209 732 2220 -

186 2263 270 2300 cato
285 2277 320 2287 -
333 2241 520 2302 ἐπιστείλειε.

219 2313 275 2384 τὴν
285 2310 337 2383 μὲν
349 2317 505 2383 γενομένην
516 2334 542 2369 ιι.
552 2334 577 2367 τ.
589 2315 626 2381 λ]
641 2317 728 2368 Godd.

185 2388 298 2454 quidam
310 2378 363 2452 τὴν
379 2382 430 2452 μέν
445 2402 509 2437 νυν
530 2379 567 2437 έν
585 2382 730 2437 αὐτοῖσι

184 2473 259 2522 γεν.,
282 2454 367 2509 seram
387 2458 458 2521 opud
473 2461 543 2522 ipsos
560 2473 661 2508 ασαιοιιι
681 2472 730 2508 uon

184 2530 303 2591 operuit,
317 2532 348 2578 nt
362 2527 414 2587 111,
429 2528 478 2577 05:
501 2524 587 2577 τοῦτο
599 2518 627 2584 ἐς
639 2518 727 2590 ὑμέας

184 2589 320 2660 ἐκφῆναι.
339 2624 373 2634 -
400 2597 481 2659 „Nec
502 2597 606 2660 recipio
624 2602 726 2647 tamen.

184 2667 271 2729 Ordo,
285 2671 317 2718 nt
327 2665 508 2732 saepiuscule,
521 2666 655 2716 turbatior
664 2681 728 2716 con-

185 2737 275 2793 sulto;
304 2737 398 2815 innota
415 2734 503 2786 voluit
525 2727 560 2785 οὖ
577 2727 650 2798 μάλα
671 2725 728 2795 ἐξέ-

184 2820 273 2871 φαινε
281 2807 402 2855 αυτοῖσι.
414 2806 533 2856 Histinei
543 2810 633 2856 sutem
642 2805 675 2856 de
683 2805 728 2855 Io·

184 2893 249 2928 num
256 2875 429 2941 μετοικισμῷ
432 2879 613 2926 commentum
624 2875 659 2924 ad
668 2891 728 2939 per-

184 2945 401 2999 terrefaciendos
411 2959 457 2995 eos
469 2945 538 2996 satis
550 2949 609 2994 crat
619 2944 730 3007 adposi-

184 3022 253 3075 tum,
264 3015 395 3079 siqnidem
407 3017 434 3064 et
442 3015 616 3079 Assyriorum
626 3019 654 3064 et
662 3014 727 3062 Per-

184 3101 277 3136 sarum
294 3083 432 3134 institutis
451 3084 625 3148 respondeus.
655 3082 727 3145 Quid

184 3157 258 3206 enirn
284 3153 326 3203 illi
349 3153 605 3218 Hierosolymitanis
629 3153 727 3203 testati

184 3225 290 3276 inerint
308 3222 386 3285 olim,
415 3227 546 3287 tanquam
565 3239 595 3273 re
617 3223 727 3272 minime

183 3295 284 3355 dubia,
299 3292 557 3357 docemanlRegg.
568 3292 726 3352 xvnues.

181 3366 329 3416 Persarum
345 3378 403 3413 mos
419 3362 545 3427 tangitur
560 3365 598 3423 V,
618 3362 658 3411 14.
678 3361 727 3423 VI,

181 3435 208 3486 9.
241 3435 285 3483 De
297 3432 423 3497 Philippo
438 3433 588 3482 Macedone
604 3431 727 3481 Iustinus

182 3504 261 3555 culte
277 3502 362 3563 VllI,
383 3504 408 3551 5.
453 3487 535 3552 liuto
557 3500 726 3551 Romanos.⁴‘

189 3574 328 3623 Wessel.
359 3569 427 3622 Add.
448 3577 518 3621 nott.
539 3570 574 3621 ed
594 3571 646 3621 lv.
665 3571 726 3621 201.

183 3645 225 3695 Ad
241 3642 326 3693 verba
345 3632 573 3705 subsequentiso'
595 3633 632 3688 dl
654 3632 728 3703 ἐλεγέ

183 3728 236 3773 σφι
251 3712 358 3762 obeam
377 3710 448 3771 vim,
469 3726 541 3775 qnae
553 3710 626 3759 inest
638 3710 666 3758 iu
680 3725 728 3759 vo·

183 3781 248 3834 cula
258 3777 306 3840 di,
321 3779 377 3831 rid.
386 3779 568 3831 KnehnerGr.
576 3779 622 3829 Gr.
632 3781 656 3841 §-
664 3778 727 3841 629,

183 3854 208 3903 n.
223 3856 280 3901 not.
293 3852 310 3900 2
323 3855 351 3901 et
364 3850 437 3899 conf.
453 3849 482 3913 1,
495 3849 529 3901 66
545 3849 636 3913 ibique
654 3852 725 3899 nott.

182 3922 216 3985 V,
232 3918 409 3983 120.V1,30.
426 3919 470 3970 52.

219 3983 308 4040 οὐδέν
318 4004 345 4037 τι
359 3981 483 4051 πολιτνος]
503 3988 627 4047 „licem
638 3986 727 4036 videri

184 4061 273 4127 possit
286 4057 386 4124 copula
399 4058 445 4110 vel
459 4057 515 4107 alia
529 4055 664 4121 particula
679 4043 727 4105 oi-

182 4145 221 4179 τιι
240 4120 326 4179 οὐδέν
337 4143 375 4180 τι.
400 4131 470 4179 Narn
483 4127 554 4194 quod
565 4126 647 4192 vulgo
659 4125 726 4191 legi-

183 4206 229 4251 tur
240 4190 311 4248 siet
320 4213 361 4257 τι,
379 4201 438 4249 tum
458 4198 562 4248 demum
575 4195 664 4246 locum
677 4196 725 4245 hn-

182 4271 270 4325 beret.
283 4269 386 4320 εἰσαεὶ
402 4266 465 4333 quid
478 4272 648 4332 sequeretur.
671 4267 727 4315 Its-

184 4355 238 4406 qne
249 4338 360 4403 ridetur
372 4352 432 4388 esse
441 4336 634 4397 anacoluthon,
647 4336 727 4401 qnasi

183 4408 366 4476 praecesserit
378 4397 395 4456 ὁ
405 4400 437 4456 di
451 4402 537 4471 λέγων
551 4419 616 4468 σφι,
631 4397 669 4463 ὥς
679 4402 728 4471 βα-

183 4474 278 4537 osteis
291 4468 505 4541 -ἐπιστείλειε,
519 4466 608 4526 οὐδέν
618 4491 645 4525 τι
657 4467 728 4525 ποίν-

782 1696 815 1758 V,
831 1694 874 1746 34.
887 1693 921 1745 db
934 1695 1025 1759 ibique
1040 1699 1109 1746 nott.
1138 1694 1205 1760 Ipsa
1217 1701 1325 1747 senten-

782 1766 823 1814 tia
836 1763 909 1814 hand
930 1764 1061 1815 obscura:
1085 1766 1197 1829 qrcomois
1210 1765 1271 1817 nibil
1281 1766 1326 1814 du-

780 1835 887 1885 iosmodi
903 1837 998 1884 αιυίιιυ
1021 1848 1072 1884 rec
1089 1838 1169 1884 animo
1190 1839 1324 1900 spirasset,

780 1913 861 1955 tumeo
872 1904 948 1955 Iones
962 1905 1094 1956 deterruit.
1120 1904 1161 1955 De
1172 1904 1255 1955 verbo
1266 1900 1322 1953 δει-

780 1970 903 2037 ματοῦν,
922 1975 951 2023 iu
972 1973 1082 2037 optimis
1093 1973 1243 2039 quibusque
1256 1975 1322 2025 scri-

781 2043 903 2109 ptoribus
916 2043 1012 2102 obvio,
1026 2043 1082 2093 vid.
1096 2043 1230 2096 Thesaur.
1242 2045 1322 2114 Ling.

782 2112 827 2163 Gr.
843 2114 881 2163 Il.
895 2128 957 2181 pag.
974 2112 1025 2163 947
1038 2112 1080 2165 ed.
1095 2112 1225 2164 Diodori.

986 2285 1052 2335 Car.
1071 2284 1119 2335 lV.

815 2379 856 2433 δι’
869 2374 987 2449 ἀγγέλου
1000 2379 1180 2452 ποιεόμενος]
1201 2388 1219 2441 ἰ,
1235 2403 1258 2439 e.
1274 2404 1323 2451 ρει·

779 2458 887 2507 nuntium
897 2472 985 2521 opens.
1011 2458 1053 2507 De
1066 2456 1202 2508 locutione
1219 2459 1323 2508 excitat

780 2524 1233 2588 Wesseling.Herodot.VIIl,134.
1247 2528 1321 2577 Hinc

776 2594 835 2645 noli
846 2609 906 2645 curu
916 2596 1029 2646 Reiskio
1041 2596 1160 2646 scribere
1172 2590 1321 2660 dsciypeicv

776 2655 955 2728 ποιεόμενος.
986 2666 1025 2715 Ae
1038 2666 1148 2715 videtur
1166 2659 1321 2729 διάγγελυς,

776 2749 831 2800 qna
840 2750 908 2784 voce
917 2749 944 2783 v.
955 2750 979 2783 c.
991 2736 1080 2785 utitur
1090 2733 1230 2785 Plutarch.
1240 2735 1321 2786 Galb.

776 2820 802 2868 p.
819 2803 922 2853 loeas.
936 2801 1008 2868 (cap.
1018 2806 1053 2855 24
1063 2803 1113 2868 iu.)
1127 2803 1269 2854 etMorsll.
1281 2804 1319 2855 ΙΙ.

778 2890 804 2939 p.
813 2874 917 2934 (5781),,
928 2872 963 2921 ad
972 2873 1106 2925 Herodoti
1116 2877 1236 2923 aetatem
1247 2874 1320 2924 haud

777 2944 923 3009 pertinere.
937 2971 969 2981 -
990 2945 1032 2993 De
1051 2945 1191 2994 Atarneusi
1209 2944 1319 3008 regione

778 3013 848 3063 coni.
863 3018 932 3063 nott.
946 3012 982 3062 ad
995 3014 1024 3076 Ι,
1042 3013 1100 3064 160.
1137 3012 1242 3077 Scripsi
1257 3029 1318 3064 curu

777 3083 864 3133 Beklr.
882 3076 1058 3144 Ἀταρνείτετο
1075 3098 1124 3147 pro
1138 3082 1212 3147 vulg.
1228 3072 1319 3143 ’Λταρ-

779 3147 906 3213 veteru,
924 3152 1057 3215 probante
1078 3151 1196 3204 Bredor.
1214 3167 1241 3216 p.
1259 3152 1318 3204 190.

778 3221 854 3271 inira
864 3223 912 3281 Vl,
923 3219 957 3269 29
964 3212 1175 3283 Ἀταρνείτιδος.
1195 3222 1259 3273 Mox
1269 3237 1318 3287 pro

776 3291 850 3356 vulg.
868 3287 1041 3355 petitionum
1058 3295 1172 3342 recentt.
1184 3291 1244 3341 edd.
1255 3292 1321 3341 scri-

777 3361 822 3426 psi
833 3356 936 3427 βιβλιά,
949 3363 980 3409 ut
994 3362 1027 3422 V,
1043 3360 1085 3414 58.
1099 3360 1147 3410 ubi
1162 3360 1218 3409 vid.
1233 3365 1302 3411 nott.

811 3419 850 3486 oie
867 3423 1194 3493 προλελεσχηνευμένων]
1214 3430 1232 3479 i.
1247 3448 1271 3482 e.
1287 3447 1320 3480 ιιο

776 3499 801 3549 si
817 3515 870 3549 εισιι
882 3501 946 3561 ipsis
966 3499 998 3549 de
1016 3499 1155 3563 desectione
1174 3508 1252 3550 anteo
1265 3516 1319 3549 ser-

776 3585 860 3619 mones
876 3572 1013 3619 miscuisset
1029 3585 1052 3618 s.
1067 3570 1220 3619 contulisset.
1252 3570 1319 3620 Ver·
1414 3580 1421 3591 ·

777 3638 840 3688 bum
858 3630 1037 3701 λεσχηνεύειν
1056 3654 1089 3687 ex
1108 3642 1233 3702 Appiano
1248 3639 1315 3688 Bell.

777 3709 830 3758 civ.
846 3708 889 3769 Il,
907 3706 949 3757 ill.
965 3707 1043 3757 affert
1058 3707 1208 3772 Schweigh.
1224 3710 1251 3757 iu
1268 3710 1320 3758 Le·

776 3779 829 3828 xic.
840 3777 941 3828 Herod.
954 3776 990 3826 lI.
1001 3793 1062 3841 pag.
1073 3777 1132 3829 ⁶238.
1155 3777 1223 3828 Add.
1234 3779 1318 3828 etiam

776 3851 846 3897 nott.
860 3846 896 3897 sd
909 3847 931 3909 I,
952 3847 1007 3896 153.
1035 3849 1096 3897 Vox
1106 3840 1261 3912 πρόλεσχος
1273 3863 1318 3899 oe-

778 3918 864 3968 currit
885 3916 915 3966 iu
939 3915 1068 3979 Aeschyli
1091 3916 1186 3982 Suppl.
1207 3916 1268 3968 208.
1283 3943 1317 3954 -

777 3986 921 4036 Caeterum
941 4001 1004 4036 cum
1021 3991 1082 4036 tota
1095 3985 1147 4036 bac
1161 3987 1319 4037 narratione

778 4058 906 4107 convenit
933 4054 975 4116 id,
1004 4056 1077 4120 quod
1102 4056 1175 4121 apud
1198 4056 1316 4107 Aeuom

777 4126 882 4176 'l'setic
906 4140 968 4188 cap.
991 4126 1020 4176 31
1049 4125 1195 4177 Poliorcet.
1224 4141 1318 4175 narra-

778 4201 822 4246 tur
844 4195 877 4245 de
899 4196 966 4246 urbe
990 4195 1108 4261 quadem
1131 4196 1258 4256 obsessa,
1289 4198 1317 4243 in

776 4281 857 4331 qnam
875 4266 923 4330 qui
943 4279 1003 4315 coru
1023 4265 1111 4316 literis
1128 4270 1188 4315 erat
1206 4266 1317 4323 missus,

776 4332 828 4386 bns
850 4350 904 4385 non
927 4336 1074 4400 proditori,
1099 4336 1145 4385 cui
1162 4332 1318 4384 afferendae

778 4411 872 4465 eraut,
891 4404 1020 4465 tradidit,
1038 4405 1086 4455 sed
1103 4403 1137 4453 ad
1152 4403 1227 4453 urbis
1240 4418 1318 4467 prae·

777 4475 879 4526 sectum
898 4475 1031 4527 accedens
1049 4473 1176 4524 tradidit:
1194 4474 1240 4538 qui
1256 4472 1317 4523 lite·
