3008 5128
427 367 796 432 TERPSIOHORE.
816 367 855 429 V.
880 375 924 433 57.
943 378 987 433 58.
1233 367 1273 428 95

140 544 236 625 ξαντο
250 543 365 630 σφέων
378 538 492 611 αὐτῶν
511 542 599 612 εἶναι
619 543 792 632 πολιήτας,
812 538 876 628 [οὐ]
890 543 1025 610 πολλῶν
1044 539 1273 612 ercensinda

138 642 371 735 ἀξιαπηγήτων
390 642 602 729 ἐπιτάξαντες
621 654 788 736 ἔργεσθαι.
834 651 880 714 Ol
897 646 934 714 dt
955 653 1109 726 Φοίνικες
1129 637 1222 715 οὗτοι
1242 651 1276 714 oi
1281 664 1320 725 58

138 749 202 817 σύν
230 749 358 842 Κάδμῳ
384 746 581 839 ἀπικόμενοι
588 803 598 839 ,
626 750 700 820 ’τῶν
726 742 813 840 ήσαν
839 753 875 817 ολ
896 757 1100 839 Γεφυραῖοι,
1128 747 1212 818 ἄλλα
1238 777 1273 818 τε

137 851 260 940 πολλὰ,
281 854 473 944 οἰκήσαντες
487 854 611 943 ταύτην
625 852 686 945 τήν
698 855 830 945 χώρην,
852 848 1014 942 ἐσήγαγον
1029 852 1226 922 διδασκάλια
1242 850 1276 933 ἒς

137 955 215 1036 τοὺς
226 953 388 1046 Ἕλληνας
407 960 464 1027 καλ
484 955 525 1048 δή
547 962 604 1028 καλ
622 958 814 1049 γράμματα,
834 954 895 1026 οὐκ
917 953 1014 1027 ε’όντοι
1035 960 1116 1048 πρὶν
1126 954 1274 1045 Ἕλλησι,

138 1057 182 1141 ὦς
196 1057 270 1149 ε’μολ
285 1062 431 1133 δοκέειν·
460 1067 575 1153 πρῶτοι
593 1064 656 1153 μὲν
675 1079 760 1133 τοῖσι
774 1064 830 1133 καλ
850 1059 994 1142 ἅπαντες
1015 1054 1177 1152 χρέωνται
1193 1069 1272 1130 Φοί-

138 1243 203 1277 nam
220 1243 288 1279 vero
309 1229 370 1279 iura
393 1228 462 1281 haee
484 1232 546 1297 ipsa
568 1230 680 1295 fuerint,
730 1231 766 1280 ba
783 1229 892 1280 adiecta
912 1244 930 1278 a
949 1233 1028 1295 patre
1046 1228 1194 1290 historiae,
1212 1245 1273 1279 curn

137 1298 237 1364 quibus
248 1297 352 1350 exclusi
364 1300 466 1351 fuerint
479 1300 643 1367 (saphyram,
656 1303 681 1352 si
730 1299 773 1350 vel
786 1302 940 1365 antiquitus
953 1315 1008 1349 non
1020 1299 1155 1359 deessent,
1167 1300 1215 1363 qui
1224 1300 1275 1349 Pe·

137 1383 265 1433 quaeras,
278 1368 314 1419 ad
327 1386 406 1420 sacra
416 1372 579 1436 pertinuisse
592 1372 680 1437 suspi-
729 1369 816 1435 lasgis
826 1371 940 1435 aliisque
954 1370 1086 1420 Graeciae
1102 1372 1230 1433 gentibus
1243 1369 1274 1416 li-

138 1446 251 1488 corant
270 1438 341 1491 alias
359 1455 403 1490 res
421 1442 538 1491 minores
560 1457 619 1491 cum
635 1441 679 1490 his
729 1445 849 1491 terarum
869 1439 1016 1504 primordia
1034 1438 1078 1490 rel
1102 1444 1166 1488 ante
1181 1438 1275 1487 Cadmi

137 1509 314 1572 coniunctas,
328 1525 416 1575 eoque
427 1516 552 1575 spectare
569 1510 678 1561 credam
729 1511 758 1559 in
775 1510 919 1561 Graeciam
940 1510 1088 1559 adventum
1104 1509 1217 1572 cognita
1234 1509 1275 1558 fu-

135 1578 232 1628 Nostri
245 1579 406 1642 verbaV‚ltl
420 1580 680 1647 deGephyraeorum
730 1581 786 1629 isse
801 1581 934 1631 dicerent.
963 1578 1101 1629 Diodorus
1114 1579 1173 1640 lll,
1186 1578 1221 1628 66
1241 1593 1275 1628 ex

135 1647 386 1714 nerisloqnentis‚
401 1650 550 1715 quaenihil
564 1666 682 1702 eommu-
730 1651 864 1714 Dionysio
888 1648 986 1712 refert,
1010 1649 1110 1699 Linum
1132 1648 1228 1697 literas
1257 1664 1275 1698 a

135 1734 170 1768 ne
185 1718 306 1769 habeant
325 1736 386 1770 cum
403 1719 516 1785 reliquie
534 1721 681 1772 athenien·
732 1719 835 1769 Cadmo
848 1718 1022 1770 ePhoenicia
1032 1718 1132 1768 allatas
1146 1718 1182 1767 ad
1192 1719 1275 1768 Grue-

135 1788 207 1837 siam
217 1790 371 1852 sacris,sed
381 1790 494 1841 multum
503 1791 538 1840 ab
549 1791 591 1842 his
602 1782 682 1856 sepcss
731 1805 825 1840 eorum
837 1788 985 1839 dialectum
996 1790 1210 1839 transformasse
1222 1782 1275 1851 (εἰς

135 1862 199 1908 rata
215 1859 280 1909 sint.
315 1860 395 1922 Quod
414 1861 485 1910 enim
498 1860 600 1911 Preller
614 1861 681 1926 (De-
730 1854 784 1924 τήν
798 1853 966 1924 Ἑλληνικήν
990 1859 1159 1923 μεταθεῖναι
1183 1855 1275 1907 διαλε-

137 1933 201 1978 met.
213 1944 242 1979 u.
254 1928 382 1994 Persepb.
395 1945 458 1995 pag.
469 1929 532 1996 394)
545 1931 681 1981 Herodoti
731 1928 811 1994 κτον)
826 1944 959 1995 suumque
969 1929 1084 1996 singulis
1097 1929 1275 1980 constituisse

136 1999 221 2047 rerba
245 2002 286 2048 sic
306 1999 421 2065 accipit,
446 2006 477 2050 ut
497 2001 680 2052 Athenienses

136 2067 306 2132 Gephyraeis
324 2071 490 2120 iniunxerint
506 2077 615 2135 pontem
637 2086 682 2121 su-

135 2154 185 2203 per
203 2138 353 2202 Cephisum
371 2140 467 2203 (cuius
487 2140 598 2192 accolae
624 2141 680 2191 fue-

135 2208 202 2271 rint)
221 2209 428 2267 exstruendum.
444 2211 498 2259 vim
514 2212 590 2261 verbi
607 2203 681 2273 ἔαγε·

136 2277 205 2326 σθαι
214 2277 300 2343 (quod
309 2279 466 2331 Herodotoo
479 2296 552 2332 more
564 2296 612 2346 pro
625 2280 680 2343 εἴρ-

135 2347 240 2411 γεσθαι
251 2347 305 2398 dici
315 2354 441 2400 constat:
455 2351 510 2403 rid.
521 2352 637 2402 Bredor.
650 2366 677 2416 p.

137 2418 188 2470 153
200 2415 272 2484 seq.)
292 2417 366 2469 haud
382 2424 457 2469 recte
473 2422 627 2487 percepisse
640 2420 679 2470 ri-

135 2488 224 2538 detor.
233 2488 681 2556 Necmagisplacent,quae1(lau·

134 2573 193 2607 sen.
206 2558 329 2622 (Aeneas
341 2575 368 2609 u.
382 2560 427 2608 die
439 2560 535 2611 Penat.
551 2576 614 2627 pag.
630 2559 680 2610 146

136 2644 194 2693 seq.
212 2628 265 2678 947
284 2628 374 2695 seqq.)
395 2630 563 2695 excogitavit
581 2633 614 2682 de
629 2630 682 2680 Ge-

134 2696 284 2763 phyraeis‚
305 2714 373 2764 quos
391 2700 420 2750 in
439 2715 505 2765 agro
519 2701 681 2765 'Panagraeo

135 2768 298 2819 habitantes
313 2773 342 2818 et
362 2770 485 2834 pontium
506 2771 682 2822 exstruendo·

135 2854 194 2887 rum
207 2843 269 2888 arte
288 2838 451 2890 excellentes
468 2841 590 2891 Athenas
603 2856 684 2891 voca·

135 2913 182 2959 tos
200 2924 263 2959 esse
286 2908 362 2970 vult,
391 2917 422 2960 ut
439 2910 554 2975 Cephiso
573 2916 684 2976 pontem

136 2979 310 3043 imponerent
326 2994 441 3045 eumque
459 2982 619 3032 ceremoniis
644 2980 683 3030 sa·

135 3049 243 3100 ciendis
255 3053 406 3100 tuerentur.
429 3052 506 3112 Quae
520 3051 612 3101 omnia
624 3049 683 3101 lon-

134 3134 171 3183 ge
189 3119 226 3168 ab
245 3118 382 3170 Herodoti
396 3120 487 3171 verbis
504 3121 601 3172 abesse
621 3136 684 3172 cen-

133 3203 240 3243 seruus.

321 3360 387 3412 Car.
402 3363 503 3413 LVIII.

171 3454 313 3529 ἐσήγαγον
340 3459 523 3531 διδασκάλια]
556 3467 589 3516 In
614 3467 682 3517 San·

133 3532 506 3599 croltilibredtduoauleior3
520 3536 601 3588 male.
620 3537 681 3586 Vid.

132 3604 255 3656 Bredor.
277 3622 339 3671 pag.
360 3606 410 3658 182
430 3612 457 3657 et
478 3606 550 3657 conf.
570 3606 683 3657 Suidam

135 3676 168 3737 1,
190 3690 254 3740 pag.
270 3676 322 3726 573
340 3670 538 3727 διδασκάλων·
561 3666 630 3725 αὐτὰ
651 3669 684 3725 τὸ

133 3739 272 3808 μάθημα.
305 3745 366 3807 Qua
381 3746 476 3797 eadem
494 3748 642 3810 druciplinue
662 3762 685 3801 s.

133 3817 302 3881 ropaiiiom'e,
326 3817 456 3868 doetrinae
485 3816 685 3881 significatione

132 3884 684 3950 idemvocabulum,monentedbreschio‚

134 3954 251 4005 obrinrn
273 3957 348 4021 apud
366 3956 451 4007 Basil.
473 3955 575 4007 Homil.
591 3957 636 4007 ΙΙΙ
657 3959 685 4006 in

132 4025 274 4080 Heraens.
292 4041 354 4091 pag.
366 4028 400 4077 ‘28
413 4027 444 4080 C.
460 4033 487 4077 et
498 4025 598 4078 Homil.
609 4029 643 4082 V.
657 4043 683 4092 p.

132 4094 174 4145 43
187 4096 222 4145 Ε.
247 4097 321 4145 ilinc
343 4096 452 4146 minime
474 4111 542 4162 opus
556 4111 617 4147 cnm
630 4098 685 4148 Lu·

131 4164 240 4247 dolpho
256 4166 408 4216 rescribere
421 4162 614 4223 διδασκαλίας.

174 4250 214 4292 ως
226 4227 289 4299 λμολ
303 4230 426 4302 δοκέειν]
451 4235 621 4302 Reliqnimns
636 4234 684 4286 δο-

133 4297 229 4369 κέειν,
242 4305 322 4356 cuins
336 4305 398 4356 loco
412 4306 551 4357 Sancroiti
564 4307 632 4357 liber
646 4307 687 4357 oi-

133 4373 194 4426 fert
211 4369 317 4427 δοκέει.
348 4377 387 4426 st
402 4376 459 4427 vid.
473 4378 512 4440 V,
534 4377 568 4428 65
588 4377 626 4428 in.
640 4377 684 4430 69.

134 4446 200 4501 init.
215 4447 268 4512 96,
281 4444 359 4499 alibi.
386 4445 457 4499 Sunt
466 4462 531 4499 vero
544 4446 611 4499 haec
625 4462 686 4501 ver·

731 2015 827 2050 nomen
870 2000 1096 2064 characteresqne
1134 1997 1274 2050 effinxisse

732 2067 950 2135 (διατοπιδσαι)ς
964 2071 1035 2120 unde
1048 2074 1143 2120 literas
1156 2085 1275 2120 cominu·

730 2141 760 2189 ni
777 2140 885 2204 quidem
901 2140 1092 2191 Phoeniciorum
1113 2139 1274 2204 appellatio-

731 2225 765 2260 ne
776 2209 985 2274 comprehendi,
1007 2210 1078 2274 quod
1100 2210 1135 2258 ad
1153 2211 1273 2260 Graecos

730 2297 745 2330 e
767 2279 917 2330 Phoenicia
944 2280 1046 2329 inerint
1072 2278 1189 2342 allatae,
1226 2280 1274 2328 sed

730 2355 828 2415 postea
849 2350 980 2414 peculiari
992 2350 1194 2412 Pelaspr'cnrum,
1213 2364 1275 2398 oum

730 2419 807 2469 hisce
838 2418 1044 2469 characteribus
1068 2418 1275 2468 transformatis

730 2490 810 2554 primi
827 2490 884 2539 sint
905 2491 949 2539 usi
971 2489 1089 2552 Pelasgi.
1121 2490 1153 2537 ln
1175 2489 1275 2552 quibus

730 2560 816 2610 verba
836 2558 914 2609 modo
931 2560 1018 2609 allata
1033 2554 1074 2615 εἰς
1090 2551 1277 2622 τὴνἙλλήνι-

732 2621 788 2693 κήν
813 2629 982 2691 μεταθεῖναι
1005 2624 1153 2677 διάλεκτον
1177 2629 1217 2677 ita
1235 2630 1275 2676 in-

733 2700 820 2764 telligi
838 2699 898 2749 vult
916 2701 1044 2751 Perizon.
1064 2699 1098 2748 ad
1118 2698 1224 2748 helian.
1240 2700 1273 2748 V.

735 2772 768 2820 ll.
783 2769 841 2832 ΙΙΙ,
855 2769 904 2833 32,
920 2776 952 2819 ut
970 2772 1150 2820 dirasduras
1164 2769 1275 2820 Ρνηλιοε

732 2842 759 2889 in
775 2840 899 2890 Graecam
915 2843 1023 2905 lippeam
1039 2842 1172 2889 contuierr't
1186 2846 1277 2901 apton-

733 2910 765 2959 ιλο
777 2911 809 2959 iis
818 2911 925 2975 aquaram
937 2919 962 2960 et
974 2913 1179 2975 appellationem:
1193 2910 1232 2958 ita
1245 2914 1276 2958 ut

733 2980 848 3029 Diodori
858 2982 993 3042 narratio,
1004 2981 1029 3030 si
1041 2982 1105 3045 quid
1118 2979 1218 3030 habeat
1232 2994 1276 3028 ve·

732 3051 764 3112 ri,
776 3048 808 3100 de
820 3050 907 3115 figura
916 3051 1058 3100 literarum
1071 3052 1224 3115 accipiatur
1235 3048 1276 3097 in-

732 3134 812 3170 verse
827 3123 862 3169 ab
877 3123 989 3171 sinistra
1012 3122 1041 3169 in
1060 3121 1183 3171 dextram
1196 3134 1276 3170 secus

733 3205 812 3254 quam
825 3197 972 3241 exarantur
990 3192 1085 3241 literae
1099 3190 1276 3251 Phoenicius,

732 3275 814 3326 quam
831 3260 917 3310 solam
936 3264 965 3311 in
988 3260 1075 3313 literis
1095 3276 1110 3310 e
1128 3259 1277 3310 Phoenicia

732 3329 824 3380 allatis
836 3332 1017 3382 mutationem
1027 3347 1044 3381 a
1053 3331 1165 3381 Graecis
1176 3331 1276 3380 tactam

733 3415 794 3452 esse
803 3401 908 3451 iudicat
919 3402 1088 3452 Perizonius.
1104 3402 1193 3466 Atque
1204 3399 1276 3448 hand

733 3471 790 3522 scio
810 3484 845 3520 an
867 3486 899 3521 eo
917 3477 1043 3537 spectent
1064 3471 1159 3520 Nostri
1179 3470 1277 3520 verba:

733 3532 885 3607 μετέβαλον
915 3537 963 3590 καλ
995 3535 1047 3590 τὸν
1074 3531 1189 3604 ῥυθμὸν
1220 3538 1277 3587 rods

733 3603 913 3675 γραμμάτων,
932 3616 961 3662 et
982 3611 1152 3677 paulopost:
1178 3623 1278 3674 μεταρ-

736 3679 929 3745 ρυθμίσαντες
946 3695 1041 3743 σφεων
1066 3676 1148 3744 ὀλίγα
1167 3695 1192 3731 κ.
1210 3695 1233 3728 τ.
1252 3679 1276 3731 λ.

735 3754 811 3814 Quae
826 3751 889 3801 dein
908 3752 941 3801 de
955 3752 1105 3816 Pelasgicis
1123 3752 1209 3800 literis
1230 3749 1278 3799 ud·

736 3822 798 3871 iicit
805 3820 943 3872 Diodorus
954 3822 973 3872 l.
984 3823 1011 3882 1.,
1024 3824 1095 3871 iniis
1107 3820 1207 3872 falsum
1218 3834 1279 3870 esse

735 3897 784 3941 aut
804 3891 954 3942 Diodorum
974 3896 1024 3942 aut
1046 3908 1126 3958 quem
1156 3892 1278 3957 seqnitur

734 3962 911 4026 Dionysium,
934 3968 1052 4012 annotat
1071 3961 1278 4026 Wesselingins.

734 4031 777 4081 Ad
794 4033 964 4082 Herodotum
982 4037 1014 4082 ut
1035 4038 1170 4093 revertar,
1187 4030 1278 4080 verbis

735 4092 774 4159 ὡς
792 4093 855 4165 ἐμοὶ
874 4098 985 4151 δοκέειν
1004 4103 1119 4154 adiectis
1136 4099 1278 4153 Nitnschio

735 4186 843 4236 quoque
856 4170 1041 4237 (DeHistoria
1051 4175 1162 4223 Homer.
1174 4172 1197 4221 Ι.
1214 4185 1275 4234 pag.

736 4242 770 4293 78
781 4257 838 4307 seq.
851 4241 896 4308 80)
912 4243 958 4293 ille
970 4244 1080 4294 videtur
1091 4258 1145 4292 non
1158 4242 1218 4306 ipse
1231 4239 1279 4288 du-

735 4312 857 4362 bitanter
876 4313 1013 4377 indicare,
1035 4315 1081 4364 sed
1096 4316 1192 4363 contra
1210 4309 1279 4360 alios

737 4383 868 4448 quosdam
882 4385 1056 4441 contendere,
1070 4384 1167 4449 quibus
1180 4382 1279 4431 Graeci

738 4454 793 4503 iam
811 4458 875 4505 ante
896 4469 976 4521 qnam
996 4454 1114 4506 Cadmus
1129 4453 1279 4504 Phoenices
