3048 5130
493 394 671 483 nenio.
694 421 748 483 vn
772 427 814 486 a.
837 432 882 487 aa

1194 421 1255 486 265

140 588 302 674 ύςούθιίς
325 593 458 679 ἐκύλιε,
487 597 704 682 ἐκτρύπουται
733 592 786 667 ἐπ’
808 593 991 685 Ἀθηνέων.
1032 591 1086 666 'Eu
1115 595 1153 668 dl
1179 603 1253 687 trior
1263 613 1303 677 35

135 695 284 787 Ἀθήνησι
312 704 493 785 τηνικαῦτα
521 700 587 788 εἶχε
615 702 678 789 μὲν
702 699 740 770 τὸ
766 705 833 771 πᾶν
858 700 979 788 κράτος
1005 707 1253 789 Πεισίστρατος,

137 800 211 889 circio
230 801 430 873 ἐδυνάστευε
452 805 508 872 καί
530 804 719 893 Μιλτιάδης
739 804 757 875 ὁ
780 806 958 889 Κυψέλου,
989 803 1054 874 dciv
1076 811 1183 893 οἰκίης
1203 833 1255 874 τε·

137 903 404 995 θριπποτρόφου,
424 905 464 976 rol
482 907 544 995 μὲν
564 906 732 979 ἀνέκαθεν
750 905 811 978 ἄπ’
834 913 965 977 Αἰακοῦ
985 935 1021 978 τε
1041 910 1095 977 καί
1116 915 1257 997 Αἰγίνης

137 1007 288 1095 γεγονώς,
309 1007 350 1107 τὰ
365 1007 402 1080 dl
417 1009 562 1097 νεώτερα
574 1009 768 1100 Ἀθηναῖος,
789 1019 931 1081 Φιλαίου
948 1016 1007 1081 τοῦ
1022 1021 1165 1092 Αἰαυτος
1180 1040 1256 1081 παι-

137 1109 202 1194 δὸς,
221 1116 405 1199 γευομένου
423 1113 558 1201 πρύτου
577 1120 635 1203 τῆς
656 1122 762 1203 οἰκίης
782 1112 903 1202 ταύτης
923 1111 1113 1204 Ἀθηναίου.
1152 1106 1259 1196 Οὗτος

136 1212 374 1313 Μιλτιάδης,
402 1218 585 1306 κατήμενος
605 1221 642 1287 ἰν
667 1234 753 1289 τοῖσι
773 1217 975 1306 προθύροισι
1004 1234 1088 1288 τοῖσι
1118 1221 1257 1305 ἑωυτοῦ,

191 1478 196 1487 ·
296 1448 365 1504 Une.
384 1454 495 1507 XXXV.

165 1551 318 1619 τηνικαῦτα
337 1550 394 1621 εἶχε
412 1554 464 1620 μὲν
482 1550 513 1607 ro'
529 1555 588 1608 πᾶν
602 1551 668 1621 κρύ-

136 1638 177 1683 τος
192 1622 412 1691 Πεισίστρατος]
440 1627 500 1678 Hoc
511 1629 631 1682 Voemel.
648 1628 665 1677 l.

134 1692 151 1744 l.
159 1710 220 1760 pag.
236 1695 267 1744 1³
283 1712 343 1761 seq.
365 1696 450 1748 refert
463 1697 498 1748 ab
511 1696 666 1764 Olympiad.

136 1764 213 1824 bV,l
233 1766 291 1815 sive
307 1766 363 1818 566
376 1771 440 1817 ante
453 1765 514 1819 Chr.
538 1784 564 1818 n.
595 1768 666 1819 Add.

135 1832 237 1884 Fischer
253 1834 270 1885 l.
287 1835 306 1888 I.
322 1851 388 1901 pag.
403 1835 461 1918 ten
491 1836 569 1956 Im
581 1837 669 1916 couti·

136 1911 370 2038 ttttfrrtt‘lt
390 1904 668 2038 16611661

135 2041 261 2094 Medioaus
274 2060 339 2095 cum
354 2045 460 2095 duobus
473 2046 536 2096 aliis
546 2053 610 2099 ante
619 2041 668 2096 καὶ

136 2114 247 2162 inremnt
260 2126 297 2172 rr,
313 2115 388 2180 quod
402 2116 554 2167 Lercherus
568 2117 669 2167 mutari

135 2178 212 2231 soluit
223 2183 250 2232 in
270 2198 307 2232 τι.
345 2183 415 2233 Mihi
427 2190 551 2235 neutrum
568 2187 666 2251 placet.

135 2250 170 2301 Id
178 2251 401 2316 significationem
412 2254 488 2305 verbi
501 2244 667 2306 ἐδυνάστευε

135 2320 164 2370 ci.
178 2322 209 2384 V,
221 2322 255 2373 97
271 2323 367 2389 ibique
381 2327 451 2378 nott.

163 2380 213 2438 htv
224 2385 320 2456 οἰκίης
333 2383 604 2457 τεθριπποτρόφου]
622 2394 670 2443 ht·

135 2458 190 2523 tigit
203 2466 297 2512 auctor
313 2463 470 2527 argumenti
489 2462 515 2511 in
530 2462 667 2527 christoph.

135 2528 212 2579 Nubb.
243 2533 286 2582 Tu
298 2530 374 2582 adde
391 2532 429 2583 sia
445 2546 553 2597 quoque
566 2532 667 2584 Herod.

136 2595 180 2658 VI,
194 2600 254 2650 125:
283 2594 299 2649 ὁ
321 2592 474 2662 Ἀλκμαίων
493 2587 578 2657 odron
593 2589 668 2652 ούτω

135 2664 420 2734 τεθριπποτροφήσας
430 2685 456 2722 κ.
466 2685 489 2721 τ.
502 2670 525 2721 λ.
547 2669 614 2721 Cum
625 2689 669 2723 re·

136 2750 160 2784 ro
173 2738 239 2802 apud
253 2738 379 2790 Graecos
399 2740 471 2791 alere
485 2754 568 2806 equos
581 2741 616 2791 ad
628 2740 669 2791 lu·

135 2804 177 2856 doe
193 2805 328 2860 solemnes
355 2808 513 2874 plerumque
537 2826 591 2859 nou
615 2811 669 2859 nisi

137 2890 270 2936 paucorum
285 2882 373 2941 esset,
383 2881 431 2944 qui
443 2878 548 2930 divitiis
561 2880 669 2944 opibus-

137 2958 180 3007 que
192 2947 260 2998 iuter
275 2952 405 2999 caeteros
420 2950 569 3000 eminerent
588 2954 670 3014 atque

136 3012 257 3068 eiusmodi
288 3017 390 3069 studiis
412 3018 592 3069 inclarescere
615 3018 670 3069 rel-

136 3081 196 3160 lent,
214 3087 304 3139 verbis
324 3077 381 3136 ἕύν
400 3083 494 3152 οἰκίης
511 3085 670 3149 τεθριππο-

135 3166 233 3217 ιροφου
249 3158 414 3223 scriptorem
429 3173 536 3224 quoque
551 3157 672 3208 declara-

135 3236 159 3271 re
169 3225 284 3278 voluisse
295 3233 423 3292 apparet,
437 3244 470 3278 ex
483 3227 670 3278 illustrissima

136 3305 165 3340 ao
180 3292 314 3346 ditissima
331 3302 413 3361 gente
431 3297 584 3347 Miltiadem
610 3313 669 3348 esse

136 3368 298 3425 prognatum.
328 3365 371 3417 De
381 3365 521 3417 Alcibiade
536 3366 609 3418 haud
623 3367 670 3418 ab·

137 3428 227 3482 cimilia
248 3440 399 3486 narrentur
421 3452 438 3485 a
467 3434 613 3487 Plutarcho
641 3437 669 3486 in

138 3499 188 3549 eius
201 3503 254 3555 Vit.
266 3520 329 3570 cap.
345 3505 398 3568 XI,
423 3505 469 3555 nbi
485 3504 541 3554 vid.
556 3511 671 3556 annota-

138 3568 227 3621 tionem
240 3589 302 3641 pag.
317 3576 376 3625 117.
409 3575 450 3626 De
463 3573 596 3625 Miltiadis
613 3591 670 3625 ma-

138 3637 231 3690 ioribus
246 3642 326 3708 plura
339 3642 443 3695 dabunt
461 3643 624 3708 interpretes
636 3644 671 3693 ad

139 3705 234 3762 Cornel.
249 3714 319 3778 Nep.
337 3713 394 3763 Vit.
408 3712 525 3767 Miltiad.
543 3713 554 3761 l
577 3713 670 3779 ibique

138 3773 201 3828 laud.
214 3807 246 3818 ·-·
267 3782 308 3832 Ad
323 3774 358 3830 rol
371 3775 514 3835 ἇνίκαθεν
529 3782 565 3833 ci.
581 3785 621 3844 V,
636 3784 670 3833 55

139 3844 221 3966 ἰιῑέἰηῖιυ
231 3855 301 3901 nott.
312 3869 319 3911 3
339 3853 374 3902 ad
384 3869 477 3904 vocem
490 3845 583 3916 οἰκίης
600 3855 669 3903 nott.

165 3974 217 4063 ῥυ
234 3982 341 4038 Αἰακοῦ
356 4002 385 4037 τε
403 3984 450 4036 καί
465 3985 582 4054 Αἰγίνης
596 4003 671 4054 guyo-

140 4053 205 4118 2111]
230 4058 272 4107 De
286 4061 390 4121 Aeaco,
404 4059 578 4109 celeberrimo
592 4061 671 4124 Aegi-

141 4137 186 4173 nae
201 4126 305 4178 insulae
321 4127 419 4189 heroli,
437 4128 484 4195 qui
500 4128 583 4191 vulgo
596 4130 671 4179 Iovis

141 4196 216 4254 atque
228 4196 350 4262 Aeginae
367 4200 395 4248 in
412 4197 527 4249 insulam
539 4198 672 4263 Aeginam

141 4260 259 4315 Phliunte
274 4265 355 4331 (teste
365 4267 446 4318 Diod.
460 4267 508 4329 lv,
522 4266 567 4332 72)
582 4273 671 4317 traus-

141 4328 208 4383 latae
219 4333 305 4385 iertur
316 4335 402 4399 filius,
419 4336 534 4402 plurima
547 4338 628 4387 affert
641 4336 670 4390 0.

143 4398 173 4450 0.
186 4403 304 4456 Mueller.
320 4406 455 4471 Aeginett.
468 4422 532 4472 pag.
545 4408 579 4457 22
595 4422 671 4473 seqq.

143 4467 198 4521 coll.
213 4474 243 4524 12
258 4490 332 4542 seqq.
347 4503 380 4513 -
399 4476 452 4538 Qui
463 4492 525 4527 mox
538 4478 573 4527 ab
586 4478 672 4528 Hero·

719 1420 784 1471 doto
804 1424 919 1471 vocetur
942 1416 1076 1482 Φιλαῖος,
1094 1419 1119 1470 ia
1139 1416 1258 1478 Φιίοιίας

718 1489 817 1541 dicitur
840 1505 857 1539 a
876 1489 1032 1555 Pherecyde
1049 1488 1123 1553 apud
1144 1489 1258 1541 Marcel-

718 1560 765 1610 lin.
790 1560 845 1609 vrt.
872 1558 1024 1623 Thucydid.
1049 1560 1109 1612 init.
1145 1560 1258 1610 Rectius

718 1629 791 1693 apud
803 1628 977 1679 Plutarchum
992 1630 1019 1678 in
1031 1627 1124 1679 Solon.
1138 1628 1179 1681 16,
1193 1644 1257 1695 pag.

718 1698 786 1750 631)
811 1696 927 1755 Φιλαῖος
950 1693 997 1748 καί
1020 1691 1190 1762 Εὐρυσάκης
1210 1714 1259 1749 vo·

719 1772 818 1819 cantur
829 1768 938 1817 Aientis
953 1767 1016 1828 iilii,
1033 1769 1127 1817 Attica
1144 1767 1259 1817 civitate

702 1838 825 1888 edonati.
863 1834 1052 1901 deliciolum,
1074 1836 1123 1887 filii
1142 1837 1258 1895 hiantis,

718 1907 790 1958 unde
807 1905 931 1972 degeidis
948 1907 1035 1958 tribua
1053 1906 1146 1958 demus
1162 1921 1260 1957 nomen

719 1976 835 2041 accepit,
854 1978 975 2026 meminit
990 1975 1259 2043 quoqueStephauus

718 2048 785 2110 Byr.
806 2061 828 2095 s.
844 2061 868 2094 v.
888 2042 1019 2096 driuides
1040 2062 1103 2112 pag.
1125 2045 1185 2097 740.
1216 2046 1259 2096 ru

718 2116 774 2169 vid.
786 2116 909 2179 inprimis
919 2117 1038 2169 Pausen.
1049 2116 1073 2180 I,
1085 2115 1127 2168 35,
1140 2119 1165 2179 ς.
1177 2117 1193 2165 2
1207 2115 1258 2165 ibi-

719 2201 770 2250 que
785 2183 897 2237 Sicbelis
917 2202 979 2251 pag.
1003 2186 1059 2238 129.
1093 2185 1173 2236 Unde
1192 2185 1259 2251 Ler-

719 2255 814 2305 eherus
824 2254 894 2304 hanc
902 2256 1087 2321 genealogiam
1099 2256 1259 2306 constituIt:

719 2323 856 2388 Phileous,
872 2324 987 2375 Daiclns
1001 2340 1023 2374 s.
1035 2323 1144 2385 declae,
1160 2323 1261 2389 Epidy-

719 2409 777 2455 cns,
792 2395 916 2455 Acestor,
930 2395 1048 2460 Agenor,
1062 2393 1150 2454 Olina,
1162 2394 1260 2457 Lyoes,

719 2463 852 2528 Typhon,
866 2463 962 2527 Laius,
979 2464 1150 2528 Agamestor,
1162 2463 1261 2512 Tisan-

721 2532 776 2591 der,
789 2531 980 2595 Hippoclides,
996 2531 1143 2593 Miltiades,
1160 2530 1261 2595 Cypse-

719 2601 778 2663 lus,
807 2600 960 2663 Miltiades,
986 2603 1033 2666 qui
1063 2600 1262 2652 Chersonesum

719 2669 867 2721 condidit*
885 2671 917 2720 In
931 2686 984 2736 qua
999 2675 1089 2721 tamen
1101 2669 1262 2735 genealogia

720 2745 776 2790 tres
786 2732 883 2804 γενεὰς
892 2739 987 2791 deesse
996 2739 1067 2790 idem
1078 2741 1193 2798 monuit,
1201 2755 1261 2789 cum

721 2826 738 2859 a
756 2825 822 2860 nece
835 2808 926 2859 iliacis
940 2807 1021 2872 (1270
1039 2824 1064 2858 a.
1079 2808 1143 2862 Chr.
1159 2808 1199 2874 n.)
1217 2825 1263 2858 us·

721 2895 772 2944 que
786 2878 821 2927 ad
833 2877 983 2928 Miltiadem
997 2884 1091 2928 netum
1105 2879 1161 2929 sint
1175 2877 1261 2942 elapsi

722 2949 785 2999 anni
798 2947 860 3007 670,
876 2949 923 3013 qni
937 2949 1035 3014 viginti
1050 2939 1147 3012 γενεὰς
1162 2949 1262 2998 consti-

721 3021 810 3067 tuant.
840 3018 1016 3081 Pausaniam,
1031 3019 1078 3083 qui
1089 3016 1137 3080 VI,
1153 3016 1194 3069 19.
1206 3021 1230 3080 ς.
1244 3016 1261 3067 6

720 3087 889 3147 Mlltiadem,
903 3088 1008 3139 cunonis
1021 3089 1111 3151 filium,
1127 3087 1262 3138 condidis-

721 3173 751 3207 se
766 3156 961 3206 Chersonesum
976 3158 1075 3221 tradit,
1089 3155 1187 3206 salsum
1202 3172 1262 3207 osae

720 3227 790 3277 idem
804 3227 904 3276 statuit
912 3227 1075 3285 Lcreherus,
1086 3226 1203 3291 itemque
1212 3226 1262 3276 Ac-

720 3296 823 3346 Iiauum
842 3298 875 3349 V.
890 3295 927 3345 H.
944 3295 1011 3359 XII,
1031 3294 1064 3346 35
1086 3301 1141 3346 tres
1160 3294 1262 3345 Miltia-

721 3366 769 3417 des
782 3368 995 3415 enumerantem.

755 3426 786 3483 ἒν
803 3436 877 3483 τοῖσι
893 3425 1079 3498 προθύροισι]
1107 3433 1157 3482 His
1171 3432 1262 3484 verbis

721 3519 781 3556 eum
792 3504 881 3555 locum
901 3503 1016 3555 indicari
1031 3509 1112 3566 puto,
1133 3502 1180 3567 qui
1197 3507 1262 3551 ante

721 3570 1263 3707 intristilitterati?:ht

721 3705 812 3776 θύρα)
837 3711 1035 3763 extendebatur
1056 3709 1156 3776 plenus
1176 3724 1262 3775 usque

721 3782 756 3832 ad
774 3783 845 3832 viam
861 3780 1012 3846 publicam,
1033 3797 1050 3831 a
1064 3795 1133 3844 qua,
1153 3779 1177 3829 si
1196 3795 1263 3843 opus

720 3852 864 3902 videbatur
882 3855 930 3901 aut
946 3851 1054 3900 omnino
1071 3848 1262 3910 conveniebat,

720 3920 774 3971 levi
793 3924 871 3985 septo
889 3920 1011 3984 separari
1025 3919 1165 3985 alterique
1181 3920 1262 3969 etiam

721 3991 806 4041 ianut
818 3990 916 4040 instrui
928 3994 1044 4054 poterat,
1056 4004 1117 4039 cum
1132 3989 1167 4039 ad
1180 3987 1263 4039 aedes

721 4060 796 4124 ipsas
819 4060 929 4125 eiusque
951 4059 1087 4109 dominum
1105 4058 1262 4123 pertineret.

722 4129 784 4179 Vid.
799 4128 898 4194 Odyss.
914 4129 942 4190 I,
958 4127 1015 4180 103.
1036 4127 1185 4187 Iliad.X1,
1201 4129 1262 4178 777.

722 4199 781 4257 XV,
797 4198 855 4250 124.
885 4196 1204 4263 Plat.Protagor.§.14.
1221 4196 1261 4246 15.

723 4283 785 4332 pag.
799 4267 879 4320 3140
896 4272 923 4317 et
939 4266 975 4318 ci.
989 4266 1138 4318 Schneider
1156 4266 1263 4329 11111ρί-

722 4343 800 4388 metr.
812 4338 846 4387 ad
857 4336 982 4402 Xenoph.
995 4334 1161 4387 Memorebb.
1174 4349 1200 4399 p.
1210 4334 1259 4385 291

722 4423 780 4472 aeq.
789 4408 849 4461 271.
864 4406 933 4459 (XF.
942 4406 1089 4455 Hermann.
1103 4403 1139 4454 ad
1147 4402 1262 4454 Beckeri

722 4476 839 4529 Charicl.
857 4476 896 4530 II.
914 4491 942 4541 p.
963 4474 996 4526 95
1010 4481 1038 4526 et
1051 4472 1262 4527 Priratalterth.
