2998 5138
424 416 794 481 usnpsrcnonn
819 420 925 509 un.
950 430 993 484 rs.
1236 417 1273 480 31

129 587 277 678 ὕστερον
303 589 434 661 τούτων
456 590 618 661 τάλαντον
645 590 810 683 ἀργυρίου
830 590 1035 684 Ἀλεξάνδρῳ
1058 588 1180 681 ἡμέρης
1201 593 1275 663 ἑκά-

130 716 212 783 στης
227 698 362 783 ἐφοίτα·
389 693 472 784 μετά
492 695 530 764 δὲ
550 695 587 765 τὸ
601 699 764 785 μέταλλον
778 696 944 784 Δύσωρον
958 695 1161 784 καλεόμενον
1174 687 1274 785 οὖρος

130 793 330 887 ὑπερβάντα
352 799 439 868 είυαι
453 802 491 867 ἐν
506 804 712 889 Μακεδονίῃ.
754 806 800 870 Oi
810 791 859 870 οἶν
874 804 1002 890 Πέρσαι
1015 805 1051 869 οί
1060 804 1319 888 πεμφθέντες18

129 891 226 970 οὗτοι
245 900 338 988 παρά
366 901 425 972 τδν
449 898 614 992 Ἀμύντην
633 898 678 983 ύς
699 900 875 991 άπίκοντο,
902 915 1033 989 αίτεον,
1062 902 1218 985 ἐλθόντες
1239 907 1271 984 ἐς

129 1003 214 1085 ὄψιν
236 1004 298 1094 τὴν
317 1003 501 1095 Ἀμύντεω,
525 1014 660 1096 Δαρείῳ
680 1010 814 1094 βασιλέι·
831 1013 895 1098 γῆν
919 1009 1030 1078 τεκαὶ
1052 1003 1155 1097 ὕδωρ.
1197 1003 1274 1077 ὅδὲ

131 1108 239 1178 ταῦτά
259 1136 296 1178 τε
316 1111 431 1180 ἐδίδου
445 1117 505 1178 καί
514 1130 619 1198 σφεας
634 1112 688 1179 ἐπὶ
701 1114 807 1193 ξείνια
820 1115 947 1181 καλέει·
975 1109 1271 1200 παρασκευασάμε-

129 1277 263 1340 recteque
274 1272 368 1323 attulit
377 1274 470 1326 Leuke
480 1274 510 1339 (l.
518 1274 535 1324 l.
543 1290 606 1341 pag.
616 1274 679 1341 213)

128 1360 230 1394 numos
244 1350 390 1410 argenteos
400 1360 485 1410 prope
493 1346 628 1410 Dysorum
639 1347 679 1396 in-

127 1420 231 1465 ventos
242 1412 402 1479 complures.
422 1416 547 1481 Dysoron
559 1416 629 1465 idem
640 1431 679 1466 re·

127 1490 176 1533 cte
189 1499 224 1535 eo
240 1483 299 1535 lere
317 1483 377 1533 loco
394 1483 527 1547 collocat,
546 1485 594 1535 ubi
608 1501 679 1536 nunc

127 1554 261 1619 oppidum
279 1552 377 1615 Soklro,
398 1555 565 1605 occidentem
583 1570 679 1606 versus

128 1638 146 1671 a
160 1623 296 1673 Prusiade
308 1622 542 1689 proficiscentibus
556 1625 676 1675 obvium.

126 1692 174 1743 Cf.
192 1694 331 1744 Gatterer.
353 1692 371 1743 Ι.
394 1694 412 1743 l.
433 1709 460 1759 p.
472 1695 522 1755 22,
540 1695 676 1745 Munuert.

127 1762 194 1812 VII.
207 1778 235 1827 p.
244 1764 306 1814 495.
318 1763 471 1813 Lareherus
483 1764 617 1829 Dysorum
629 1780 677 1829 pro

127 1837 211 1898 parte
221 1832 345 1897 Pangaei
356 1834 456 1883 montis
470 1833 613 1884 hebetant
624 1835 677 1884 nlio

126 1917 183 1968 quo
198 1901 270 1953 colle
288 1908 432 1967 soporato,
450 1903 600 1954 cuiusmodi
619 1904 677 1969 plu·

125 1987 173 2022 res
185 1975 214 2022 ln
225 1970 282 2021 illis
295 1972 455 2037 regionibus
466 1973 584 2023 inveniri
600 1973 676 2025 dicit.

126 2042 183 2092 Sed
201 2043 340 2107 Dysorum
353 2042 485 2093 Prusiade
501 2042 562 2093 lucu
576 2057 593 2091 u
607 2044 678 2093 Pan·

124 2128 196 2177 gaeo
208 2111 331 2177 disiungi
346 2112 486 2178 multoque
502 2113 590 2178 magis
607 2114 678 2163 ocei-

125 2184 237 2232 deutem
248 2197 343 2232 versus
352 2183 533 2247 quaerendum
543 2198 613 2247 csse,
624 2183 678 2233 He-

124 2251 219 2303 rodoti
238 2252 409 2302 verberatis
430 2252 582 2302 declarant.
615 2253 677 2303 Aliu

127 2319 283 2387 Cousindry
294 2321 416 2385 protulit,
427 2321 461 2372 de
470 2323 575 2387 Dysoro
585 2329 677 2373 monte

125 2392 276 2456 disputans
283 2393 397 2456 Voysge
409 2408 442 2441 en
454 2391 561 2442 Maced.
572 2393 595 2443 Ι.
606 2408 633 2457 p.
642 2393 676 2442 bb

125 2459 676 2593 urrunnunvnnn

490 2568 496 2593 I

125 2616 204 2651 mous
225 2599 343 2665 duplicis
364 2601 402 2650 sit
420 2601 587 2663 cucuminis,
611 2617 676 2667 qua·

124 2670 179 2719 lem
201 2670 322 2735 speciem
350 2686 421 2720 nunc
443 2670 576 2734 praebeat
599 2687 677 2721 mons

126 2740 256 2803 Corllliot,
277 2755 332 2803 qua
344 2739 503 2791 Chalcidica
518 2741 594 2806 regio
610 2741 676 2791 inci·

126 2810 197 2873 piat,
203 2809 403 2873 navigantibus
411 2810 491 2875 louge
501 2811 675 2876 conspicuus.

127 2879 181 2944 (De
195 2880 249 2930 hoc
261 2884 368 2941 monte,
385 2873 533 2940 Χορτιάτζι
549 2881 596 2945 qni
608 2880 675 2929 dini-

125 2955 171 2999 tur
190 2964 208 2998 a
232 2939 371 3013 χορτάζω,
393 2948 477 3000 lev-ln
497 2964 592 3012 puseo,
617 2948 673 3003 rid.

124 3018 221 3069 Iaeake
231 3017 276 3071 1.1.
288 3034 314 3082 p.
324 3018 398 3083 230).
423 3019 513 3084 dtqne
525 3019 595 3069 idem
606 3019 676 3070 Cou-

123 3087 221 3153 sindry
233 3087 264 3151 (l.
278 3087 296 3136 l.
308 3103 371 3153 pag.
390 3087 446 3139 106.
461 3090 520 3141 ll).
537 3089 595 3141 115.
612 3088 673 3153 178)

122 3158 271 3209 contendit
283 3156 388 3222 legatos
397 3158 510 3219 Perses,
523 3162 676 3224 transgres-

122 3244 172 3279 sos
189 3226 303 3278 metallo
322 3228 356 3277 ad
370 3228 557 3279 Crestonicam
573 3233 673 3279 terram

122 3299 197 3359 sita,
220 3298 331 3361 Dysoro
351 3303 442 3347 monte
461 3297 615 3348 udleevum
631 3314 674 3349 ro-

122 3367 193 3418 lieto
208 3368 237 3416 in
254 3366 394 3431 planitiem
409 3367 584 3418 descendisse
601 3368 676 3418 baud

123 3438 166 3486 ita
184 3437 269 3501 louge
288 3437 324 3487 ab
342 3437 407 3488 urbe
420 3436 618 3487 Thessalonica
638 3436 673 3502 (s.

122 3506 280 3571 Salonicbi)
314 3508 429 3573 indeque
459 3507 576 3557 traiecto
605 3508 675 3557 Axio

122 3577 260 3627 Edessam
281 3592 311 3627 se
330 3577 478 3628 contulisse
506 3577 604 3627 itinere
627 3593 674 3642 per

122 3646 268 3712 planitiem
289 3647 373 3696 fecto.
387 3675 417 3683 -
440 3646 556 3697 Verbum
569 3643 675 3710 φοιτᾶν

123 3716 208 3781 attigi
227 3716 263 3765 ad
281 3715 339 3777 ΙΙΙ,
357 3716 402 3767 90.
441 3715 498 3767 Nec
516 3716 597 3767 aliter
616 3715 673 3767 fere

122 3780 337 3849 προσέρχεσθαι
354 3786 419 3848 Vll,
441 3786 490 3836 lll
509 3786 571 3836 coll.
587 3799 673 3851 προσ·

122 3852 197 3905 ιέναι
212 3855 265 3915 ΙΙΙ,
277 3856 321 3907 91.
335 3856 377 3907 96,
395 3857 443 3915 Vl,
458 3855 501 3908 46.

157 3919 300 3989 Δύσωρον
312 3951 346 3962 -
358 3917 432 3975 είναι
446 3916 477 3974 ἐν
491 3921 672 3990 Μακεδονίῃ]

122 3995 190 4046 Ioci
205 3998 344 4047 sententia
355 3997 466 4046 minime
477 3994 573 4046 dublo:
588 3995 674 4058 „Post

123 4063 264 4116 metellum
282 4066 409 4130 sequitur
428 4066 562 4130 Dysorum
585 4080 674 4127 mons,

121 4137 168 4199 qui
180 4135 299 4197 dicitur,
319 4150 368 4200 quo
380 4142 501 4198 stipor-nto
512 4137 537 4184 in
552 4135 673 4184 Macedo.

122 4207 165 4255 nia
181 4207 251 4263 eric:
270 4210 337 4255 uuts
354 4206 441 4255 verbu
455 4194 618 4267 ὑπερβάντα
636 4195 673 4253 εί-

121 4289 170 4323 rra
188 4267 219 4323 ἐν
235 4270 410 4338 Μακεδονίῃ
429 4278 519 4324 mente
542 4272 607 4324 lieet
626 4273 674 4323 ud·

119 4344 184 4396 dere
196 4331 278 4401 ὅστε,
295 4359 357 4394 enm
370 4343 455 4396 verba
466 4342 672 4395 antecedentia:

119 4408 189 4477 μετά
201 4407 236 4464 δὲ
247 4406 280 4463 τὸ
287 4406 569 4476 μέταλλονΔύσωρον
578 4404 674 4462 καλεύ-

118 4498 207 4549 μενον
224 4475 297 4551 ὄρος
315 4481 390 4547 (scil.
402 4471 471 4548 ἐστὶ)
490 4483 675 4548 respondeant

729 1279 913 1345 praegressisr
932 1274 1030 1340 πρῶτα
1043 1269 1104 1341 μὲν
1117 1270 1169 1342 γάρ
1182 1269 1272 1342 ἔχεται

729 1363 755 1399 ιι.
765 1364 788 1398 τ.
797 1349 821 1399 λ.
844 1350 895 1399 Pro
906 1337 1085 1413 ὑπερβάντα,
1099 1348 1170 1412 quod
1180 1363 1273 1399 omnes

729 1419 861 1483 praebent
871 1418 935 1468 libri
946 1418 1042 1482 scripti
1055 1424 1082 1467 et
1096 1419 1177 1479 editi,
1190 1418 1273 1468 Beru-

728 1487 816 1553 bordy
826 1487 944 1553 (Grleclr.
959 1488 1063 1552 Syutax
1078 1502 1104 1551 p.
1114 1487 1176 1553 359)
1190 1487 1271 1537 scribi

729 1558 833 1608 mavult
841 1547 1004 1620 ὑπερβάντι,
1013 1556 1047 1606 sd
1059 1559 1272 1620 cantationem,

728 1642 783 1693 qus
795 1630 896 1677 Noster
910 1627 1003 1690 utique
1018 1641 1100 1691 supra
1114 1627 1157 1689 ll,
1174 1630 1188 1677 7
1206 1630 1273 1677 scri·

728 1697 796 1762 psit:
817 1690 874 1746 ἐστι
886 1690 917 1745 δὲ
930 1694 999 1752 οδος
1012 1687 1038 1751 ἐς
1050 1686 1209 1760 τηνἩλίου
1222 1689 1273 1744 πύ-

728 1766 773 1814 λιν
791 1760 849 1815 άπὸ
873 1757 1022 1828 θαλάσσης
1042 1754 1102 1813 άνω
1127 1757 1220 1816 ίύντι
1246 1779 1270 1815 ιι,

728 1850 751 1886 τ.
760 1835 784 1891 λ,
796 1835 983 1901 similibusque
994 1836 1020 1885 in
1031 1834 1215 1887 locutionibus
1224 1834 1271 1900 (cs.

728 1906 766 1969 ΙΙ,
782 1906 823 1971 ΙΙ)
838 1908 960 1956 dativum
974 1905 1077 1970 posuit.

906 2078 972 2129 (lar.
989 2078 1094 2130 XVIII.

762 2171 824 2230 ὁδὲ
839 2175 929 2231 ταῦτά
946 2196 975 2232 τε
992 2171 1102 2247 ἐδίδου]
1121 2182 1209 2248 Vulgo
1229 2185 1271 2234 sic

727 2251 857 2302 reddunt:
880 2260 904 2303 el
923 2254 965 2303 ille
988 2253 1147 2303 duesdedit.
1189 2252 1270 2303 Ilsud

727 2323 784 2371 selo
796 2336 832 2371 an
845 2322 958 2372 rectinet
980 2325 1023 2373 ille
1038 2337 1098 2371 vero
1111 2322 1174 2372 λατι·
1187 2323 1273 2373 obtulit

727 2406 749 2441 s.
762 2407 790 2441 se
803 2391 919 2440 ‹latumm
929 2408 985 2443 esse
995 2395 1121 2457 pollicitus
1133 2399 1183 2451 est,
1196 2397 1227 2442 ut
1236 2395 1270 2455 V,

727 2460 775 2511 94:
802 2451 924 2509 ἐδίδου
942 2455 993 2523 μὲν
1008 2452 1143 2524 Ἀμύντης
1159 2475 1176 2508 ιι
1204 2476 1227 2516 τ,
1245 2461 1269 2512 λ.

728 2534 756 2579 et
774 2531 828 2590 ΙΙΙ,
848 2529 905 2581 109.
925 2530 978 2591 VI,
999 2531 1056 2581 108.
1093 2529 1172 2581 Cous.
1188 2545 1271 2595 supra

728 2605 796 2650 nott.
810 2599 845 2649 ud
858 2599 910 2661 ΙΙΙ,
926 2598 982 2650 135.
998 2600 1046 2660 lV,
1065 2599 1122 2650 16¹2.
1157 2600 1212 2649 Nec
1223 2601 1270 2650 ob-

727 2675 800 2731 stat,
820 2669 893 2733 quod
920 2668 993 2718 infra
1016 2669 1118 2735 legitur
1140 2684 1271 2734 praesens

726 2740 779 2791 hac
791 2741 886 2790 eadem
900 2739 927 2788 in
940 2754 968 2788 re
979 2738 1143 2789 adhibitum:
1163 2734 1198 2788 σύ
1209 2755 1271 2801 νυν,

726 2801 841 2872 ἐπείπερ
856 2799 1017 2872 προθύμως
1030 2801 1083 2873 μὲν
1097 2797 1209 2873 ἐδέξαο,
1225 2823 1270 2872 με-

726 2872 816 2942 γάλως
829 2871 860 2928 δέ
877 2875 1017 2939 ξεινίζεις,
1037 2876 1160 2936 διδοῖς
1178 2893 1207 2928 τε
1221 2877 1270 2946 βα-

726 2942 796 2999 σιλέϊ
804 2947 915 3016 Δαρείῳ
925 2945 979 3012 γῆν
990 2944 1076 2998 τεκαὶ
1086 2940 1164 3011 δδωρ
1175 2964 1200 3000 ιι.
1210 2964 1233 2998 τ.
1245 2949 1268 3001 λ.

759 3009 804 3068 ἐπὶ
823 3015 925 3082 ξείνια]
946 3016 1019 3068 Male
1033 3018 1097 3068 olim
1109 3010 1155 3068 lut
1170 3014 1270 3088 ξεινίρι,

724 3087 797 3154 quod
815 3088 913 3138 Matth.
931 3089 1054 3140 rettuuit.
1081 3089 1118 3139 dt
1134 3097 1208 3140 certo
1224 3089 1270 3141 de·

725 3158 808 3209 bebat
823 3172 883 3208 esse
896 3149 941 3207 ἐπὶ
956 3153 1057 3223 ξεινίῃ.
1086 3159 1138 3209 Sed
1151 3160 1208 3209 rid.
1219 3160 1269 3217 lV,

728 3230 775 3279 154
795 3228 860 3292 lbiq.
883 3227 986 3277 laudnt.
1011 3228 1129 3279 Voemel.
1147 3244 1210 3294 pag.
1230 3231 1270 3279 12.

726 3299 763 3348 Et
774 3297 829 3347 vid.
845 3312 950 3362 qnoque
968 3297 1070 3348 Herod.
1082 3298 1133 3361 v1,
1148 3298 1190 3349 34.
1206 3298 1269 3360 vll,

725 3370 769 3419 27.
781 3366 824 3419 29.
843 3368 891 3417 135
902 3366 961 3431 (obi
972 3373 1014 3417 est
1031 3364 1149 3428 ξείνια
1162 3368 1270 3447 προβέ-

725 3434 1270 3573 llll.llslllotl.l.⁰tl?l{nll⁶.

725 3582 795 3627 nott.
829 3576 871 3627 Ad
891 3575 943 3626 loci
959 3584 1149 3641 argumentum
1162 3578 1270 3629 Wesse·

724 3645 789 3711 ling.
806 3645 914 3697 confert
930 3646 1016 3697 Cicer.
1040 3648 1067 3696 in
1086 3648 1162 3698 Verr.
1182 3649 1211 3711 1,
1226 3647 1269 3712 26,
1343 3706 1346 3713 .

724 3717 772 3766 ubi
785 3706 864 3783 plura
878 3716 1041 3767 Herodoteis
1054 3732 1109 3766 non
1120 3716 1268 3768 absimilia.

724 3787 767 3837 Tu
780 3786 835 3835 vid.
853 3786 949 3840 lustin.
965 3786 1032 3849 v11,
1048 3787 1078 3844 3.
1097 3788 1144 3853 qui
1155 3803 1270 3849 omnem,

724 3871 793 3921 quoe
811 3857 948 3921 sequitur,
970 3858 1154 3907 narrationem
1165 3857 1269 3908 retulit.

725 3922 914 3975 διατείνειν
933 3927 960 3974 in
978 3941 1054 3991 seqq.
1073 3927 1148 3978 velet
1164 3927 1271 3977 bibendo

723 4004 840 4053 certare,
857 3996 950 4060 prouti
962 3998 1046 4045 morie
1059 3997 1113 4047 luit
1125 3998 1196 4061 apud
1208 3999 1271 4047 Per·

724 4081 784 4127 sae,
806 4070 877 4116 testo
896 4066 1004 4115 Diuone
1022 4068 1094 4131 opud
1112 4066 1220 4117 delion.
1235 4067 1268 4117 V.

723 4136 830 4197 Η.ΧΙΙ,
840 4137 864 4197 l,
875 4134 937 4185 coll.
946 4137 1068 4187 Brlssou.
1079 4137 1121 4188 De
1130 4151 1184 4201 reg.
1194 4137 1269 4186 Pers.

724 4205 1106 4339 tll⁰²lel¹’l}⁰.nl⁰.ll
1122 4208 1270 4339 little:

724 4344 886 4396 Vulelrenar.
895 4345 927 4394 de
936 4345 1139 4410 praepositione
1147 4338 1195 4393 διά
1206 4343 1271 4393 mul·

725 4415 762 4464 tls
774 4415 865 4465 verbis
879 4415 919 4464 its
931 4414 1040 4476 addim,
1053 4421 1083 4464 ut
1095 4414 1214 4464 certandi
1223 4413 1270 4464 ba·

723 4483 790 4535 beot
803 4484 871 4546 vim,
887 4484 919 4536 de
934 4499 986 4550 qua
1000 4485 1056 4538 vid.
1070 4485 1219 4535 Hermann.
1234 4483 1271 4536 ad
