2986 5130
279 354 341 418 668
713 356 987 421 ΗΕΒΟΒΟΤΙ

275 496 427 619 Ἀργειον
441 518 546 617 εἶναι’,
561 530 707 601 κωλύειν
721 529 834 602 οὐδέν.
881 529 980 602 Οὕτω
995 530 1038 622 δὴ
1051 537 1086 603 oi
1097 529 1241 622 ’Ληγεῑοί
1249 556 1320 620 φασι
1332 531 1380 602 eds

278 632 484 724 ἀνασχέσθαι
504 641 573 706 τοῖν
594 639 835 724 Σπαρτιητέων
855 636 917 726 τὴν
935 642 1149 725 πλεονεξίην,
1177 634 1249 707 ἀλλ’
1270 639 1380 707 ἑλέσθαι

278 743 406 826 μᾶλλον
420 736 485 811 ὑπὸ
499 745 567 811 τῶν
582 741 765 828 βαρβάρων
778 737 959 828 ἄρχεσθαι,
974 737 995 830 ἤ
1008 768 1040 810 τι
1054 737 1186 824 ὑπεῖξαι
1201 747 1379 829 Λαιεσαιμο·

279 940 423 1003 vqluarunt
436 941 583 1007 Spartani,
605 942 659 995 nisi
672 941 743 1008 quod
758 956 820 992 cae·
871 943 1031 1009 immeritos,
1040 941 1179 1008 proiecto,
1199 942 1322 1009 superbos
1332 943 1382 993 vici

279 1010 344 1061 teris
356 1026 464 1075 quoque
474 1012 637 1062 Graecorum
649 1010 820 1075 civitatibus,
870 1028 920 1062 noa
929 1012 1154 1062 Lacedaemoniis
1164 1013 1265 1078 Argivi,
1280 1013 1382 1078 aquibus

280 1095 350 1145 qnae
371 1080 406 1130 ad
425 1080 521 1131 foedus
536 1096 677 1131 commune
699 1097 820 1164 accessp·
870 1098 976 1147 semper
988 1083 1088 1145 vexati,
1099 1086 1127 1130 et
1137 1096 1224 1147 nuper
1234 1083 1297 1132 adeo
1307 1098 1383 1147 mapm

278 1156 355 1215 rant,
369 1151 555 1216 competebat,
572 1167 684 1216 quarum
695 1151 780 1216 legati
791 1166 828 1205 ιιι,
870 1152 979 1202 fuerant
991 1151 1084 1202 affecti
1095 1150 1184 1214 clade,
1198 1153 1279 1217 impia
1288 1153 1383 1203 Cleone-

278 1218 324 1269 illo
336 1221 452 1271 concilio
471 1223 622 1271 sententias
640 1237 704 1271 suas
720 1223 819 1286 quique
868 1221 912 1271 nis
928 1221 1024 1272 fraude
1043 1221 1160 1285 decepti.
1199 1221 1283 1285 Hinc,
1300 1223 1384 1286 opinor,

279 1289 412 1341 serebant.
433 1290 747 1356 „GleicheSiin1me(iia
759 1306 818 1354 pro·
869 1290 941 1340 inira
961 1291 1060 1341 Noster
1077 1306 1101 1341 c.
1117 1291 1166 1341 152
1187 1283 1241 1340 oda
1255 1285 1383 1355 Ἀργείοισι,

278 1361 388 1410 nuntiat
400 1360 503 1411 Schoell
519 1361 546 1409 in
559 1366 615 1410 nol.
627 1360 662 1410 ad
676 1359 703 1412 h.
715 1360 747 1423 l.)
760 1359 820 1410 hai·
870 1362 924 1422 ait,
940 1358 1070 1424 αίσχισια
1081 1359 1249 1424 πεποίηται,
1267 1369 1293 1412 el
1303 1362 1385 1411 iruaira

278 1434 326 1480 ien
345 1430 381 1480 im
393 1430 465 1481 Ralla
487 1429 539 1480 alle
554 1431 819 1494 Repraesentanten,
868 1429 1030 1481 Plutarchus
1054 1444 1185 1480 excusare
1213 1431 1305 1482 nititur
1323 1430 1384 1493 irgi-

277 1515 327 1549 vor
361 1500 409 1550 der
435 1499 565 1550 Schlacht
595 1499 646 1549 alle
670 1499 819 1550 Feldherra
868 1489 1384 1565 νοιιιιιιηιιιιιιιοῦιιᾶιιειιαμίνοοςιοίς

279 1568 325 1620 der
334 1569 475 1620 einzelnen
485 1568 712 1634 Buudesglieder3
729 1571 817 1633 Argos
860 1560 976 1632 Ἕλλησι
996 1562 1048 1632 τὴν
1065 1568 1227 1632 συμμαχίαν
1246 1572 1277 1621 Τ.
1291 1571 1324 1620 ll.
1336 1583 1384 1634 pag.

277 1643 348 1690 wilre
361 1639 418 1690 also
433 1638 819 1691 aulffieseArtblossesBun-
867 1638 957 1691 863ss.
997 1638 1039 1688 Ob
1058 1637 1129 1688 idem
1148 1638 1217 1689 illud
1239 1641 1324 1690 odium
1338 1637 1386 1688 she

249 1730 252 1737 ’
277 1708 399 1773 desplied
419 1707 598 1771 geworden.“
634 1708 732 1758 Moneo
756 1708 816 1771 hoc,
868 1709 1008 1758 iiuucrunt
1028 1713 1125 1772 postea
1150 1708 1224 1759 bello
1242 1709 1386 1774 Peloponne-

276 1779 346 1843 quod
360 1780 390 1831 O.
405 1780 436 1828 F.
453 1778 591 1828 Hermann
606 1777 775 1841 (Verhaudll.
790 1778 817 1828 d.

276 1847 425 1913 Philolopg.
440 1864 473 1897 au
489 1847 648 1909 Allenburp.
661 1849 726 1897 anni
741 1846 816 1899 1852.

277 1933 338 1983 pag.
352 1917 398 1982 44)
417 1932 449 1967 cx
467 1917 517 1968 hoc
529 1917 663 1967 Herodoti
683 1917 744 1967 loco
761 1916 817 1966 col·

275 1985 346 2051 ligii,
355 1987 505 2050 Spartanos
515 1986 582 2038 diras
592 1979 744 2050 ἡγεμονίας
755 2001 818 2051 par-

276 2063 318 2106 tes
337 2056 389 2105 sibi
409 2071 564 2106 reservasse
584 2071 616 2105 ac
639 2058 748 2107 tertiam
772 2056 816 2105 de-

276 2141 346 2175 mum
362 2126 471 2189 Argivis
485 2124 631 2187 obtulisse,
651 2126 716 2190 quia
730 2125 814 2191 Spar-

260 2195 334 2244 ·iaui
350 2195 506 2259 expugnati
520 2195 655 2246 Messenia
672 2196 740 2245 duas
754 2210 814 2259 par·

275 2269 316 2315 les
340 2263 521 2329 Peloponnesi
547 2267 575 2314 in
599 2280 649 2315 sua
676 2270 813 2331 potestate

274 2334 421 2384 habuerint
435 2333 551 2397 indeque
566 2335 648 2384 eiiam
670 2335 738 2385 duas
753 2325 815 2398 ἡγε-

273 2401 375 2466 μονίας
385 2409 477 2468 partes
489 2404 543 2454 sibi
553 2408 708 2454 reservatas
721 2404 814 2454 volus·

274 2476 343 2525 rint:
368 2474 396 2524 id
415 2474 486 2540 quod
514 2489 546 2524 ex
563 2472 615 2523 hoc
639 2473 700 2524 loco
719 2472 812 2539 colligi

182 2599 187 2608 ,
274 2559 354 2611 posse
382 2560 459 2605 nego.
496 2543 553 2594 Noc
576 2545 664 2607 magia
684 2544 813 2594 accedere

274 2630 383 2678 possum
393 2614 477 2679 Anglo
486 2615 544 2662 viro
554 2613 634 2664 docto
644 2612 752 2677 (Grotez
764 2613 814 2662 Hi·

272 2688 349 2747 story
361 2685 391 2734 oi
404 2684 506 2734 Greece
522 2683 554 2733 V.
571 2699 597 2745 p.
615 2682 676 2747 85),
698 2683 745 2747 qui
757 2682 812 2732 He-

272 2754 362 2804 rodoti
372 2753 455 2803 verba
465 2755 505 2803 sic
518 2753 633 2815 accipit:
653 2753 726 2813 „and
739 2754 766 2800 in
780 2767 811 2802 as

272 2822 352 2874 much
364 2839 394 2873 as
406 2824 511 2874 neither
526 2824 556 2872 oi
569 2821 615 2872 the
627 2827 681 2872 two
694 2821 813 2885 Spartan

272 2892 353 2957 iringa
366 2892 446 2943 could
458 2893 491 2943 be
506 2891 633 2957 deprived
647 2891 677 2941 oi
684 2890 725 2942 his
739 2897 812 2955 rote,

270 2962 311 3013 lie
326 2963 440 3027 Arpeion
454 2962 512 3027 kinp
527 2963 602 3011 could
612 2964 670 3025 only
682 2961 712 3009 bs
724 2962 813 3011 admu-

271 3032 314 3081 led
338 3040 362 3080 lo
383 3050 400 3082 α
425 3032 494 3081 siud
515 3039 570 3081 vote
594 3032 733 3094 eonjoiully
756 3030 812 3080 wilh

270 3101 365 3150 liem.‘¹
384 3127 417 3137 -
436 3102 478 3148 lle
496 3116 564 3150 voce
577 3091 629 3147 δύο
648 3100 676 3147 in
689 3100 811 3162 genitivo

271 3172 361 3234 posito
374 3168 489 3218 diximus
504 3168 537 3218 ad
551 3169 613 3231 Vll,
624 3169 667 3218 49.
678 3172 702 3230 ἕ.
714 3172 744 3229 23
763 3185 812 3220 vo·

271 3254 327 3289 cem
341 3229 498 3299 ὁμόψηφοι·
513 3236 625 3287 adhibet
633 3237 733 3289 Noster
745 3255 811 3303 quo·

270 3324 323 3371 que
336 3309 388 3365 Vl,
410 3308 471 3365 Ιθὶὶς
491 3307 560 3357 alios
575 3312 712 3357 oratorum
727 3308 810 3360 Grae·

269 3393 362 3428 corum
375 3377 449 3427 locos
462 3376 558 3427 attulit
568 3377 683 3429 Bredov.
692 3393 755 3442 pag.
763 3378 808 3431 69.

305 3436 388 3496 Οὕτω
401 3438 436 3510 δὴ
454 3438 484 3495 οἰ
492 3439 611 3509 Ἀργεῖοί
621 3460 689 3508 φασι
699 3462 725 3499 ιι.
736 3461 760 3494 τ.
771 3447 806 3512 i]

866 1780 956 1828 siaco:
975 1792 1028 1843 quo
1041 1776 1316 1829 Lacedaemoniorum
1332 1776 1384 1827 sosii

867 1847 976 1898 inerunt
994 1861 1087 1897 ornnes
1105 1847 1313 1910 Peloponnesii,
1331 1853 1385 1896 leste

866 1915 1025 1981 Thucydide
1035 1915 1107 1977 11‚9
1124 1913 1200 1980 πλὴν
1218 1909 1337 1982 Ἀργείων
1349 1908 1384 1962 sai

860 1978 989 2048 Ἀχαιοῑνι
1011 1985 1085 2036 solos
1097 1986 1215 2052 Argivos
1229 1987 1385 2052 excipiiDio·

865 2055 922 2109 dor.
936 2055 999 2116 xli,
1011 2057 1054 2105 42.
1079 2053 1132 2106 Sed
1143 2055 1247 2107 Achaei
1261 2057 1385 2120 belloque·

864 2140 917 2190 que
931 2124 1042 2175 Persico
1060 2123 1223 2188 Argivorum
1242 2127 1386 2177 sententian

863 2195 952 2245 secuti
973 2194 1101 2245 ridentur
1122 2195 1281 2247 Pausaniae
1299 2192 1386 2257 Vino.

862 2267 887 2327 ξ.
901 2263 931 2327 3,
953 2268 985 2313 ut
1002 2263 1211 2327 suspicabatur,
1236 2269 1301 2330 qnia
1318 2266 1386 2314 Δαισ-

863 2330 1031 2394 δαιμονίους
1044 2334 1164 2395 Δωριεῖς
1180 2329 1323 2399 ἀπηξίουν
1337 2329 1385 2393 aqi
1442 2334 1444 2373 l

864 2416 909 2451 σιν
920 2394 1062 2466 ἡγεῖσθαι.
1081 2402 1263 2464 Quiescentes
1275 2404 1340 2455 bello
1349 2404 1386 2454 Pe

864 2470 1059 2536 loponnesiaco
1082 2472 1179 2538 Argivi
1207 2474 1304 2539 longae
1327 2473 1386 2539 pacis

863 2543 978 2606 primum
990 2542 1148 2605 commoda,
1166 2550 1265 2607 postea
1277 2557 1385 2610 peraspe-

863 2616 928 2661 runi
946 2609 1027 2661 etiam
1051 2612 1137 2669 mala:
1156 2614 1256 2677 opibus
1277 2614 1342 2664 enim
1358 2612 1385 2659 di·

863 2682 917 2731 tati
939 2682 967 2729 in
985 2694 1035 2729 sua
1059 2695 1143 2746 saepe
1166 2683 1276 2735 viscera
1299 2682 1386 2732 eserie

862 2756 935 2808 runt,
950 2749 1088 2799 intestinis
1099 2752 1197 2816 agitati
1208 2751 1386 2813 seditionibus:
1441 2756 1442 2785 l

862 2819 896 2868 de
907 2820 984 2884 pacis
999 2821 1147 2870 commodis
1162 2823 1218 2872 rid.
1230 2821 1348 2886 Thucyd.
1358 2818 1385 2877 11,

862 2891 906 2939 ²³.
933 2888 1046 2941 Diodor.
1062 2889 1130 2947 ΧΠ,
1144 2892 1191 2951 Ίῑις
1210 2891 1246 2941 de
1261 2894 1386 2942 incomno

863 2958 905 3009 dis
918 2957 1038 3007 Cassub.
1054 2958 1082 3007 in
1099 2960 1165 3010 Aen.
1178 2961 1325 3012 Polioreee
1340 2973 1386 3021 eap-

862 3028 900 3078 xl
910 3027 1109 3093 elWesscling.
1122 3030 1157 3079 ad
1170 3031 1254 3081 Diod.
1266 3026 1386 3088 qu

866 3100 892 3148 V
895 3096 1018 3147 alelen.
1047 3098 1087 3149 Ac
1098 3114 1164 3149 saus
1177 3101 1200 3149 si
1216 3103 1335 3165 cogites,
1350 3100 1386 3147 sr-

861 3167 939 3232 giros
952 3169 1096 3217 maximam
1108 3168 1212 3220 cladem
1230 3187 1249 3220 a
1261 3166 1386 3235 Spartanis

859 3239 927 3287 duce
939 3236 1082 3289 Cleomene
1100 3254 1196 3302 passos
1211 3254 1285 3290 anno
1304 3239 1350 3289 51⁴
1365 3250 1385 3286 a
1440 3244 1441 3257 ¹

859 3305 922 3357 Chr.
931 3321 956 3355 n.
968 3304 1083 3369 (Herod.
1097 3309 1143 3371 VI,
1156 3308 1189 3360 ul
1199 3308 1270 3375 seq.)
1278 3314 1305 3359 et
1314 3307 1346 3356 ad
1355 3307 1386 3356 iu·

858 3377 1040 3426 ternecionem
1053 3378 1249 3442 propemodum
1263 3379 1344 3429 fuisse
1353 3391 1385 3424 re·

858 3446 970 3507 dacica,
991 3444 1064 3496 haud
1081 3448 1191 3511 mirum,
1213 3464 1262 3500 eos
1281 3465 1314 3499 ne
1329 3458 1385 3495 nune

269 3516 343 3575 „llic
352 3516 503 3579 ubArgivis
514 3516 641 3566 traditam
650 3512 811 3576 τιόνΣπαο-
858 3515 976 3580 quidem,
987 3516 1004 3564 i.
1012 3532 1036 3568 e.
1045 3532 1118 3567 anno
1128 3518 1181 3569 486
1190 3534 1216 3568 a.
1223 3518 1289 3570 Chr.
1297 3535 1332 3577 ιι,
1341 3515 1386 3564 loe

268 3584 386 3649 ιιηιέων
398 3581 451 3651 τὴν
464 3581 632 3649 πλεονεξίην
644 3585 719 3636 illam
733 3588 808 3651 equi·
858 3588 909 3635 dus
931 3584 1001 3635 inire
1027 3601 1159 3650 opemque
1181 3587 1254 3639 ferre
1280 3587 1385 3638 voluisse

268 3654 328 3706 dem
340 3671 432 3706 reram
451 3656 807 3717 inissecausamarbitror,
858 3653 1028 3715 Laconibus,
1061 3672 1129 3720 qnos
1153 3659 1220 3723 ipsis
1244 3653 1385 3708 inimicissi-

267 3740 316 3774 cnr
337 3724 407 3776 bello
424 3725 475 3777 hoc
493 3728 604 3777 Persico
626 3726 715 3776 nentri
735 3727 807 3789 parii
857 3739 915 3774 mos
926 3729 1009 3789 atquc
1019 3724 1213 3777 infestissimos
1222 3743 1283 3778 ease
1295 3722 1384 3791 experti

267 3795 373 3845 addicti
390 3797 558 3858 quieverint,
578 3795 642 3859 quin
655 3796 746 3845 Persis
760 3812 808 3859 po·
857 3800 947 3855 erant,
961 3808 1106 3861 eorumque
1122 3797 1221 3856 sociis;
1240 3795 1384 3862 praesertin

265 3864 321 3914 tius
337 3864 458 3915 faverint
476 3880 556 3930 quam
575 3865 704 3925 Graecis,
727 3870 754 3914 et
775 3866 807 3916 de
857 3879 918 3913 cum
932 3861 995 3913 inde
1008 3865 1043 3915 ab
1056 3865 1104 3915 illa
1121 3865 1200 3918 clade
1219 3870 1310 3917 omnia
1322 3862 1385 3927 aqi·

267 3933 371 3984 dnobus
386 3934 465 3985 malis
482 3939 513 3984 ut
526 3933 614 3985 levius
630 3939 807 3998 praeoptave-
857 3949 951 3983 vorum
968 3934 1085 3984 consilia
1103 3951 1135 3985 co
1151 3935 1321 3999 potissimum
1333 3949 1383 3997 spe

266 4004 321 4053 riui
337 3993 394 4051 ὑπὸ
416 4001 474 4052 τῶν
495 3995 646 4069 βαρβάρων
664 3994 806 4067 ἄρχεσθαι
857 4008 948 4053 classe
964 4002 1126 4067 videantur,
1148 4010 1178 4055 ut
1191 4005 1264 4057 vires
1282 4003 1382 4055 amissas

265 4064 284 4136 ἢ
314 4065 429 4133 ὑπεῖξαι
452 4070 712 4138 Λακεδαιμονίοισι.
754 4074 806 4124 Ηίι
855 4077 1048 4137 recuperarent
1059 4080 1214 4140 elatumque
1225 4075 1382 4139 prioremre·

265 4143 329 4207 quia
341 4143 484 4206 Mycenaei
504 4144 636 4195 miserant
656 4142 804 4193 auxiliares
857 4141 1016 4201 stituereni,
1035 4158 1086 4194 uec
1098 4143 1161 4195 ullis
1175 4143 1254 4196 bellis
1266 4160 1296 4194 se
1308 4141 1380 4192 imni·

263 4214 405 4277 octoginta
415 4211 451 4263 ad
461 4212 726 4278 Thermopylascnm
736 4213 805 4263 Leo·
855 4216 976 4273 suerent,
989 4213 1088 4277 quibus
1101 4215 1227 4264 damnum
1241 4207 1380 4266 mauseuli

264 4281 329 4332 nida
341 4282 524 4347 profecturos,
538 4282 634 4345 Argivi
643 4274 693 4339 ade
704 4278 806 4345 Mouq'·
854 4281 965 4330 civitati
980 4282 1073 4332 inferri
1089 4285 1233 4348 potuisset.
1266 4282 1341 4334 Conl.
1354 4278 1379 4326 C·

263 4364 314 4408 νας
334 4345 530 4410 κατέσκαψαν,
554 4351 667 4402 Diodor.
685 4351 736 4413 XI,
755 4352 802 4402 65.
856 4350 888 4400 0.
905 4350 1026 4402 Mueller.
1037 4354 1103 4403 Dor.
1114 4354 1136 4403 Ι.
1149 4369 1175 4418 p.
1190 4353 1248 4403 174.
1277 4352 1379 4413 Quom

260 4421 382 4472 Paussn.
400 4423 437 4485 Il,
453 4422 493 4473 lu.
509 4421 533 4485 ᾖ.
547 4424 572 4473 4.
603 4421 804 4483 Oderunt,nec
855 4419 1037 4485 demspectsl
1055 4422 1194 4473 oraculum
1207 4415 1380 4483 vuason-
