3008 5128
489 386 871 466 Ινοιιοειοιιοιιιι.
895 388 933 448 v.
953 397 995 451 49.
1182 366 1186 375 '
1272 386 1311 446 rr

171 564 263 628 ἔνθα
277 558 435 649 βασιλεύς
448 587 484 630 σε
498 564 601 649 μέγας
615 565 747 630 δίαιταν
761 565 924 646 ποιέεται,
940 561 997 629 καὶ
1010 563 1078 628 τάν
1091 558 1268 649 χρημάτων
1282 565 1317 628 οἱ

169 666 344 753 θησαυροὶ
363 665 514 734 ἐνθαῦτά
534 672 607 734 εἰσι.
633 661 782 747 Ἐλόνιες
805 666 842 735 bl
859 662 984 752 ταύτην
1003 661 1064 753 τὴν
1085 662 1203 748 πόλιν,
1225 673 1307 751 θαρ·

170 770 308 847 σέοντες
321 765 386 857 ἤδη
400 772 448 859 τῷ
462 775 524 837 Διῒ
536 767 682 837 πλούτου
696 772 773 857 πέρι
788 772 917 857 ἐρίζετε.
940 763 1024 835 άλλά
1038 769 1115 854 περὶ
1128 767 1190 855 μὲν
1203 765 1311 855 χώρης

169 867 241 957 ἄρα
261 867 302 939 οὐ
321 876 462 960 πολλῆς,
479 867 558 941 οὐδὲ
571 868 658 940 οὕτω
672 877 829 961 χρηστῆς,
844 873 900 942 καλ
914 867 1026 957 οὔρων
1040 875 1190 959 σμικρῶν
1202 868 1312 958 χρεών

171 976 245 1042 ἐστι
267 969 368 1061 ὑμέας
389 974 495 1063 μάχας
514 972 765 1062 ἀναβάλλεσθαι
789 974 870 1063 πρός
892 1002 928 1043 σε
944 981 1176 1061 Μεσσηνίους,
1197 971 1312 1053 ἐόντας

78 1122 88 1134 ·
170 1078 370 1164 ἰσοπαλέας,
392 1080 449 1147 καὶ
465 1074 625 1165 Ἀρκάδας
645 1106 681 1148 ιε
701 1081 758 1149 καὶ
775 1075 959 1168 Ἀργείους,
980 1093 1065 1146 τοῖσι
1086 1073 1163 1146 οὔτε
1184 1082 1312 1165 χρυσοῦ

170 1178 335 1269 ἐχόμενόν
355 1184 425 1251 έσιι
445 1179 547 1251 οὐδὲν
566 1179 643 1252 οὔτε
663 1179 830 1273 άρνάρου,
854 1186 922 1251 τῶν
943 1184 1019 1270 πέρι
1038 1187 1097 1249 καί
1108 1208 1183 1250 τινα
1198 1180 1310 1269 ἐνάγει

167 1383 294 1430 veterum
305 1380 461 1433 testimonia
474 1383 714 1448 praebetBrieson.
767 1381 810 1434 89.
824 1380 882 1433 luc.
898 1379 955 1431 111.
972 1380 1019 1445 vl,
1032 1380 1075 1432 23.
1090 1381 1133 1433 43.
1147 1382 1190 1434 84.
1206 1383 1268 1445 VII,
1281 1384 1308 1437 6.

166 1449 214 1499 De
229 1465 284 1515 reg.
299 1452 375 1504 Pera.
388 1453 504 1518 princip.
518 1453 540 1517 1,
551 1455 593 1504 ct.
605 1452 639 1504 66
653 1453 715 1505 coll.
768 1451 810 1505 13.
831 1453 871 1503 17.
892 1452 948 1503 160.
968 1451 1021 1513 ΙΙΙ,
1038 1452 1080 1500 41.
1108 1451 1224 1502 Verbum
1240 1446 1310 1503 άνα-

167 1517 199 1581 1,
223 1521 273 1569 182
293 1521 325 1571 de
344 1524 422 1586 grcia
440 1523 480 1573 ibi
497 1522 659 1585 reconditio,
682 1524 715 1573 de
765 1515 934 1587 βάλλεσθαι,
953 1521 1025 1584 quod
1041 1535 1134 1572 omnes
1152 1522 1231 1574 codd.
1245 1522 1310 1574 affe-

167 1589 274 1654 quibua
295 1591 457 1657 Weaeeling.
491 1592 610 1643 conferri
640 1593 715 1643 iubet

165 1658 301 1710 Strabon.
317 1661 376 1712 XV.
387 1678 412 1725 p.
426 1662 476 1711 7²8
491 1678 512 1713 e.
530 1660 595 1713 1059
602 1662 632 1712 Α.
665 1664 713 1714 Cr.

164 1735 315 1793 praeterea
326 1729 360 1781 de
374 1731 467 1788 Sucia,
479 1731 512 1781 de
527 1732 626 1796 quibua
640 1739 715 1784 vete-

164 1813 231 1848 rum
243 1800 408 1864 scriptorum
416 1802 714 1865 loccacongeeeitBrie·

164 1883 230 1918 eon.
256 1869 296 1918 De
311 1885 366 1935 reg.
381 1871 454 1923 Pera.
471 1872 583 1936 princip.
604 1887 668 1937 pag.
680 1872 715 1924 88

164 1954 239 2001 aeq..
255 1939 373 1989 conferri
388 1941 447 1990 vult
461 1941 559 1992 Athen.
574 1941 637 1991 xli.
651 1957 712 2006 pag.

164 2007 222 2057 613
236 2007 270 2059 F.
288 2024 350 2074 pag.
369 2009 420 2060 409
434 2009 584 2075 Schweigh.
604 2011 712 2065 Daniel.

163 2076 252 2138 vlll,
270 2081 295 2129 ’2.
313 2078 425 2132 Nehem.
441 2079 465 2143 1,
481 2084 505 2132 l.
518 2080 647 2130 Bochart.
663 2081 715 2132 Ge-

164 2148 372 2281 autaut:
389 2150 715 2284 lt.¹3·.‘¹.⁵.¹=..lz¹;:¹.u.

162 2283 266 2335 Hoeclr
274 2304 281 2336 ι
288 2287 347 2338 Vet
355 2289 425 2339 Med.
435 2293 462 2338 et
469 2290 713 2345 Perae.M0numm.

162 2371 233 2421 pag.
248 2356 291 2407 98.
305 2357 349 2408 94.
380 2359 422 2407 Tu
437 2360 492 2409 vid.
507 2375 576 2425 qnae
593 2375 714 2410 crecen-

164 2427 271 2474 tiorum
290 2428 524 2493 peregrinatorum
546 2428 712 2479 testimoniis

163 2495 312 2546 attulimus
332 2498 368 2547 ad
380 2497 440 2558 ΙΙΙ,
459 2498 502 2551 70.
530 2499 562 2549 In
580 2514 655 2564 seqq.
677 2500 713 2549 ad

162 2564 254 2615 verba
263 2559 515 2617 ἔνθα-ἐνθαῦτά
533 2563 596 2630 εἰσι,
613 2572 641 2618 in
653 2570 713 2634 qui·

162 2634 220 2684 hue
232 2635 392 2686 adverbium
406 2636 549 2688 relativum
560 2630 656 2703 (ἔνθα)
668 2654 714 2689 ex-

163 2704 238 2768 cipit
248 2701 663 2773 demonstrativumffvduritc),
675 2708 712 2759 cf.

162 2774 268 2823 Matth.
285 2776 332 2828 Gr.
348 2776 396 2825 Gr.
413 2780 437 2839 ξ.
452 2780 485 2828 47
495 2786 512 2839 t,
528 2776 553 2828 3.
569 2781 626 2827 not.

201 2840 243 2907 τῷ
252 2841 303 2892 Aa
314 2837 441 2894 πλοάτον
453 2840 517 2906 πέρι
530 2838 639 2912 ἐρίζετε]
655 2849 672 2897 i.
688 2862 711 2897 c.

161 2928 242 2974 „crae
257 2912 320 2965 Ioue
338 2916 430 2966 diuitiis
446 2924 548 2967 certare
563 2918 713 2981 poteritir.'‘

161 2982 271 3046 attigit
278 2984 477 3047 proverbialem
488 2986 650 3036 locutionem
658 2987 713 3036 Eu·

162 3051 253 3102 atath.
271 3052 307 3102 ad
325 3053 439 3118 Dionye.
454 3055 559 3121 Perieg.
581 3056 662 3106 1072:
683 3057 712 3105 in

162 3137 221 3187 qua
235 3125 353 3173 certandi
361 3126 471 3174 verbum
483 3133 593 3189 ponitur
601 3126 627 3175 in
641 3140 713 3175 com·

161 3193 312 3256 paratione
330 3194 363 3242 de
381 3193 573 3256 similitudine,
592 3200 623 3244 ut
643 3194 711 3245 bene

162 3267 286 3310 annotat
301 3262 431 3316 Valcken.
444 3265 533 3315 citano
547 3264 647 3314 Herod.
663 3265 710 3327 lV,

164 3330 229 3379 lau.
254 3330 391 3381 Theocrit.
410 3333 463 3397 lv,
483 3349 525 3384 ve.
544 3332 587 3384 63.
610 3333 710 3388 Athen.

162 3398 220 3449 ΙΙΙ.
237 3415 265 3463 p.
281 3402 315 3451 75
328 3403 361 3453 E.
386 3399 446 3465 Sic,
467 3404 560 3453 eodem
575 3408 709 3465 monente,

161 3471 284 3519 cavandi
298 3472 409 3521 verbum
425 3472 497 3535 apud
511 3473 607 3522 Horat.
622 3472 709 3538 Epod.

162 3539 181 3587 2
193 3576 200 3597 ,
212 3542 256 3590 20.
271 3538 321 3588 Od.
337 3541 373 3601 11,
383 3540 409 3600 6,
423 3544 463 3603 lh,
476 3542 523 3592 ubi
534 3541 619 3592 multa
630 3543 712 3592 Lam·

161 3607 257 3687 binup.
272 3634 306 3644 -
320 3610 351 3658 ln
365 3612 485 3674 proxime
500 3628 576 3678 eeqq.
591 3613 711 3676 particu-

161 3676 218 3727 lam
229 3694 286 3741 αρα
296 3679 407 3731 adverte
420 3681 525 3746 aliquot
537 3681 627 3731 verbis
638 3686 712 3747 poet-

161 3751 296 3813 poaitam.
320 3748 404 3801 Paulo
424 3751 504 3802 aliter
524 3753 576 3816 IV,
597 3752 646 3815 64,
665 3751 712 3802 ubi

162 3817 224 3866 vid.
238 3823 309 3867 nott.

199 3880 293 3951 χρεών
309 3878 366 3935 έσιι
381 3877 468 3952 ὑμέας
484 3884 574 3954 μάχας
588 3878 711 3957 άναβάλ-

161 3955 279 4023 uruat]
308 3957 362 4008 Pro
378 3950 469 4022 χρεών
487 3959 663 4011 Florentinne
679 3959 711 4009 li-

161 4027 213 4077 ber
230 4032 259 4077 et
271 4027 323 4078 hoc
337 4026 398 4078 loco
410 4036 437 4078 et
449 4027 586 4096 plerisque
597 4029 669 4089 aliie,
680 4030 710 4079 in

163 4097 264 4162 quibua
284 4095 353 4147 haec
371 4113 425 4147 vox
442 4101 574 4159 occurrit,
595 4100 709 4163 praebet

161 4159 265 4230 χρεὸν,
285 4166 358 4231 quod
378 4173 538 4230 receperunt
557 4167 706 4234 Schweigh.

163 4242 194 4285 et
208 4236 365 4296 Gaiasord.;
387 4237 526 4302 vulgatam
539 4232 629 4301 χρεὼν
645 4239 710 4287 reti-

161 4308 225 4355 nuit
236 4305 388 4367 Matthiae,
405 4322 486 4372 quam
502 4307 614 4358 eandem
635 4309 709 4373 equi-

163 4374 225 4424 dem
245 4392 307 4427 cum
332 4382 448 4427 recentt.
475 4376 535 4430 edd.
563 4377 708 4428 tenendam

162 4443 244 4507 uum
266 4447 303 4497 ιι.
317 4445 346 4511 1,
363 4446 405 4498 ιι.
420 4446 463 4498 57.
480 4446 523 4512 11,
539 4446 596 4499 ιον.
615 4447 707 4512 vac.

765 1596 842 1653 runt,
861 1589 1012 1654 Schweigh.
1037 1594 1170 1640 mutatum
1197 1592 1257 1642 vult
1281 1594 1309 1642 in

764 1654 959 1727 ἀναλαβέσθαι
975 1674 1010 1715 ,eo
1025 1674 1117 1723 aenan,
1137 1676 1189 1725 qno
1202 1660 1258 1723 ΙΙΙ,
1275 1661 1309 1712 69

765 1722 960 1796 ἀναλαβέσθαι
971 1726 1119 1794 κίνδυνον,
1130 1729 1201 1795 quod
1211 1733 1309 1795 probat

764 1798 915 1861 Matthiae,
929 1798 972 1850 hie
984 1798 1102 1849 adiectis
1116 1800 1221 1850 verbis:
1241 1802 1308 1864 „Sic

765 1876 807 1920 eet
819 1869 871 1931 111,
886 1869 929 1920 69.
943 1859 1155 1935 ἀναβάλλεσθαι
1169 1866 1310 1919 κίνδυνον

765 1944 808 1991 eet
820 1940 938 2002 differre,
949 1943 980 1987 ut
992 1938 1066 2003 apud
1080 1939 1204 2004 Thucyd.
1218 1939 1251 2002 V,
1263 1941 1308 1992 46.

764 2010 826 2060 Non
837 2008 1062 2059 dissimulandum
1073 2014 1173 2070 tamen,
1185 2001 1307 2076 άναβάλ·

764 2077 864 2128 λεσθαι
895 2070 1019 2142 πόλεμον
1043 2080 1198 2145 comparari
1226 2095 1307 2144 poree

765 2165 826 2200 cum
841 2138 1034 2198 &senuerunt
1048 2146 1179 2211 φορτίον,
1196 2150 1245 2200 ribi
1263 2154 1307 2201 im-

762 2233 867 2282 ponere,
883 2221 1020 2281 eurcr'pere,
1034 2218 1132 2284 dequo
1146 2219 1203 2271 vid.
1218 2221 1305 2286 Toup.

765 2290 823 2338 Em.
835 2287 910 2340 Suid.
924 2288 957 2339 T.
972 2289 994 2337 1.
1005 2303 1068 2352 pag.
1082 2290 1164 2340 242.“
1187 2291 1223 2339 at
1233 2300 1307 2341 recte

764 2358 893 2422 vulgatae
905 2358 1095 2422 patrocinatur
1106 2357 1263 2410 Schneider.
1278 2362 1307 2409 in

764 2428 831 2477 Lex.
851 2427 898 2477 Gr.
932 2442 1094 2491 comparane
1122 2429 1219 2477 cimilia
1241 2444 1306 2479 naue

764 2497 875 2548 verbnm
892 2485 1080 2558 ἀναρρίπτειν
1092 2497 1306 2562 etdeechylenm

764 2565 831 2616 illud
844 2565 872 2616 S.
887 2582 911 2616 c.
924 2565 974 2615 Th.
990 2563 1234 2631 1030(952130th.)
1250 2559 1306 2616 άνά

763 2634 904 2684 κίνδυνον
918 2630 1008 2700 βαλῶ,
1030 2636 1102 2700 quod
1114 2635 1203 2700 ipsum
1218 2636 1307 2686 Blom-

764 2704 827 2756 held
846 2704 949 2755 Graece
968 2703 1022 2754 dici
1041 2718 1121 2769 poeec
1141 2720 1246 2784 negano
1266 2706 1306 2756 eie

763 2775 894 2826 mutavit:
904 2765 974 2837 κάμλ
985 2766 1110 2840 κινδύνῳ
1117 2771 1202 2839 βάλοι,
1210 2790 1306 2839 purum

764 2852 838 2897 recte
847 2843 1023 2908 meaquidorn
1034 2859 1066 2893 ex
1076 2847 1222 2897 sententia.
1236 2846 1306 2895 Nam

764 2915 808 2965 hic
819 2916 878 2979 ipre
889 2914 1024 2963 Herodoti
1036 2912 1123 2977 locun,
1137 2915 1183 2980 qui
1196 2930 1251 2965 non
1265 2915 1307 2965 su·

763 2986 805 3051 git
816 2985 937 3034 Paeeotv.
952 2983 981 3032 in
994 2984 1061 3034 Lex.
1075 2982 1138 3046 Gn,
1153 2999 1246 3034 vorum
1259 2984 1307 3034 do·

763 3070 824 3106 cere
836 3057 954 3119 poterat.
971 3053 1070 3118 Itaque
1085 3054 1169 3118 probo
1180 3055 1305 3119 equidem

781 3123 835 3175 uod
851 3122 931 3174 Both.
945 3123 1068 3173 reatituit
1079 3112 1153 3172 κάνά
1165 3120 1306 3173 κίνδυνον

761 3140 850 3260 βαλῶ,
870 3192 942 3259 quod
960 3193 1062 3243 dictum
1073 3209 1122 3257 pro
1141 3188 1190 3242 aul
1208 3190 1306 3242 κίνδο-

762 3278 815 3312 νον
832 3257 963 3329 άναβαλολ
977 3263 1047 3312 idem
1065 3262 1141 3313 valet
1158 3269 1241 3327 atque
1256 3258 1306 3311 καλ

760 3322 912 3395 άναρρίψω
925 3328 1080 3396 κίνδυνον,
1095 3338 1126 3382 ut
1137 3333 1206 3383 bene
1220 3336 1306 3383 inter-

761 3408 886 3468 pretatur
911 3401 1083 3452 abresehine.
1131 3403 1189 3453 Nec
1215 3418 1306 3453 moror

761 3472 872 3522 verbum
884 3471 1016 3535 medium,
1029 3472 1058 3521 in
1070 3486 1124 3538 quo
1136 3472 1196 3537 ipeo
1210 3471 1305 3524 haeret

762 3539 1044 3606 Schweighaeuserue.
1063 3542 1096 3592 In
1106 3547 1222 3592 mentem
1234 3544 1305 3592 enim

761 3613 875 3661 veniunt
901 3604 1085 3672 ἀναιρεῖσθαι
1109 3606 1236 3675 πόλεμον
1259 3610 1305 3677 (V,

762 3681 822 3745 36),
844 3679 899 3729 alia
915 3680 943 3730 id
959 3696 1054 3743 genua.
1084 3681 1183 3746 Itaque
1203 3683 1305 3732 retinui

762 3767 822 3802 cum
831 3756 944 3800 recentt.
957 3750 1017 3800 edd.
1029 3743 1252 3815 ἀναβάλλεσθαι,
1263 3753 1304 3801 id·

762 3836 815 3886 que
830 3821 863 3871 de
876 3835 908 3870 eo
924 3820 1063 3885 intelligo,
1081 3819 1127 3885 qui
1142 3836 1250 3885 puppem
1265 3822 1305 3885 (in

762 3906 791 3942 ae
803 3889 893 3954 quasi)
904 3892 1016 3952 ονεοίρίλ.
1042 3890 1084 3940 Ad
1097 3904 1191 3939 vocem
1205 3884 1304 3938 ἰσοπα-

760 3956 838 4018 λέας,
866 3974 919 4023 qua
945 3961 1027 4008 etiam
1045 3962 1131 4008 utitur
1151 3958 1302 4024 Thucydid.

760 4029 802 4089 11,
819 4029 853 4079 39
865 4034 892 4078 et
906 4028 960 4087 1v,
973 4029 1021 4087 94,
1039 4028 1119 4093 plura
1131 4028 1217 4080 allata
1230 4031 1305 4079 inve-

760 4100 819 4149 niea
832 4099 861 4147 in
871 4097 953 4148 Thea.
962 4098 1040 4163 Ling.
1049 4097 1146 4152 Graec.
1157 4098 1203 4149 lv,
1214 4115 1239 4162 p.
1252 4098 1304 4148 676

761 4167 803 4219 cd.
822 4167 947 4217 Dindorf.
963 4168 1119 4219 Herodotus
1142 4182 1174 4217 ea
1196 4182 1304 4232 quoque

760 4237 880 4297 utitan,
890 4237 934 4303 82,
957 4237 989 4287 ln
1003 4253 1079 4303 seqq.
1096 4235 1130 4286 ad
1144 4237 1228 4287 verba
1241 4250 1306 4298 χρυ-

761 4304 814 4355 σοῦ
830 4299 965 4370 ἐχόμενόν
984 4296 1040 4356 έσιι
1054 4298 1140 4356 ον’θλν
1156 4307 1192 4358 cf.
1211 4304 1302 4355 laudd.

759 4376 796 4426 ad
815 4376 873 4497 Ιλὲ,
893 4376 928 4427 66
945 4381 974 4429 et
999 4377 1035 4427 ad
1055 4377 1168 4429 verbum
1194 4364 1305 4442 ἐνάγειν

760 4447 808 4513 IV,
826 4448 869 4500 7.
