2916 5130
409 398 410 402 '
441 416 919 498 nonannoeane.
1179 411 1240 476 soa

113 612 184 662 esse,
200 594 270 647 idem
283 594 325 647 vir
338 593 435 646 doctus
453 595 625 663 suspicatum
641 596 676 646 ad
689 597 787 665 δῆμον,
801 596 843 648 cui
861 614 959 648 nomen
970 587 1116 666 Ἐροεάὸες,
1131 593 1241 648 aliunde

112 696 223 750 quoque
240 680 424 747 cognitum*)‚
442 680 540 731 referri
553 679 656 732 mavult
671 680 703 732 C.
719 682 768 733 Fr.
785 678 986 750 Hermann**).

195 764 303 816 Nullam
319 763 506 817 difficultatem
522 782 633 834 quoque
657 758 931 833 praebent'Unlqrss
952 784 975 818 s.
985 761 1135 838 Ὁπλῆται,
1153 769 1177 818 si
1193 770 1241 820 mi-

110 851 175 916 lites,
191 844 222 903 τὸ
237 844 366 919 μάχιμον,
383 858 413 901 nt
427 848 592 903 Plutarchus
609 849 684 917 dixit,
700 851 878 917 intellexeris,
893 853 986 918 prouti
1000 853 1062 921 ipsa
1080 870 1132 904 vox
1149 852 1238 921 docet,

110 934 129 985 i.
151 953 175 986 e.
198 952 255 986 eam
276 935 377 987 tribum
398 954 421 986 s.
438 935 553 988 classem
568 935 719 987 Atticorum
740 937 890 1003 hominum,
919 937 967 1005 qui
986 937 1067 990 armis
1088 940 1238 991 tractandis

109 1019 217 1071 assueti
228 1022 347 1071 tuerint:
364 1018 413 1088 qui
426 1019 507 1071 iidem
515 1037 579 1072 num
587 1020 801 1090 nobilesquoqne
814 1022 986 1093 fuerint***)
996 1040 1060 1092 prae
1070 1023 1186 1075 caeteris
1195 1043 1238 1077 ar-

107 1121 212 1157 morum
226 1105 428 1156 tractandorum
447 1104 557 1172 negotio
572 1105 666 1171 dediti,
683 1106 803 1177 itemque
815 1110 964 1178 locupletes,
979 1109 1026 1177 qni
1040 1109 1151 1175 fundos,
1169 1127 1238 1178 qnos

108 1190 268 1259 possident,
292 1189 395 1258 amplos
413 1206 462 1257 per
479 1208 576 1242 servos
600 1190 756 1243 hominesve
779 1191 941 1244 tributarios
962 1194 1013 1245 coli
1033 1194 1144 1264 iubent,
1167 1194 1237 1249 haud

107 1275 262 1327 decernam.
313 1275 389 1326 Nos:
411 1276 461 1325 der
476 1277 671 1345 Kriegeretnnd
681 1295 704 1327 s.
723 1278 894 1335 Welrrrtnnd,
929 1277 1036 1339 Quarta
1051 1280 1150 1347 tribus,
1168 1296 1238 1347 quae

106 1360 194 1428 primo
220 1359 280 1411 loco
305 1360 377 1428 apud
403 1360 574 1412 Herodotum
605 1378 693 1430 aeque
718 1368 800 1432 atque
829 1362 902 1431 apud
927 1360 1063 1417 Pollucem
1095 1352 1238 1433 ipsuque

104 1444 268 1513 Euripidem
287 1444 457 1510 nominatur,
476 1444 555 1497 valde
571 1446 694 1498 exercuit
712 1447 787 1499 viros
805 1446 910 1499 doctos.
955 1448 1011 1509 Qui
1035 1448 1120 1514 enim,
1145 1456 1176 1500 ut
1205 1448 1237 1501 de

105 1529 169 1598 ipsa
194 1531 312 1583 lectione
335 1530 448 1599 primum
475 1530 630 1598 rideamus,
656 1532 690 1582 ab
711 1531 851 1584 Herodoto
873 1538 901 1583 et
922 1532 1061 1601 Stephano
1082 1533 1237 1599 Byzantino

106 1623 243 1668 vocantur
258 1613 456 1681 Psia'ovmc†)‚
479 1615 552 1683 apud
568 1615 703 1668 Pollucem
719 1616 969 1686 atqueEuripidem
985 1618 1113 1669 dicuntur
1124 1616 1237 1671 Τελέον-

102 1718 159 1767 τες,
175 1701 249 1769 qnod
263 1717 357 1753 verum
372 1699 454 1751 huius
468 1700 557 1751 tribus
573 1718 670 1753 nomen
692 1718 751 1754 cum
773 1702 834 1753 olim
856 1702 1027 1770 suscepisset
1048 1703 1236 1754 demonstran·

102 1785 170 1836 dnm
191 1785 347 1838 Boeckhius
368 1785 395 1836 in
413 1783 492 1835 indic
509 1785 653 1837 Praelectt.
672 1787 861 1839 Berolinenss.
878 1787 942 1838 anni
964 1787 1145 1838 MDCCCXll
1164 1787 1234 1857 (vid.

103 1870 248 1923 Seebode:
263 1870 359 1924 Neues
374 1868 473 1921 Archiv
491 1878 542 1922 etc.
560 1870 616 1936 ΙΙΙ,
632 1873 656 1924 3.
675 1890 739 1941 pag.
756 1876 789 1925 53
805 1875 913 1941 seqq),
935 1872 1108 1924 librariorum
1123 1891 1138 1923 e
1157 1873 1235 1941 culpa

103 1962 195 2008 ortum
211 1963 293 2024 atque
307 1955 335 2006 in
352 1951 493 2016 Γελέοντες
516 1957 731 2010 commutandum
747 1974 810 2009 esse
825 1958 935 2008 censuit
957 1958 1028 2008 God.
1049 1957 1234 2023 Hermannus,

102 2040 233 2109 pluribus
249 2042 316 2093 haec
330 2039 488 2108 disquirens
504 2041 530 2092 in
548 2040 668 2092 Praefat.
694 2043 728 2095 ad
743 2041 869 2109 Euripid.
891 2040 952 2093 lon.
968 2059 1032 2110 pag.
1054 2041 1235 2095 XXI-XXV.

103 2125 189 2188 Quod
204 2124 277 2193 apud
292 2124 469 2176 Plutarchum
481 2124 499 2179 l.
516 2142 602 2194 snpra
617 2126 634 2177 Ι.
647 2125 749 2193 legitur
767 2124 932 2193 Pedicatur,
954 2145 969 2179 e
984 2126 1089 2180 Reiskii
1111 2127 1235 2179 emenda-

103 2211 182 2262 tione
197 2210 429 2277 fluxitrulgatam
449 2209 590 2262 lectionem
606 2229 637 2278 γε
662 2209 787 2281 δέοντας,
803 2227 884 2280 quam
905 2212 933 2264 in
958 2210 1106 2273 Τελέοντος
1131 2220 1236 2264 mutare

106 2293 232 2346 voluerat
250 2295 338 2347 Henr.
360 2295 533 2363 Stephanus,
561 2295 601 2346 sic
624 2296 806 2364 corrigentis3
828 2296 953 2367 equidem
974 2298 1023 2348 hoc
1045 2314 1155 2367 quoque
1177 2297 1235 2348 loco

105 2396 241 2448 reponere
265 2379 350 2431 malim
377 2378 552 2448 Γελέοντας,
579 2396 639 2431 cunr
668 2378 829 2442 Γεδέοντας
856 2380 923 2434 nihil
950 2382 1061 2449 hebeat,
1088 2399 1143 2452 quo
1166 2399 1234 2434 com-

102 2465 360 2533 mendetur5neque
376 2462 430 2515 ullo
453 2464 529 2515 modo
553 2464 683 2534 explicari
703 2473 800 2535 queat:
821 2466 867 2517 vix
885 2467 955 2519 enim
973 2467 1117 2538 qnisquam
1138 2467 1236 2536 opinor

102 2566 165 2602 cum
181 2549 331 2615 Cornifi)
346 2549 396 2600 hoc
411 2547 570 2601 vocabulum
587 2569 603 2602 a
615 2550 743 2603 findendo
760 2549 818 2602 solo
833 2546 922 2620 (παρὰ
933 2545 964 2606 cd
979 2553 1031 2621 γῆν
1044 2550 1147 2625 dolatu)
1163 2552 1234 2604 deri·

101 2652 170 2687 vare
190 2634 309 2703 indeque
328 2632 463 2701 agricolas
484 2651 506 2687 s.
527 2651 654 2701 agrorum
676 2654 855 2703 possessores
871 2635 1006 2707 explicare
1026 2635 1108 2689 volet.
1127 2636 1234 2688 Confir-

99 2726 295 2772 maturantem
311 2736 382 2788 qnae
396 2736 462 2771 vera
478 2725 521 2770 est
536 2719 615 2772 lectio
631 2719 787 2790 Palinuros,
804 2721 911 2774 duabus
926 2721 1234 2789 inscriptionibns†††)

101 2805 198 2870 Teios,
214 2805 233 2855 i.
250 2822 275 2857 e.
289 2800 398 2855 lonicae
415 2804 544 2871 civitatis,
560 2806 697 2874 inquibus
712 2800 962 2875 commemoratum}
981 2801 1138 2859 Priscorum
1150 2800 1234 2874 φυλὴ,

100 2891 222 2960 itemque
234 2904 366 2940 marmore
382 2886 593 2957 Cyziceno*†),
614 2892 640 2942 in
658 2908 711 2959 qno
728 2892 836 2944 eaedem
858 2899 989 2963 quattuor
1013 2890 1103 2943 tribus
1124 2890 1234 2942 Ionicae

100 2976 284 3027 inveniuntur
300 2971 474 3043 (Γελέοντες,
490 2966 641 3046 berodach,
656 2973 824 3046 Αἰγικορεῖς,
837 2968 1001 3048 Ὅπλητες),
1031 2976 1132 3028 additis
1154 2993 1233 3044 prae-

99 3068 181 3113 terea
197 3060 305 3113 duabus
321 3059 382 3111 aliis
403 3060 492 3128 iisque
507 3060 595 3112 adhuc
609 3061 759 3130 incognitis
772 3062 894 3134 (Βωρεῐς,
905 3059 1060 3129 Οἰνώνης),
1078 3061 1233 3129 Cyzicenos

172 3310 199 3375 ⁸³)
213 3313 274 3363 Vid.
290 3313 322 3363 L.
335 3313 420 3363 Roas:
435 3312 488 3362 Die
499 3313 605 3363 Demen
619 3319 672 3363 etc.
683 3330 745 3379 pag.
764 3313 808 3365 69.

171 3379 215 3445 **)
228 3382 336 3436 Griech.
350 3382 553 3434 Staatsnlterth.
565 3386 589 3446 ξ.
602 3382 645 3434 94.
661 3390 719 3434 not.
735 3384 777 3438 12.

171 3450 231 3517 ***)
251 3452 296 3503 Sic
320 3452 412 3507 Plass:
436 3452 490 3502 Die
512 3453 648 3517 Tyrannio
671 3454 693 3503 1.
716 3470 743 3519 p.
765 3455 799 3505 52
817 3470 891 3520 seqq.
911 3452 973 3505 coll.
996 3454 1039 3505 57.
1062 3454 1155 3504 Haase
1174 3452 1192 3502 Ι.
1212 3451 1231 3501 Ι.

121 3537 138 3571 a
159 3523 225 3573 .77.

99 3539 118 3587 p
139 3537 156 3586 g
171 3589 202 3657 †)
220 3591 251 3641 In
259 3592 393 3642 Herodoti
406 3591 465 3641 loco
476 3587 623 3647 Ἰέλέοντες
637 3593 769 3655 praebent
779 3593 831 3643 duo
844 3592 906 3643 libri
915 3597 942 3640 et
955 3592 1037 3642 editio
1045 3592 1232 3654 Gronorianu,

99 3677 135 3711 ex
153 3661 275 3711 Mediceo
290 3662 417 3723 sortasse,
429 3665 460 3710 ut
471 3666 550 3725 putat
561 3660 852 3726 Schweighaeuserns3
866 3661 945 3715 Valla
954 3677 1077 3725 unusque
1091 3661 1232 3710 Parisinus

101 3730 187 3780 habet
203 3746 232 3794 ys
245 3726 368 3794 λέοντες,
387 3732 564 3781 Florentinus
580 3736 608 3780 et
620 3731 719 3797 reliqui
731 3734 809 3783 codd.
821 3724 868 3783 “Γε
878 3727 933 3781 λέο
942 3746 957 3778 ν
966 3744 1033 3787 aar:
1055 3731 1125 3796 qnod
1139 3746 1231 3781 rerum

100 3814 163 3850 esse
177 3800 277 3850 dudum
290 3801 398 3851 viderat
414 3800 578 3865 Wesseling.
593 3802 619 3849 in
634 3801 751 3853 Dissert.
768 3803 900 3853 Herodot.
912 3801 961 3850 XI.
979 3818 1004 3866 p.
1021 3801 1079 3851 164.

171 3869 222 3934 ††)
235 3871 263 3920 in
277 3871 409 3921 Aduolat.
423 3871 458 3919 ad
472 3870 610 3921 Plutarch.
629 3870 646 3922 l.
665 3872 682 3920 l.
697 3872 765 3921 Add.
781 3874 812 3922 E.
828 3875 864 3923 H.
878 3872 910 3921 0.
923 3869 1053 3922 Mueller:
1074 3872 1116 3920 De
1136 3871 1232 3935 priscis

100 3940 149 3991 IV.
167 3940 259 4004 populi
271 3940 369 3991 Athen.
387 3940 467 3991 tribh.
483 3941 550 4005 orig.
566 3956 628 4005 pag.
645 3942 686 3995 81.
700 3958 775 4006 seqq.
809 3943 840 3991 In
859 3943 929 3991 hane
946 3942 1110 3992 sententiam
1124 3956 1232 4005 quoque

98 4010 181 4072 Muys
196 4008 408 4073 (Gricchenland
424 4026 450 4060 n.
467 4010 515 4061 der
532 4011 628 4060 Orient
640 4026 666 4075 p.
683 4009 717 4063 33
731 4009 801 4077 seq.)
815 4012 959 4063 Geleontes
980 4013 1176 4076 interpretatus
1190 4017 1233 4061 est

98 4082 242 4130 calcatores
256 4097 278 4130 s.
291 4089 419 4132 aratores.

170 4149 241 4213 †††)
257 4150 318 4200 Vid.
331 4150 410 4215 Corp.
424 4150 510 4201 Inscr.
522 4149 634 4201 Graece.
647 4148 707 4199 Vol.
720 4150 758 4201 11.
771 4165 811 4202 nr.
824 4148 902 4200 3078.
912 4149 990 4200 3079.
1004 4165 1068 4214 pag.
1078 4149 1129 4200 670
1141 4149 1231 4213 ibique

98 4218 232 4278 Boeclrh.;
246 4220 361 4270 eundem
379 4221 414 4270 cf.
434 4222 462 4268 in
475 4220 597 4270 Prooem.
616 4218 694 4269 Indd.
707 4220 797 4273 Lectt.
812 4218 911 4269 Beroll.
927 4218 992 4270 1812
1012 4219 1080 4281 (rid.
1097 4219 1231 4269 Seebode:

98 4286 200 4338 Archiv
220 4290 240 4339 f.
254 4289 351 4340 Philol.
375 4288 430 4340 und
446 4291 601 4355 Paedagog.
616 4290 673 4353 III,
689 4287 713 4342 3.
727 4306 792 4356 pag.
812 4291 846 4340 52
869 4294 925 4338 not.
942 4288 980 4355 9).
1007 4289 1168 4340 Grotsleutl:
1190 4290 1232 4338 De

99 4357 169 4410 dem.
188 4364 217 4407 et
231 4359 309 4423 pagis
325 4361 427 4410 Attice.
445 4376 506 4424 pag.
523 4358 548 4411 8.
565 4364 620 4409 not.
635 4359 660 4409 3.

169 4426 217 4493 *†)
232 4428 294 4478 vid.
305 4428 422 4494 Caylns:
435 4429 548 4480 Recueil
561 4429 586 4477 d’
595 4429 732 4494 Antiquit.
747 4429 784 4478 11.
798 4428 854 4479 tub.
869 4427 904 4479 59
917 4444 975 4494 seq.
988 4428 1022 4482 69
1038 4443 1094 4495 seq.
1110 4434 1138 4479 et
1151 4428 1231 4494 Corp.

99 4496 215 4551 Graeco.
231 4497 358 4566 inscript.
372 4498 432 4552 Vol.
445 4499 483 4548 ΙΙ.
500 4514 541 4549 nr.
553 4497 621 4550 3664
635 4498 728 4566 ibique
739 4498 859 4550 Boeckh.
880 4514 942 4564 pag.
956 4498 1008 4550 920
1019 4514 1077 4565 seq.
1090 4500 1141 4550 922
1154 4514 1232 4566 seqq.

967 4583 1035 4645 51*
