2998 5138
294 395 335 461 62
722 397 991 461 HERODO'PI

294 574 390 644 τοῦτό
405 577 473 643 ἐστι
487 568 528 643 οὐ
542 575 757 662 περιοπτέον,
771 577 867 661 γένος
880 571 917 642 τὸ
932 570 1167 662 Εὐρυσθένεος
1189 578 1341 662 γενέσθαι
1354 579 1406 659 ἕξί·

294 686 403 767 τηλον.
437 676 480 746 ου’
501 705 567 746 νυν
587 675 649 765 τὴν
668 677 730 766 μὲν
751 684 834 764 ἔχεις
854 693 1017 766 γυναῖκα,
1039 682 1114 747 ἐπεί
1130 705 1165 747 τε
1185 705 1236 748 τοι
1258 676 1297 747 οὐ
1309 688 1407 765 τίκτει,

295 788 383 867 ἔξεο,
398 778 504 869 ἄλλην
519 781 555 850 δὲ
569 785 692 869 γῆμον·
713 782 769 850 καὶ
783 784 907 849 ποιέων
919 786 1025 851 ταῦτα
1038 780 1267 871 Σπαρτιήτῃσι
1281 778 1406 870 ἁδήσεις.

288 883 325 954 ‘0
340 885 376 953 δέ
391 880 545 973 ἆμείβετο
559 883 625 972 φὰς
644 884 774 954 τούτων
793 880 953 975 οὐδέτεροι
976 885 1144 974 ποιήσειν,
1167 888 1312 965 ἐκείνους
1324 913 1356 954 τε
1367 883 1442 957 οὐοίι

293 993 401 1067 καλῶς
415 987 659 1076 συμβουλεύειν
674 992 932 1078 παραινέοντας,
953 988 1014 1078 τὴν
1035 997 1100 1077 ἔχει
1120 1006 1281 1078 γυναῖκα,
1302 993 1408 1058 ἐοῦσαν
1471 1024 1472 1027 “

295 1091 526 1182 ἀναμάρτητον
541 1088 655 1182 ἑωυτῷ
663 1145 672 1178 ,
687 1091 813 1180 ταύτην
826 1090 961 1180 ἆπέντα,
976 1091 1081 1181 ἄλλην
1096 1096 1328 1181 ἐσαγαγέσθαι,
1340 1089 1411 1161 οὐδέ

247 1206 287 1267 40
297 1218 357 1285 σφι
373 1204 559 1265 πείσεσθαι.
592 1194 684 1285 Πρὸς
705 1200 809 1265 ταῦτα
828 1202 863 1265 ol
874 1204 988 1286 ἔφοροι
1002 1198 1059 1266 καί
1072 1202 1107 1265 ol
1117 1201 1271 1286 γέροντες
1284 1204 1406 1284 βουλευ-

294 1300 431 1390 σάμενοι
445 1304 654 1389 προσέφερον
666 1298 907 1390 Ἀναξανδρίδῃ
921 1299 1017 1369 τάδε·
1043 1297 1131 1369 Ἐπεὶ
1145 1308 1261 1370 τοίνυν
1275 1298 1406 1387 περιεχό-

295 1403 397 1495 μενόν
411 1426 448 1473 σε
462 1401 600 1495 ὁρέομεν
613 1409 670 1494 τῆς
684 1412 768 1493 ἔχεις
782 1401 1008 1493 γυναικὸς,σύ
1024 1405 1060 1473 δὲ
1074 1409 1179 1473 ταῦτα
1193 1411 1299 1491 ποίεε,
1313 1398 1408 1490 καὶμὴ
1471 1494 1472 1509 ¹

295 1622 375 1658 secus
397 1605 538 1658 iecissent.
566 1606 626 1669 Ita,
643 1611 675 1656 ut
702 1604 754 1657 boo
773 1611 837 1657 utar

296 1676 433 1742 exemplo,
453 1676 643 1726 Archidamum
664 1677 836 1741 vituperasse

294 1747 421 1798 dieantur
434 1746 536 1811 ephori,
552 1746 623 1811 qaod
639 1746 768 1795 feminam
782 1751 837 1796 eta·

294 1820 356 1868 tara
374 1817 455 1866 nimia
474 1816 598 1880 exiguam
624 1817 746 1867 duxisset
770 1814 837 1881 (qua

295 1888 328 1937 de
345 1903 374 1937 re
392 1887 447 1936 rid.
462 1885 546 1935 allata
565 1902 581 1935 a
594 1885 788 1949 Wyttenbecb.
807 1887 836 1935 in

294 1956 498 2006 Animadversa.
518 1955 554 2004 ad
567 1953 707 2008 Plutarch.
727 1955 834 2007 Morall.

294 2025 317 2076 1.
331 2041 394 2091 pag.
416 2024 475 2089 71);
502 2023 575 2075 baud
590 2024 671 2076 aliter
686 2030 768 2089 atque
784 2025 835 2078 hoe

293 2094 369 2157 loco,
390 2094 435 2144 nbi
448 2110 536 2159 regem
551 2094 585 2143 ob
598 2096 692 2144 uxoris
705 2093 836 2146 rterilita·

295 2170 349 2215 tem
364 2163 528 2227 compellant
542 2180 664 2229 eumque,
682 2180 792 2215 uxorem
805 2173 835 2216 ut

295 2234 379 2285 ducat
408 2233 501 2284 liberie
533 2235 710 2299 procreandis
747 2238 835 2301 magia

294 2304 429 2366 idoneam,
437 2304 592 2354 admonent.
604 2305 835 2367 Quemadmodum

294 2375 401 2424 enimin
415 2374 528 2439 cingulis
542 2376 659 2435 civibus,
670 2375 712 2425 ita
723 2376 751 2424 in
765 2377 835 2441 regi-

293 2445 345 2495 bur
359 2446 518 2510 praesertim
535 2460 566 2495 eo
586 2446 722 2509 rpectavit
738 2446 833 2495 matri·

293 2516 412 2566 monium
428 2531 460 2565 ex
474 2515 669 2580 Spartanorum
685 2517 834 2579 sententia,

291 2591 322 2636 ut
336 2584 443 2636 eobolee
456 2585 570 2636 robusta
586 2586 696 2635 civitati
714 2589 834 2651 gignere·

294 2662 352 2718 tur,
373 2657 418 2705 cui
432 2670 570 2721 nunquam
585 2655 710 2705 deessent
726 2656 778 2705 viri
793 2671 834 2706 ro-

293 2726 415 2776 bustiae
434 2725 527 2775 fortes.
555 2725 629 2775 Hinc
644 2740 750 2791 quoque
764 2725 835 2776 diiu-

294 2795 412 2845 dicanda
429 2800 509 2859 eunt,
527 2810 597 2860 quae
611 2795 681 2859 apud
694 2795 832 2845 Plutarch.

291 2864 321 2913 in
331 2866 448 2929 Lycurg.
463 2865 505 2917 15.
522 2864 834 2930 xenophontnepma-

294 2950 352 2984 con.
367 2935 391 2985 I.
406 2937 431 2996 §-
446 2935 462 2983 7
480 2933 621 2999 leguntur,
640 2933 692 2984 huc
708 2940 834 2998 spectan-

294 3005 347 3067 tia,
367 3003 436 3053 bene
456 3008 577 3054 tractata
591 3019 607 3052 a
620 3003 719 3070 Cragio
733 3006 774 3055 De
792 3021 832 3055 re·

293 3075 368 3139 pnbl.
381 3075 448 3123 Lac.
460 3074 504 3123 111
520 3074 589 3124 Inst.
606 3072 652 3123 IX.

328 3133 451 3192 ἐπείτε
466 3156 507 3191 τοι
521 3132 555 3190 οὗ
566 3140 663 3207 τίκτει]
683 3141 725 3192 (li.
740 3144 773 3206 V,
791 3143 831 3193 18.

292 3215 356 3264 Mox
369 3228 416 3277 pro
429 3205 489 3272 ἔξεο
508 3211 617 3277 plurimi
631 3211 709 3263 codd.
730 3203 760 3260 έν
776 3208 831 3275 οεό,

294 3283 364 3351 quod
384 3284 472 3348 iprum
491 3282 662 3333 antecedenti
681 3280 767 3332 τίκτει
784 3284 833 3333 ad-

293 3355 423 3419 iungitur.
459 3353 492 3401 In
520 3367 574 3401 una
604 3350 705 3402 Aldina
731 3342 761 3400 έιι
785 3352 831 3402 σέο

293 3415 376 3487 ἄπες,
396 3421 469 3487 quod
489 3420 580 3486 plures
596 3420 658 3471 dein
677 3426 831 3473 tenuerunt.

291 3495 315 3543 E
327 3491 468 3543 Schaeferi
480 3492 746 3558 conieelrrrafllluxit,
759 3494 831 3557 quod

290 3567 405 3614 recentt.
422 3562 483 3612 edd.
507 3561 627 3627 plerique
643 3562 830 3627 exhibuerunt,

292 3633 425 3699 probante
442 3631 559 3685 Bredov.
582 3646 643 3696 pag.
666 3633 733 3695 322,
760 3624 830 3692 ἔξεο,

291 3703 387 3769 quieet-
394 3703 491 3752 aorieti
499 3716 554 3756 τεο,
561 3701 643 3753 medii
653 3703 831 3768 imperativus

291 3773 368 3824 verbi
381 3761 484 3833 έξιένοιι
498 3786 546 3836 pro
563 3764 628 3832 έξου
647 3770 714 3837 (οἰδ.
730 3771 830 3824 Matth.

292 3842 340 3893 Gr.
356 3840 401 3892 Gr.
416 3840 439 3904 ξ.
454 3841 505 3893 213
520 3847 576 3892 not.
592 3839 620 3907 5)
633 3841 684 3892 hoc
700 3841 757 3892 lere
772 3858 831 3892 sen-

292 3927 337 3962 rn:
357 3912 450 3962 dimitte
467 3928 484 3961 a
502 3919 527 3961 tc
545 3928 567 3962 e.
587 3928 603 3961 ο
620 3920 665 3962 ruo
682 3913 753 3963 domo
765 3928 831 3986 qro-

291 3998 360 4041 rem;
380 3996 460 4046 aquo
473 3981 566 4034 eodem
580 3982 664 4032 verbo
677 3982 754 4032 fluxit
773 3978 831 4042 εξε-

292 4065 335 4109 σις
353 4052 387 4113 V,
406 4051 441 4103 40
457 4052 579 4115 dimissio,
598 4052 740 4114 divortium,
760 4043 831 4100 cinri-

291 4129 398 4186 πεμιμις
408 4115 551 4185 γυναικὸς,
565 4127 596 4173 ut
609 4124 721 4187 exponit
732 4123 832 4171 Eusta-

291 4192 379 4251 thius;
393 4206 456 4241 uam
471 4193 499 4242 in
513 4192 604 4242 verbis
618 4181 725 4256 έξίημι,
738 4178 830 4270 ἕξεοις

291 4263 385 4313 eadem
396 4263 468 4313 inert
479 4263 522 4313 vie
532 4267 615 4326 etque
626 4262 654 4310 in
666 4262 747 4312 verbo
759 4275 830 4310 ατο-

290 4330 421 4398 πέμτιειν,
436 4332 508 4398 quod
523 4332 555 4382 de
567 4332 633 4380 viris
648 4329 729 4392 valet,
738 4346 830 4396 quem-

290 4403 434 4454 admodum
462 4391 630 4450 ἀπολείπειν
653 4400 685 4450 de
711 4400 827 4453 leminis.

290 4473 369 4525 Conl.
383 4473 436 4537 VI,
452 4471 486 4524 63
499 4476 528 4524 et
540 4470 567 4539 1,
581 4469 717 4539 oninique
729 4472 828 4524 citata.

887 1604 949 1654 Ellz
968 1606 1083 1668 Quaeet.
1103 1604 1226 1655 Herodd.
1254 1620 1281 1669 p.
1306 1602 1335 1653 19
1360 1615 1408 1664 req.
1471 1600 1472 1603 ’

888 1672 1014 1737 (dabrbb.
1029 1676 1048 1726 l.
1061 1675 1159 1725 Philol.
1176 1691 1202 1725 u.
1216 1675 1315 1738 Ptdeg.
1329 1672 1408 1736 Suppl.
1471 1704 1472 1723 1

887 1744 947 1795 Vol.
964 1746 1011 1794 lx.
1024 1760 1049 1810 p.
1063 1743 1125 1809 3:³0)
1147 1744 1253 1795 mavult
1265 1737 1322 1804 ἔξες
1337 1743 1361 1788 in
1373 1748 1424 1789 ae·
1471 1744 1472 1807 ζ

888 1814 961 1878 tivo,
983 1830 1044 1865 cum
1062 1814 1160 1865 Graeci
1180 1805 1286 1875 ἐξεῖναι
1304 1812 1409 1877 γυναῖκα
1471 1830 1472 1835 =

887 1883 976 1935 dicere
996 1884 1070 1934 eoliti
1089 1884 1142 1949 ipri
1159 1885 1318 1945 rideantur,
1339 1885 1409 1945 atque

887 1969 950 2005 mox
962 1945 1070 2002 ἀπέντα
1085 1963 1112 2004 et
1126 1954 1182 2017 IX,
1202 1956 1247 2004 lll
1266 1950 1374 2018 μετέντα
1386 1950 1409 1997 in
1471 1974 1472 1983 .

887 2023 937 2073 tali
950 2039 979 2074 re
992 2025 1110 2089 peritam
1124 2030 1261 2075 occurrat.
1286 2020 1350 2071 Mihi
1365 2035 1408 2069 me-

885 2095 958 2143 dinm
972 2099 1112 2158 praestare
1124 2092 1250 2157 ridetur,
1263 2093 1337 2145 cuiue
1350 2102 1408 2154 quae
1471 2106 1472 2121 ι

886 2164 924 2213 eit
936 2166 989 2227 ris,
1004 2179 1087 2229 cupra
1100 2163 1233 2217 indicavi.
1242 2188 1276 2200 -
1288 2163 1342 2212 Vox
1352 2155 1409 2208 α’να-

886 2227 1035 2297 μάρτητος,
1043 2234 1260 2299 ιἰιιμεεοοδίίίιίοί
1272 2228 1408 2283 redditliel·

885 2303 939 2353 liue
954 2305 988 2355 N.
1003 2307 1062 2354 An.
1077 2304 1173 2366 xvn,
1193 2303 1236 2367 19>
1252 2309 1313 2367 apte
1324 2300 1409 2350 dieitur

885 2373 919 2423 de
931 2388 1024 2436 uxore,
1039 2388 1108 2439 quae
1120 2372 1222 2424 nullam
1234 2375 1261 2423 in
1272 2376 1353 2422 virum
1364 2367 1409 2418 cul-

884 2458 947 2507 pam
964 2444 1091 2505 admisit,
1113 2458 1185 2507 quae
1197 2443 1297 2510 pudica
1307 2444 1408 2492 etcarta

884 2528 990 2577 eemper
1009 2515 1076 2575 init,
1096 2513 1224 2563 immunia
1246 2513 1280 2563 ab
1298 2507 1409 2561 adulterii

885 2585 1010 2633 crimine:
1029 2599 1082 2649 quo
1096 2598 1178 2633 sensu
1192 2583 1264 2633 bane
1275 2595 1362 2632 vocem
1373 2576 1407 2626 rel
1471 2612 1472 2615 η

885 2653 959 2718 apud
974 2669 1069 2705 aacroe
1083 2654 1233 2718 scriptores
1251 2651 1361 2703 inveniri
1377 2653 1409 2697 te·
1471 2676 1472 2701 ι

885 2727 1007 2788 utantur,
1019 2739 1089 2790 quae
1103 2723 1201 2774 attulit
1212 2723 1372 2774 schleusner.
1385 2718 1408 2765 in

884 2793 975 2844 Lexie.
989 2796 1017 2843 in
1028 2797 1052 2846 N
1056 2831 1061 2841 .
1071 2795 1102 2844 Τ.
1116 2792 1138 2842 1.
1154 2808 1180 2857 p.
1194 2794 1251 2844 lua.
1267 2818 1299 2829 -
1312 2790 1350 2841 Ad
1360 2802 1409 2838 rer·

883 2864 946 2912 bum
959 2854 1146 2928 ἐσαγαγέσθαι
1160 2865 1188 2913 in
1204 2864 1257 2915 fine
1270 2877 1328 2928 cap.
1346 2856 1406 2910 conl.

883 2933 970 2984 citata
983 2934 1018 2984 ad
1027 2935 1077 2996 lv,
1091 2933 1134 2984 78.

1033 3090 1038 3099 '
1083 3106 1225 3158 cmm.

912 3197 991 3257 Ἐπεί
1027 3208 1127 3261 τοίνυν
1158 3197 1355 3276 περιεχόμενόν
1383 3213 1408 3251 tt

883 3269 1012 3343 ὁρέομεν]
1044 3282 1122 3344 Quod
1142 3288 1206 3347 pont
1225 3279 1322 3329 τοίνυν
1342 3274 1408 3341 pleri·

883 3364 934 3413 que
964 3348 1043 3399 codd.
1075 3352 1198 3403 inserunt
1225 3350 1336 3403 alterum
1363 3355 1408 3402 ron
1471 3414 1472 3417 Ἴ

882 3419 1007 3483 equidem
1027 3436 1089 3470 eum
1116 3422 1254 3473 Schneier.
1280 3423 1307 3469 et
1321 3412 1407 3466 Matth.

882 3487 1023 3540 Sancrofti
1047 3490 1107 3542 cod.
1129 3494 1296 3543 anctoritate
1316 3482 1408 3541 deleri3

882 3554 1409 3631 quamquamretinuiaeerideoSohueiq-

881 3626 975 3680 haeae.
992 3635 1019 3680 et
1032 3630 1119 3682 Gales.
1149 3632 1191 3682 Ad
1207 3631 1317 3682 verbum
1330 3634 1409 3687 περιε·

882 3697 984 3762 χεσδαι
1008 3702 1079 3752 conf.
1098 3702 1156 3763 Ill,
1174 3701 1207 3752 53
1238 3700 1328 3780 ibique
1348 3694 1408 3745 noll·

882 3768 1013 3820 Voculam
1033 3763 1078 3834 dl,
1095 3787 1166 3838 quae
1182 3776 1245 3836 poet
1262 3783 1294 3819 σν
1312 3769 1338 3816 in
1354 3776 1408 3828 apo·

882 3836 943 3889 doci
960 3839 1075 3904 legitur,
1094 3857 1156 3892 cum
1172 3842 1203 3892 G.
1216 3843 1364 3891 Hermanno
1377 3828 1407 3881 ad

882 3908 1008 3973 Sophocl.
1022 3910 1138 3963 Philoot.
1149 3911 1184 3964 86
1199 3927 1262 3977 pag.
1277 3907 1310 3961 23
1324 3908 1360 3956 ita
1369 3917 1408 3953 ex·

882 3977 984 4042 plicare
1000 3979 1107 4044 licebit,
1129 3987 1161 4032 ut
1183 3981 1259 4043 illam
1272 3979 1407 4029 referamus

881 4048 916 4098 ad
927 4049 1047 4116 aliquam
1059 4056 1165 4116 partem
1178 4044 1334 4107 sententiae,
1347 4055 1406 4110 quw

880 4118 969 4184 qualia
980 4122 1026 4184 eit,
1039 4120 1151 4172 dubium
1168 4138 1229 4173 enee
1243 4119 1341 4186 nequit,
1354 4124 1405 4163 cum

880 4192 1089 4325 Sthlinii
1102 4184 1406 4328 ‘liebrirlfflttt'l

881 4330 1041 4381 erabescere
1052 4340 1096 4382 trra
1109 4335 1193 4383 terreri
1199 4333 1313 4385 ridemur,
1322 4333 1405 4376 lavero

880 4397 963 4463 (alius
980 4407 1071 4453 autem
1093 4403 1212 4454 lortarre
1227 4399 1298 4451 aliud
1316 4386 1404 4452 iaciat)

878 4468 925 4521 δοο
938 4471 993 4536 fac.
1018 4471 1081 4524 vid.
1095 4472 1198 4526 Herod.
1217 4469 1307 4539 1,112
1322 4470 1348 4519 et
1359 4459 1404 4523 111,
