3048 5130
496 382 867 449 TERPSIOHORE.
890 384 928 450 V.
951 396 995 453 at.
1243 388 1302 454 193

159 590 221 650 psa
235 561 272 633 dd
286 558 394 632 ὀπίσω
408 563 443 641 ἐς
455 568 610 647 Σίγειον,
624 557 662 629 τὸ
677 554 745 630 εἷλε
757 565 995 648 Πεισίστρατος
1008 565 1110 650 αἰχμῇ
1123 560 1212 652 παρὰ
1223 548 1300 634 Μυζ

158 674 362 755 τιληναίων,
378 666 544 754 κρατήσας
559 664 595 733 δὲ
606 660 712 732 αὐτοῦ
723 666 902 752 κατέστησε
916 663 1085 753 τύραννον
1099 664 1185 735 εἶναι
1196 674 1301 737 παῖδα

157 770 222 840 τὸν
234 773 362 839 ἑωυτοῦ
375 768 485 838 νόθον
496 764 770 857 Ἡγησίστρατον,
791 763 953 855 γεγονότα
966 770 1000 851 ἐξ
1018 765 1168 858 Ἀργείης
1181 797 1299 857 γυναι-

158 873 237 959 κός,
264 869 300 953 ὃς
321 868 383 943 οὐκ
407 868 548 961 ἀμαχητὶ
570 871 637 959 εἶχε
663 870 704 940 τό
727 878 912 960 περίλαβε
935 869 1024 961 παρὰ
1044 873 1300 964 Πεισιστράτου.

92 1013 157 1063 425
166 980 351 1066 ἐπολέμεον
367 974 431 1065 γὰρ
447 981 483 1044 ἐκ
497 1003 531 1044 τε
547 972 735 1063 Ἀχιλληίου
749 973 863 1056 πόλιος
876 970 1081 1064 όρμεεόμενοι
1095 979 1151 1047 καὶ
1160 986 1302 1065 Σιγείου

158 1083 217 1150 ἐπὶ
232 1080 355 1169 χρόνον
368 1076 495 1166 συχνὸν
510 1086 743 1167 Μυτιληναῖοί
753 1080 860 1148 τεκαὶ
878 1078 1068 1167 Ἀθηναῖοι,
1082 1085 1117 1148 oi
1124 1080 1187 1170 μὲν
1200 1079 1299 1152 ἆται-

155 1274 194 1283 -
207 1247 287 1308 Quod
300 1248 423 1311 sequitur
437 1240 525 1309 αἰχμῇ
540 1242 577 1309 (1.
590 1260 613 1295 e.
628 1243 703 1304 bello,
753 1242 819 1293 tulit
849 1243 977 1309 deditque
1006 1246 1152 1309 regendum
1184 1249 1300 1313 Hegesi-

155 1331 285 1366 nrmarma
303 1318 357 1380 si),
386 1315 513 1379 frequens
539 1313 606 1363 illud
629 1313 702 1378 apud
753 1316 841 1364 strato
866 1315 1040 1364 Pisistratus.
1089 1317 1168 1367 Haec
1195 1318 1251 1369 ista
1273 1321 1300 1369 si

155 1386 325 1447 Pindarum,
348 1386 382 1435 de
397 1399 451 1450 quo
468 1383 526 1435 rid.
540 1383 616 1434 locos
635 1383 701 1433 alla·
751 1383 858 1433 ratione
872 1382 1039 1449 digerantur,
1058 1394 1225 1438 evanescunt
1240 1387 1299 1454 ple-

157 1462 204 1505 tos
217 1456 247 1505 in
257 1456 383 1505 Duncan.
398 1454 464 1504 Les.
479 1453 614 1504 Homeric.
623 1453 701 1502 -Pin-
751 1468 852 1519 raeque
865 1452 1058 1517 difficultates,
1072 1470 1141 1519 quae
1152 1458 1226 1507 viros
1239 1473 1299 1508 eru-

156 1527 217 1577 dar.
233 1526 269 1575 ab
283 1525 361 1575 Rost.
377 1522 445 1575 edit.
467 1538 490 1574 s.
508 1540 534 1576 v.
550 1540 575 1587 p.
592 1522 626 1573 46
637 1522 699 1573 Vol.
751 1522 823 1573 ditos
847 1528 1045 1583 exercuerunt,
1071 1526 1153 1574 etiam
1180 1526 1298 1577 Bouhie-

155 1598 180 1647 1.
194 1590 701 1660 Add.Aescbyl.Prometh.413Blom·
750 1592 821 1641 riam
838 1593 913 1645 Dias.
933 1608 980 1643 sur
992 1592 1094 1642 Herod.
1108 1610 1134 1658 p.
1151 1595 1200 1645 loo
1213 1597 1300 1646 Hero-

156 1662 231 1715 field.
245 1663 308 1715 coll.
323 1663 426 1716 Herod.
438 1662 502 1726 Vll,
520 1662 578 1715 152.
611 1660 701 1710 Μυτι·
750 1661 815 1712 doto
835 1662 1000 1713 tribuentem
1017 1667 1046 1712 et
1061 1662 1204 1729 Straboni,
1229 1681 1298 1731 quae

155 1732 286 1799 ληναίων
304 1738 331 1783 et
348 1731 543 1795 Μυτιληναῖοι
567 1731 629 1781 dedi
651 1747 700 1796 pro
751 1731 818 1780 mihi
839 1739 935 1781 neuter
953 1732 1056 1782 dixisse
1075 1733 1198 1784 videtur:
1228 1734 1297 1784 nihil

156 1801 322 1866 Μιτυλην.
339 1830 371 1840 -
393 1800 435 1851 Ad
449 1801 533 1851 verba
549 1796 701 1865 κατέστησε
751 1801 786 1851 de
806 1801 997 1865 Hegesistrato
1022 1800 1136 1861 Strabo;
1162 1819 1213 1854 uec
1230 1819 1297 1855 sane

154 1868 303 1937 τυραννον
317 1864 392 1921 εἶναι
408 1870 444 1921 ei.
464 1871 569 1921 similes
583 1875 701 1922 structu·
750 1869 865 1933 bellam,
888 1886 941 1935 quo
960 1872 1182 1936 Hegesistretum
1207 1875 1297 1939 agita-

155 1942 249 1993 rasad
259 1940 451 2004 V,25allatas.
464 1941 700 1991 Pauloiasracum
751 1946 815 1991 ruut
828 1940 1005 2005 Mytilenaei,
1027 1957 1044 1989 a
1055 1941 1206 1993 Periandro
1223 1958 1297 1994 com-

157 2012 322 2076 Wesseling.
335 2026 349 2061 e
361 2010 500 2061 Saucrosti
511 2010 580 2060 libro
592 2010 703 2061 exhibui
753 2011 872 2076 positum
891 2010 989 2061 scribit
1008 2010 1175 2065 Herodotus.
1214 2010 1296 2064 Prius

154 2079 191 2131 ssi
204 2096 258 2143 περ
270 2074 364 2146 ἔλαβε,
383 2079 431 2129 ubi
445 2077 526 2145 vulgo
540 2073 574 2129 τιὶ
585 2073 703 2144 παρόλα-
752 2079 820 2130 illud
850 2079 949 2130 bellum
981 2079 1095 2132 ducibus
1125 2082 1236 2132 Pittaco
1269 2092 1297 2134 et

154 2150 203 2219 βε,
222 2151 369 2216 quodcum
384 2149 642 2214 Schwiegbaeusero
661 2166 702 2201 re·
751 2149 896 2214 Phrynono
908 2155 1015 2214 gestum
1029 2150 1114 2202 fuisse
1126 2151 1226 2204 dicitur
1241 2152 1298 2216 pie·

155 2225 243 2273 centt.
258 2219 604 2270 eddretinuerunt—De
616 2218 701 2285 Sipea,
751 2218 845 2283 risque
864 2215 929 2283 περὶ
947 2215 1078 2284 Σιγείου,
1106 2222 1189 2271 etiam
1203 2221 1295 2273 Schol.

155 2306 212 2357 quo
223 2289 344 2354 Hippias
360 2288 475 2340 Athenis
497 2288 593 2354 pulsus
613 2306 643 2339 se
660 2305 702 2341 re·
751 2290 780 2337 in
806 2288 905 2338 Aescb.
930 2289 1044 2338 Eumen.
1070 2289 1120 2340 401
1151 2287 1216 2355 aral
1245 2289 1296 2356 τῆς

155 2361 241 2425 cepit,
254 2358 312 2413 vid.
324 2375 410 2424 supra
419 2359 467 2423 lv,
478 2358 511 2409 38
522 2366 550 2408 et
559 2360 592 2422 V,
602 2360 636 2410 ba
650 2359 700 2408 ibi·
748 2351 942 2421 Ἀχιλλεΐτιδος
956 2349 1049 2422 χώρας
1063 2359 1181 2425 Diogen.
1199 2361 1293 2412 Laiirt.

155 2446 209 2496 qne
224 2432 294 2479 nott.
753 2427 776 2491 1,
792 2429 835 2477 74.
863 2427 1294 2481 Iuistolocovicinocastellum

198 2492 353 2561 ἐπολέμεον
372 2486 425 2561 γὰρ
443 2510 469 2546 κ.
490 2511 514 2546 τ.
535 2492 571 2561 λ]
600 2496 701 2559 „Quae
751 2502 943 2548 exstruxerant
955 2497 1131 2562 Mytilenaei,
1145 2492 1295 2564 Ἀχίλλειον

154 2569 288 2632 deinceps
302 2571 405 2628 namet,
417 2581 472 2615 non
482 2573 631 2615 evenerunt
644 2565 702 2628 illa,
750 2566 868 2630 dictum,
896 2567 1006 2631 Sigeum
1030 2569 1188 2620 tenentibus
1208 2570 1293 2620 Athe-

153 2640 219 2690 dum
231 2639 376 2702 imperaret
389 2636 600 2701 liegesistratus
610 2635 701 2700 Sigeo.
750 2636 891 2687 niensibus
905 2638 1060 2702 oppositum
1074 2637 1217 2703 [Stephau.
1226 2640 1294 2704 Byr.

152 2711 232 2759 More
260 2722 327 2769 suo,
353 2705 430 2755 facta
454 2704 529 2768 Sigei
553 2706 700 2770 mentione,
751 2722 812 2758 aa.
828 2700 853 2754 ’A
872 2705 974 2763 ίλλειος
993 2701 1224 2771 ὄρόμοςι-ἔστι
1244 2704 1294 2757 καὶ

154 2775 410 2829 belhasHerodotus
422 2775 449 2824 in
459 2778 618 2825 transcursu
628 2790 698 2825 com·
750 2771 834 2832 πόλις
853 2722 886 2825 la
903 2773 943 2841 τῷ
963 2775 1065 2844 Σιγείῳ
1090 2769 1292 2840 Ἀχίλλειον.

154 2851 291 2898 memorat
312 2846 344 2895 de
361 2844 437 2909 Sipea
458 2847 526 2894 inter
536 2843 701 2895 Athenienses
749 2845 856 2896 Plinius
877 2846 951 2896 Hist.
975 2848 1041 2897 Nat.
1061 2848 1098 2903 V,
1117 2846 1160 2897 33,
1181 2850 1206 2910 §-
1229 2849 1292 2899 125:

153 2921 212 2968 alirn
236 2925 261 2967 et
281 2915 455 2981 Mytilenaeas
474 2921 584 2979 pereum
606 2914 699 2964 forsan
752 2915 824 2978 „luit
840 2920 867 2966 et
876 2915 1006 2966 Achilleon
1021 2915 1150 2980 oppidum
1162 2916 1294 2968 iaxtatu-

154 2993 188 3037 ut
208 2986 382 3037 occasionem
402 2984 455 3035 sibi
474 2988 585 3048 pararet
606 2983 700 3035 Alcaei
750 2985 851 3035 malum
865 2984 981 3036 Achillis
996 2986 1136 3036 conditum
1152 3001 1169 3035 a
1182 2986 1293 3052 Mytile-

154 3056 322 3107 carminibus
333 3052 507 3105 decantatum
518 3054 627 3104 facinus
638 3069 701 3104 nar·
749 3057 827 3104 nucis
852 3059 881 3105 et
904 3070 966 3106 mox
989 3055 1217 3118 Atheniensibus,
1244 3057 1292 3108 ubi
1363 3093 1368 3101 -

154 3126 247 3177 randi.
273 3125 363 3175 Dares
378 3123 424 3173 ille
435 3139 490 3173 nou
501 3124 639 3185 nominat,
656 3139 701 3174 ne·
749 3124 846 3174 classis
858 3125 916 3176 eius
925 3130 1041 3175 steterat
1052 3125 1080 3172 in
1091 3124 1203 3190 Sigeo.⁴‘
1228 3126 1292 3178 Alie

153 3214 209 3262 que
232 3194 370 3256 fraudem,
392 3209 445 3259 qua
457 3193 629 3257 Phrynonem
648 3194 702 3243 cir·
749 3193 980 3260 dabitForbiger:
999 3194 1108 3244 Haadb.
1123 3195 1148 3245 d.
1161 3195 1208 3244 alt.
1221 3195 1291 3246 (ieo-

153 3265 296 3317 cumveuit
307 3263 501 3314 Atheniensem
512 3263 639 3313 Pittacus
652 3261 700 3328 [ob
747 3263 845 3329 grapb.
859 3265 897 3315 ll.
907 3280 933 3329 p.
947 3264 1004 3315 138.
1021 3270 1079 3314 not.
1090 3262 1158 3328 ³3.].
1191 3266 1290 3315 Deme-

153 3351 228 3401 quse
254 3334 315 3399 ipsa
338 3334 440 3385 amissa
459 3332 600 3382 Herodoto
624 3332 698 3383 calu·
749 3335 818 3383 trias
835 3333 963 3398 Scepsius
980 3329 1011 3382 τὸ
1028 3328 1176 3395 Ἀχίλλειον
1194 3335 1291 3385 scribit

153 3401 535 3467 mniaturPseudoplutarch.
552 3402 653 3465 11‚15.
671 3418 698 3467 p.
748 3395 976 3467 ἐπιτειχισθῆναι
1003 3396 1061 3453 ὑπό
1082 3399 1139 3451 τῶν
1162 3402 1290 3468 Μυτιλη-

152 3476 264 3531 858A.;
293 3489 354 3523 nam
366 3479 425 3523 rete
443 3472 551 3523 obiecto
564 3472 592 3521 in
608 3487 700 3537 pugna
749 3468 840 3521 ναίων
852 3471 891 3541 τῷ
903 3470 1004 3541 Σιγείῳ
1016 3473 1161 3538 ap.Strab.
1172 3474 1250 3523 Xlll.
1262 3490 1289 3539 p.

153 3543 470 3611 singularinryuonem
480 3541 652 3593 interfecisse
661 3543 701 3591 di·
748 3541 969 3594 saumaticos.
993 3534 1289 3607 Hocilliseratdppp-

151 3616 227 3666 citur
243 3614 386 3664 Pittacus:
411 3611 466 3663 aid.
480 3612 580 3662 Strabo
597 3609 615 3661 l.
635 3627 699 3662 mox
748 3603 866 3676 τήριονι
886 3613 941 3663 vid.
961 3611 1079 3663 Casaub.
1101 3613 1129 3661 in
1148 3613 1243 3664 Polyb.
1261 3629 1288 3678 p.

151 3684 172 3738 l.
188 3685 306 3749 Diogen.
324 3682 343 3734 l.
357 3697 419 3733 mox
434 3681 451 3730 l.
466 3682 596 3746 Polyaen.
610 3681 638 3745 l,
655 3682 698 3733 25.
751 3682 808 3732 168.
840 3682 913 3732 Hinc
932 3682 1089 3732 Herodotus
1108 3681 1135 3734 h.
1155 3682 1173 3732 l.
1194 3662 1290 3732 ότολὲ-

152 3754 257 3806 Suidas
273 3768 296 3802 s.
312 3768 339 3805 v.
359 3749 501 3808 Πίτταιιος
522 3756 550 3801 et
569 3752 648 3816 plura
669 3751 697 3800 in
748 3766 832 3816 μεον,
851 3752 957 3816 inquit,
977 3744 1007 3800 ἔκ
1022 3764 1051 3799 τε
1063 3746 1219 3814 Ἀχιλληίου
1235 3744 1288 3799 πό·

152 3821 250 3875 Βόνιιο
267 3821 477 3887 arebdologique
500 3819 573 3872 1851.
597 3820 695 3871 Octob.
748 3820 808 3877 λιος
825 3811 1000 3885 deproperas
1019 3816 1067 3869 nul
1085 3819 1215 3884 Σιγείου,
1241 3812 1288 3870 ἐπὶ

152 3910 217 3959 pag.
231 3892 282 3943 401
295 3908 370 3958 seqq.
408 3892 445 3941 m
459 3889 576 3940 miratur
588 3904 697 3955 quoque
746 3884 853 3954 χρόνον
865 3884 979 3956 συχνὸν,
993 3887 1192 3953 Μυτιληναῖοί
1201 3904 1231 3939 τε
1239 3885 1288 3939 καί

152 3962 333 4026 Wesseling.,
353 3976 402 4013 eur
421 3959 521 4009 nnllam
534 3962 635 4011 Noster
647 3959 696 4010 hu·
740 3956 900 4023 Ἀθηναῖοι.
938 3961 974 4010 Ηί
992 3960 1116 4025 Sigeum,
1139 3959 1288 4011 Achilleum

150 4034 196 4083 ius
207 4031 246 4083 rei
260 4031 356 4082 fecerit
367 4031 542 4091 mentionem,
553 4045 615 4081 cum
625 4031 695 4094 opti·
746 4027 923 4093 Mytilenaei,
935 4029 999 4081 belli
1008 4029 1100 4080 sedeur
1112 4027 1249 4079 habebant
1260 4038 1288 4081 et

150 4118 199 4152 ma
210 4101 341 4152 narrandi
356 4104 430 4150 esset
445 4097 539 4150 oblata
553 4097 693 4166 occasiol.
745 4099 957 4163 receptaculum.
993 4099 1071 4160 Quae
1089 4100 1142 4150 hut
1160 4105 1288 4164 spectant

149 4173 221 4222 Post
234 4170 301 4221 illud
317 4168 418 4220 bellurn
431 4167 518 4219 lectus
531 4169 634 4219 arbiter
644 4170 695 4220 Pe·
744 4176 866 4220 veterum
881 4169 942 4220 ioca
957 4168 1089 4220 dederant
1107 4168 1287 4221 Casuubonus

151 4241 262 4291 riander
291 4238 451 4305 Cypselides
483 4238 695 4290 Atheniensibus
746 4237 1288 4304 adStrabon.,adAeschyl.Stanley‚Me-

151 4312 261 4379 Sigeum
278 4309 459 4360 adiudicavit.
493 4310 603 4360 Mortuo
617 4309 694 4359 Peri·
746 4310 887 4374 nagiusad
897 4310 1014 4374 Diogen.
1025 4309 1119 4359 Labrt.
1130 4313 1158 4357 et
1168 4307 1286 4358 Simeon.

152 4382 237 4432 andro
251 4382 361 4446 Sigeum
376 4394 551 4443 recuperasse
565 4379 695 4429 ridentur
745 4380 773 4428 in
792 4378 890 4430 Chron.
908 4379 944 4429 ad
963 4380 995 4427 A.
1009 4380 1046 4428 M.
1065 4376 1167 4429 3398.⁴‘
1201 4379 1228 4427 V
1234 4381 1285 4427 al·

151 4451 329 4518 Mytilenaei3
344 4448 444 4514 quibus
456 4447 522 4498 illud
537 4449 620 4501 armis
633 4449 694 4499 abs·
745 4448 829 4499 elren.
866 4447 935 4499 Add.
951 4447 1045 4498 Plehn.
1061 4447 1202 4498 Lesbiaco.
1221 4463 1285 4521 pag,

185 4556 353 4600 mansor.
372 4555 420 4597 111.
1050 4534 1086 4594 13
