2998 5138
400 372 770 438 TERPSIOHORE.
793 375 832 438 V.
855 385 898 441 33.
918 383 960 441 34.
1207 375 1247 438 55

123 549 353 641 Ἀρισταγόρης.
372 546 390 620 ό
409 550 446 621 δέ
458 553 635 641 θνμιοθελς
647 549 810 636 τούτοισι,
826 544 870 630 ὥς
883 547 944 634 νὺξ
960 552 1108 637 ἐγένετο,
1123 557 1248 642 ἔπεμπε

124 660 152 738 ἐς
169 655 281 740 Νάξον
301 662 404 748 πλοίῳ
421 652 548 743 ἄνδρας
575 654 764 745 φράσοντας
786 671 871 724 τοῖσι
889 650 1050 737 Ναξίοισι
1072 653 1181 724 πάντα
1207 652 1247 724 τά

121 760 278 850 παρεόντα
292 779 352 848 σφι
367 759 550 850 πρήγματα.
567 765 612 830 Ol
622 757 686 848 γάρ
696 750 744 828 τόν
752 757 873 842 Νάξιοι
884 755 986 828 οὐδὲν
999 756 1131 839 πάντως
1140 780 1242 847 προσ·
1255 763 1295 825 34

63 938 66 943 ,
122 868 266 935 εόέκοντο
287 866 343 933 ἐπὶ
362 867 466 953 σφέας
485 861 545 933 τὸν
564 863 683 933 στόλον
702 867 822 933 τοῦτον
840 858 1054 952 ὁρμήσεσθαι.
1093 865 1165 932 ἐπεὶ
1184 866 1247 953 μέν

121 996 166 1039 τοι
179 969 364 1053 ἐπύθοντο,
389 965 508 1038 αὐτίκα
522 969 584 1057 μὲν
601 973 815 1056 ἐσηνείκαντο
835 964 875 1036 τά
893 971 929 1037 ἐκ
949 971 1016 1036 τῶν
1036 965 1150 1056 άγριόν
1164 973 1197 1050 ἐς
1210 967 1247 1038 τό

120 1090 233 1162 τεῖχος,
252 1072 548 1160 παρεσκευάσαντο
571 1073 608 1143 δὲ
628 1066 672 1152 ὡς
692 1070 1004 1161 πολιορκησόμενοι,
1026 1074 1082 1141 καὶ
1101 1089 1177 1142 σῖτα
1192 1074 1247 1142 καὶ

120 1176 196 1246 ποτά
208 1178 264 1247 καὶ
278 1174 316 1246 τὸ
331 1192 438 1264 τεῖχος
455 1175 622 1260 ἐσάξαντο.
656 1178 723 1245 Καὶ
737 1166 828 1244 οὗτοι
842 1175 904 1264 μέν
918 1175 1188 1264 παρεσκευάδατο
1203 1172 1247 1257 ὡς

119 1384 175 1428 nent.
211 1377 281 1427 Nam
300 1368 392 1426 πολλὰ
413 1369 547 1439 πράττειν
568 1376 600 1427 de
623 1392 655 1427 eo
707 1390 787 1426 versa
806 1376 927 1437 Vallem,
955 1376 1068 1427 Portum
1091 1374 1246 1442 similesque

119 1447 167 1499 dici
181 1447 322 1509 novimus,
349 1447 395 1512 qni
416 1444 486 1498 male
507 1451 549 1497 est
567 1446 656 1496 curio·
705 1444 827 1496 haesisse
836 1447 1005 1507 literatoree3
1020 1445 1065 1497 ille
1075 1462 1197 1496 metrorum
1206 1462 1246 1497 re-

118 1518 253 1580 sns,nimis
262 1516 387 1581 sedulus,
400 1522 428 1567 et
439 1531 509 1583 quse
519 1515 554 1567 ad
565 1515 654 1581 ipsum
701 1516 846 1579 sectionem,
868 1531 950 1581 qnam
970 1509 1121 1579 ἐπισκευὴν
1135 1519 1246 1581 vocant,

117 1588 217 1637 minime
231 1587 391 1667 pertinent,
413 1586 447 1638 sd
465 1603 495 1638 se
509 1602 654 1649 revocans,
704 1584 855 1649 significari
876 1584 1006 1636 credidit,
1039 1587 1139 1637 Portus
1158 1585 1244 1635 reddi·

117 1658 320 1721 τολοπραγμσον
333 1658 380 1722 qni
389 1656 470 1722 vulgo
480 1657 590 1707 dicitur.
609 1657 654 1706 In·
703 1655 744 1732 dit
765 1670 849 1705 muros
865 1660 1022 1706 muniverant
1041 1654 1190 1720 retulitque
1211 1654 1247 1723 ad

117 1727 407 1791 σοπολνιιρηγμονεῖν
417 1741 499 1791 snpra
511 1726 654 1787 ΙΙΙ,151α-
704 1737 824 1774 σαττειν.
856 1727 956 1776 Verum
970 1725 1117 1786 vidissent,
1136 1725 1161 1776 si
1174 1724 1247 1774 eimi-

115 1797 222 1848 venitur.
252 1797 329 1862 Apte
340 1795 494 1847 Larcherns
509 1792 580 1847 citat
594 1796 654 1846 Ari-

116 1866 195 1931 stopb.
210 1867 281 1919 Ran.
298 1865 355 1917 230
374 1866 440 1931 ibiq.
460 1867 585 1929 interprr.
600 1867 653 1917 749

118 1935 192 2001 (iti).
231 1936 301 1986 add.
332 1937 399 1989 Pac.
425 1935 501 1991 1058.
525 1936 651 2003 Ειιτίρὶιλ.

116 2005 248 2073 hippolyt.
266 2006 333 2058 785.

702 1794 742 1844 lia
762 1800 967 1859 comparassent
985 1794 1118 1845 Herodoti
1137 1794 1245 1856 1,190:

702 1864 850 1929 Babylonii
861 1855 1072 1930 κατειλήθησαν
1084 1853 1111 1921 ἐς
1123 1858 1154 1912 τὸ
1165 1853 1246 1926 άστν,

703 1935 731 1985 in
744 1935 837 1986 urbem
852 1939 957 1996 autem,
979 1935 1121 1986 obsidione
1136 1934 1245 2000 praevi·

703 2020 749 2066 sa,
768 2000 962 2066 προεσάξαντο
977 2003 1051 2054 σιτία
1061 1995 1144 2054 ἐτέων
1156 1995 1246 2065 κάρτα

702 2071 825 2137 πολλῶν,
835 2076 883 2125 inm
892 2084 951 2125 ante
961 2082 1177 2139 comportaverant
1184 2089 1245 2137 pcr-

703 2147 829 2195 ιιικλίοιτιιιι
845 2161 964 2196 annorum
985 2153 1146 2207 cornmentns;
1165 2144 1245 2207 VIII,

704 2216 754 2267 20:
779 2207 845 2264 οότε
859 2205 1057 2279 ἐξεκομίσαντο
1078 2206 1165 2263 οόὸὲν
1178 2203 1244 2263 οὔτε

705 2279 909 2348 προεσάξαντο.
946 2287 1008 2335 Νοιι
1027 2285 1109 2335 facile
1126 2284 1245 2348 reperie-

704 2360 757 2413 tur,
783 2355 812 2404 ui
821 2361 930 2419 praeter
936 2355 1106 2404 Herodotum
1116 2354 1245 2404 adhibue-

703 2425 740 2475 rit
751 2370 892 2486 τάξασθαι,
904 2414 1078 2485 ἐσάξασθαι,
1090 2414 1245 2486 προεσάξα-

704 2493 783 2544 σθαι.
809 2494 886 2555 Quae
897 2494 980 2544 habet
990 2480 1074 2558 ἦκται
1084 2498 1112 2542 et
1123 2485 1244 2557 ἐσῆκται,

704 2564 752 2613 illa
767 2564 941 2629 reperiuntur
956 2568 983 2613 et
994 2563 1066 2628 apud
1081 2562 1151 2612 alios
1164 2563 1245 2613 istius

270 2178 343 2230 One.
359 2177 485 2230 XXXIV.

154 2276 348 2349 ἐσηνείκαντο]
381 2281 452 2345 „Ex
475 2284 546 2348 σμιτί
572 2285 653 2333 ornain

116 2360 326 2416 τοικμοτλσνετααι
347 2353 373 2402 ia
386 2352 486 2416 urbem,
508 2368 577 2418 quae
594 2353 653 2418 qui·

117 2422 167 2473 dem
186 2429 276 2475 essent
294 2422 424 2480 mobilia;
444 2438 493 2486 pro
512 2438 586 2473 more
607 2422 654 2471 de·

117 2497 226 2556 gentium
250 2495 277 2543 in
301 2492 464 2543 istiusmodi
484 2492 652 2558 regionibus,

117 2562 243 2627 inquibus
255 2579 315 2614 nna
330 2563 492 2628 praesertim
509 2562 574 2612 urbs
591 2567 652 2612 tan-

118 2639 165 2683 tum
175 2640 245 2685 asset
259 2648 342 2684 muro
355 2631 469 2682 mnnita.
498 2633 541 2682 De
557 2632 653 2683 Naxiis

118 2702 286 2769 locupletibus
323 2703 421 2753 scribit
449 2701 589 2752 Aristotel.
624 2702 652 2751 in

119 2772 174 2838 Rep.
194 2774 348 2842 llaricrum
368 2770 442 2836 apud
461 2771 558 2825 Athen.
573 2771 651 2822 VIll.

119 2858 141 2906 ρ.
154 2844 238 2894 3484.
257 2840 294 2908 [μ.
313 2843 362 2893 141
374 2842 510 2906 Frsgmrn.
525 2842 567 2892 erl.
580 2843 652 2891 Neu·

119 2910 206 2979 mann]
231 2914 340 2964 Eadem
354 2914 426 2962 ratio
441 2912 492 2961 init
506 2912 534 2962 in
544 2913 651 2971 Attica;

120 2983 216 3048 saepius
228 2984 327 3048 itaque
337 2981 478 3047 leguntur,
494 2982 522 3031 in
536 2982 653 3031 historia

119 3066 214 3118 quoqne
224 3053 385 3114 recentiori,
400 3056 521 3116 tempore
532 3050 654 3115 Philippi

119 3126 141 3170 et
149 3121 288 3173 Alexandri
298 3120 491 3187 (Demosthen.
503 3137 529 3186 p.
538 3121 651 3183 140,o8;

119 3191 218 3243 Diodor.
232 3193 287 3244 Sic.
305 3193 396 3255 XVII,
411 3190 450 3256 4.)
465 3191 556 3241 omnia
568 3191 652 3241 mobi-

119 3259 153 3310 lia
167 3278 180 3312 e
197 3264 275 3329 pagis
288 3261 414 3313 Athenas
428 3262 517 3311 Attici
531 3277 653 3326 compor-

119 3335 197 3392 tasse,
225 3333 361 3398 imprimis
388 3330 459 3383 bello
486 3331 654 3395 Peloponne-

120 3401 195 3451 siaco:
207 3401 446 3467 praeter'lhncyd.
454 3402 535 3452 testis
546 3401 654 3452 esthri-

704 2635 787 2684 etiam
800 2633 911 2686 aetatis.
939 2634 997 2683 Iam
1013 2648 1078 2683 vero
1091 2626 1139 2680 καὶ
1153 2633 1246 2695 τεῖχος

704 2704 738 2754 ab
750 2704 876 2767 imperito
894 2704 1013 2769 positum
1028 2703 1151 2766 suspicor
1171 2706 1198 2751 et
1210 2700 1245 2750 ab

702 2773 845 2824 Herodoto
865 2775 1011 2837 scriptum,
1031 2774 1068 2822 acl
1082 2773 1246 2837 oppugnatio·

703 2861 757 2894 nem
775 2850 857 2893 aulem
882 2844 1037 2894 tolerandam
1058 2858 1115 2892 cese
1135 2857 1246 2906 percoe-

703 2920 776 2973 rnnt,
797 2908 847 2962 καλ
859 2913 934 2962 σιτία
946 2908 994 2961 καλ
1011 2903 1082 2961 ποτά
1100 2903 1136 2960 τό
1151 2913 1243 2976 τεῖχος

703 2974 849 3046 ἐσάξαντο,
859 2983 886 3032 id
896 2988 938 3033 est
946 2973 974 3040 ἐς
983 2974 1014 3032 τὸ
1025 2984 1117 3046 τεῖχος
1126 2974 1244 3046 ἦξαντο,

704 3063 730 3104 et
750 3057 878 3104 esculenta
891 3056 1072 3119 petulcumque
1092 3059 1245 3101 curaverant

703 3127 773 3176 intra
794 3126 879 3174 urbem
896 3122 1057 3188 irnportari.“
1087 3124 1114 3172 V
1116 3123 1149 3170 ol
1155 3120 1243 3172 chen.

704 3194 771 3244 inde
788 3195 886 3259 Negris
916 3193 1029 3258 scripsit
1050 3181 1078 3248 ἐς
1098 3182 1130 3240 τὸ
1152 3192 1244 3255 τεῖχος

703 3255 839 3323 ἐσάξαντο
852 3264 934 3328 idque
948 3263 1071 3327 exponit:
1091 3257 1132 3317 είς
1147 3252 1177 3309 τό
1189 3261 1245 3309 τεῖ-

704 3347 753 3398 χος
768 3324 891 3398 ἤγαγον,
910 3326 1034 3398 ἐμβασαν
1051 3324 1092 3387 είς
1106 3324 1138 3379 τὸ
1155 3321 1246 3393 φροά-

704 3416 778 3463 ριον.
804 3403 897 3454 Secuti
908 3411 971 3452 snut
981 3400 1202 3465 Schweighaeus.
1217 3404 1245 3450 et

122 3470 200 3535 steph.
211 3474 279 3538 qu.
294 3472 349 3523 781)
363 3476 390 3521 et
399 3472 459 3523 802.
474 3471 593 3524 Acharn.
608 3472 650 3522 72.
704 3471 809 3531 Gaisfi,
829 3473 907 3523 libris
924 3473 1032 3536 scriptis
1050 3476 1076 3520 et
1092 3470 1173 3520 editis
1189 3485 1244 3518 ma-

121 3539 177 3591 Psc.
195 3541 260 3604 631,
281 3541 405 3593 ubivid.
425 3540 542 3595 Schol.“
571 3542 652 3591 Val-
702 3543 775 3594 xime
794 3543 1003 3602 fluctuantibus,
1031 3555 1143 3604 qnorum
1165 3540 1245 3604 pleri-

122 3611 198 3661 clcen.
226 3613 280 3663 Pro
297 3611 375 3673 vulg.
395 3601 570 3661 ἐσενείκαντο
592 3627 653 3662 cnm
704 3628 757 3678 que
772 3608 820 3661 acl
831 3605 862 3661 τό
876 3614 969 3677 τεῖχος
983 3609 1122 3673 exhibent,
1136 3610 1186 3660 alii
1196 3604 1245 3658 καλ

123 3679 244 3731 Rredosio
263 3698 290 3747 p.
312 3681 364 3733 299
383 3683 512 3732 revocavi
533 3681 652 3731 etribns
703 3683 811 3747 τεῖχος,
836 3698 905 3749 qnae
927 3683 989 3746 ipsa
1008 3678 1164 3730 adtrlterina
1183 3695 1244 3730 cum

124 3749 191 3798 codd.
212 3740 413 3817 ἐσηνείκαντο,
437 3752 510 3817 qnod
532 3753 616 3801 etiam
636 3766 653 3801 a
703 3752 844 3803 habuisset
856 3751 1065 3814 Weseelingius,
1083 3752 1161 3801 uncis
1181 3750 1244 3800 inde

123 3818 263 3872 Matthiaeo
276 3826 415 3885 receptum
431 3820 528 3883 video,
548 3821 653 3871 nitente
705 3822 872 3873 incluserunt
884 3820 1046 3870 Schneierus
1060 3825 1088 3868 et
1099 3819 1244 3880 Matthiae,

125 3887 227 3951 lpetaio
240 3893 273 3952 V,
286 3891 331 3942 ³3.
345 3892 368 3955 I,
383 3890 424 3941 19.
439 3893 482 3942 bi.
495 3891 538 3942 73.
551 3893 595 3942 74.
609 3892 651 3945 84.
705 3894 751 3958 qni
764 3892 834 3941 idem
848 3890 916 3940 hnec
934 3889 1043 3940 exhibet
1056 3890 1084 3939 in
1097 3890 1142 3941 Gr.
1157 3892 1202 3942 Gr.
1219 3892 1244 3953 §-

124 3955 246 4011 ill-Ad
257 3952 344 4011 οὐδὲν
355 3953 479 4019 πάντας,
491 3961 562 4028 quod
577 3966 653 4012 ante·
704 3962 764 4013 426.
785 3976 848 4026 pag.
866 3959 932 4023 786,
957 3959 991 4010 ob
1008 3960 1162 4010 accusativi
1174 3965 1244 4011 strn-

125 4027 202 4088 cedit,
224 4030 296 4081 conf.
313 4033 355 4094 V,
370 4030 404 4083 65
423 4031 514 4098 ibique
531 4037 602 4082 nott.
619 4059 653 4069 -
704 4038 818 4083 cturam.
844 4031 960 4094 Hoeger.
973 4031 1001 4079 in
1015 4030 1088 4079 Acti.
1108 4030 1173 4094 phil.
1185 4032 1243 4080 Μο-

126 4094 154 4145 Ιιι
165 4112 232 4166 seqq.
244 4093 498 4165 πολιορκησόμενοι
512 4103 653 4167 passivam
704 4117 780 4152 naec.
795 4101 827 4150 Τ.
841 4099 893 4150 Ill.
909 4116 933 4164 p.
947 4098 1086 4151 492-494
1103 4102 1143 4149 ita
1161 4098 1244 4150 scribi

126 4163 199 4216 habet
214 4172 282 4236 vim,
305 4172 339 4222 de
356 4187 409 4236 qua
429 4172 502 4223 cons.
525 4176 595 4223 nott.
617 4172 652 4223 ad
703 4170 775 4221 vult:
792 4164 881 4219 καὶτὸ
892 4172 984 4235 τεῖχος
997 4161 1172 4232 ἐφράξαντο;
1189 4183 1243 4234 qno

126 4235 210 4295 Ῡιόῧι
310 4287 315 4296 ,
703 4240 1245 4293 eodemrerboNostrumnsumeesemo·

156 4302 199 4381 κάλ
213 4309 273 4357 σῖτα
287 4305 335 4359 καὶ
355 4301 430 4359 ποτά
446 4306 494 4359 καλ
513 4301 544 4360 τό
561 4312 654 4375 τεῖχος
703 4316 750 4362 net
761 4312 810 4373 lX,
822 4311 865 4362 70.
877 4311 954 4372 Vlll,
965 4310 1007 4360 51.
1020 4308 1160 4359 Plutarch.
1172 4308 1242 4360 Sert.

129 4360 263 4444 ἐσαξαντο]
293 4382 379 4445 „Non
403 4381 486 4431 miror
512 4381 540 4430 in
566 4381 653 4431 forma
703 4383 746 4433 21.
765 4383 843 4432 Brut.
861 4378 903 4431 20.
925 4381 985 4430 Cat.
1002 4380 1067 4428 mai.
1082 4378 1122 4428 13.
1160 4377 1244 4443 Equi-

128 4444 197 4495 verbi
223 4451 403 4515 grammaticis
432 4450 506 4502 hand
531 4450 654 4501 animan·
703 4453 763 4504 dem
786 4467 838 4518 qno
857 4450 943 4501 minus
962 4449 1144 4502 Valckenario
1165 4463 1245 4499 acce·
