2916 5130
379 385 649 448 POLYMNIA.
670 385 742 447 VII.
765 392 921 449 220-223.
1150 380 1211 440 777

86 588 140 641 νος
161 555 261 639 αὐτὸς
280 558 342 646 μὲν
361 557 422 629 οὐκ
444 555 602 644 ἀπέλιπε,
628 556 687 628 τόν
709 558 746 629 δὲ
767 564 872 628 παῖδα
892 556 1211 647 συστρατευόμενον,

33 714 36 720 -
86 663 179 734 ἐόντα
192 669 226 733 ol
238 668 455 751 μουνογενέα,
470 661 655 752 ἀπέπεμψε.
694 667 740 759 Oi
750 666 811 751 μέν
826 690 890 732 ννν
903 662 1069 751 σύμμαχοι
1083 667 1118 731 οί
1127 658 1210 730 ἀπο·
1219 671 1280 734 222

87 767 290 856 πεμπόμενοι
312 768 442 855 οἴχοντό
461 795 496 837 τε
518 765 678 847 ἀπιόντες
691 769 747 836 καλ
760 771 938 836 ἐπείθοντο
951 771 1120 855 Λεωνίδῃ,
1147 774 1211 834 Θε-

86 874 194 951 σπιέες
221 871 259 940 δὲ
286 873 342 939 καί
364 881 505 960 Θηβαῖοι
531 873 730 959 κατέμειναν
749 876 870 960 μοῦνοι
894 868 983 958 παρὰ
1003 875 1211 956 Λακεδαιμο-

86 983 194 1044 νίοισι.
230 974 360 1044 τούτων
380 977 418 1045 δὲ
432 983 573 1065 Θηβαῖοι
591 976 654 1063 μὲν
670 972 825 1055 ἀέκοντες
838 980 980 1062 ιέμενον,
1003 974 1059 1043 καλ
1074 966 1115 1042 ori
1128 980 1211 1063 βον-

87 1079 234 1166 λόμενοι·
259 1094 389 1167 κατεῖχε
403 1080 466 1168 γάρ
476 1102 583 1167 σφεας
592 1083 781 1166 Λεωνίδης,
797 1081 834 1147 ἐν
847 1074 983 1166 ὁμήρων
996 1076 1083 1170 λόγῳ
1098 1075 1213 1146 ποιεό-

87 1205 197 1269 μενος·
235 1184 395 1263 Θεσπιέες
414 1185 451 1252 δδ
475 1181 605 1264 ἑκόντες
624 1182 783 1270 μάλιστα,
809 1189 843 1251 οἳ
863 1179 925 1250 οόκ
946 1188 1077 1269 ἔφασαν
1096 1179 1214 1250 ἀπολι-

88 1287 202 1365 πόντες
222 1291 401 1376 Λεωνίδην
425 1289 481 1356 καλ
503 1283 581 1366 τούς
607 1283 678 1374 μετ’
702 1283 808 1356 αὐτοῦ
835 1283 1106 1371 ἀπαλλάξεσθαι,
1131 1283 1215 1354 ἀλλά

87 1396 343 1478 καταμείναντες
364 1395 615 1461 συναπέθανον.
651 1387 847 1478 ἐστρατήγεε
869 1389 906 1457 δὲ
931 1385 1043 1458 αὐτόν
1057 1388 1213 1477 Δημόφι-

88 1502 140 1574 λος
154 1491 364 1581 Διαδρόμεω.
837 1570 840 1577 ,

159 1598 285 1684 Ξέρξης
304 1597 359 1683 δὲ,
392 1597 463 1665 ἐπεὶ
482 1590 581 1684 ἡλίου
601 1594 835 1674 ἀνατείλαντος
854 1591 1002 1673 σπονδόις
1026 1592 1283 1682 ἐποιήσατο,223

89 1816 177 1852 παντοι
188 1803 244 1854 vid.
258 1802 358 1853 Matth.
371 1801 416 1853 Gr.
432 1802 478 1854 Gr,
490 1805 514 1865 §-
524 1804 585 1862 472,
601 1804 625 1855 1.

88 1873 195 1924 Praeter
206 1874 365 1937 Megistiam
380 1872 412 1923 de
432 1871 493 1921 eliis
509 1887 627 1936 quoque,

89 1957 152 2007 quos
164 1942 290 1995 nolentes
308 1957 417 1992 seruare
431 1939 546 1993 uoluerit
556 1942 626 1991 Leo-

89 2012 178 2075 nidas,
206 2011 327 2062 tradltur
349 2014 378 2061 in
393 2011 533 2062 Plutarch.
553 2014 626 2076 Apo-

675 1801 776 1851 invitos
787 1801 909 1852 obsidum
919 1799 978 1851 1οοο
989 1801 1144 1864 retinuisse,
1155 1816 1217 1851 eum

676 1871 758 1933 istos,
787 1873 832 1937 qui
854 1872 888 1921 ad
908 1871 1003 1921 Medos
1023 1870 1217 1921 inclinaverint

675 1941 785 2003 animis,
800 1941 937 1990 dimittere
946 1941 1038 2006 potius
1048 1941 1093 1991 vel
1103 1941 1217 1991 Graecis

676 2010 879 2062 discedentibus
907 2011 936 2060 in
961 2011 1112 2061 custodiam
1138 2012 1217 2075 quasi

90 2080 252 2148 phrhegmm.
273 2084 393 2132 Laeonn.
413 2099 439 2147 p.
455 2083 543 2133 22511.
562 2081 623 2130 coll.

90 2150 270 2204 Dellerudot.
281 2151 414 2215 malignit.
424 2166 478 2215 pag
495 2150 584 2202 666Β.
594 2146 625 2201 O.

124 2210 172 2269 oria
184 2216 318 2286 ἀπέλιπε]
334 2221 460 2285 Plerique
471 2220 551 2270 codd.
561 2212 628 2268 dns·

93 2286 192 2355 λίπετο,
211 2291 287 2357 qnod
307 2291 477 2341 retinuerunt
494 2289 628 2354 Schweig-

95 2355 200 2411 haeuser
220 2366 249 2411 et
263 2359 414 2420 (lamferd,
434 2364 548 2411 recentt.
566 2359 627 2412 edd.

95 2426 177 2501 iudea
188 2430 317 2481 Bekkero
329 2434 468 2480 mutarunt
481 2430 509 2478 in
520 2422 629 2478 ἀπελεί-

92 2510 160 2548 πετο.
197 2499 335 2565 Equidem
356 2515 371 2549 e
396 2498 627 2550 Sancroftilibro

93 2564 149 2628 dedi
169 2560 307 2631 ἀπέλιπε,
331 2566 390 2618 soll.
409 2564 558 2631 Λεωνίδην
579 2564 628 2617 καλ

92 2630 152 2695 τοὺς
170 2631 231 2703 μετ’
251 2629 354 2697 αὐτοῦ,
376 2643 407 2689 nt
425 2654 485 2704 cap.
504 2638 628 2703 sequenti

91 2703 197 2770 legitur:
223 2709 265 2759 lu'o
281 2725 355 2771 uero,
380 2714 489 2774 querula
512 2707 541 2772 (a
559 2710 629 2759 Leo-

93 2776 161 2843 nida)
176 2779 359 2841 divelleretur,
373 2783 428 2842 ipre
440 2778 510 2829 λανδ
520 2778 631 2829 detenuit

95 2842 272 2913 (Leonidam).
289 2848 364 2900 Idem
376 2848 540 2912 probaverat
550 2848 629 2897 Wes-

91 2915 198 2982 seling.,
214 2920 263 2983 qui
273 2919 342 2968 citat
352 2918 413 2980 Vll,
425 2919 484 2968 222.
496 2917 572 2978 VIII,
584 2917 630 2968 63.

91 2984 227 3038 Plutarch.
241 2987 277 3038 11.
289 3003 315 3052 p.
324 2987 372 3039 261
382 2987 412 3038 0.
436 2986 571 3037 Matthiae
581 2987 628 3037 Gr.

91 3054 134 3106 Gr.
149 3060 173 3119 ὅ.
184 3057 254 3119 496,
269 3060 282 3108 l
304 3062 379 3108 recte
393 3056 472 3107 affert
490 3047 543 3105 οὐκ
562 3049 629 3105 ἀπέ-

676 2081 784 2132 tradere
807 2081 946 2131 debuisset
964 2081 1115 2139 Leonidas;
1139 2080 1217 2130 addit

676 2151 745 2200 adeo
763 2150 908 2200 Thebanos
925 2152 1063 2202 Leonidae
1081 2150 1153 2200 haud
1172 2166 1218 2200 sn·

677 2225 785 2284 speotoe
799 2221 896 2282 fuisse,
907 2220 956 2271 sed
969 2237 1017 2285 pro
1031 2221 1126 2270 amicis
1140 2219 1217 2269 habi-

677 2293 729 2342 tos.
751 2291 828 2351 Quae
841 2305 908 2340 sane
919 2291 1068 2353 tulissent,
1081 2291 1217 2354 inquibus

677 2359 829 2410 refutandis
845 2359 949 2410 diutius
962 2360 1102 2411 immorari
1113 2362 1160 2409 vix
1172 2375 1219 2409 ne-

677 2442 768 2480 cesse:
781 2445 870 2494 neque
879 2429 1061 2494 protulissem,
1072 2430 1126 2479 nisi
1135 2430 1219 2480 vidis-

677 2515 743 2559 sem,
758 2498 880 2550 Grotiurn
896 2498 1022 2563 (History
1035 2501 1065 2548 ul
1074 2499 1175 2550 Graece
1185 2501 1217 2552 V.

678 2585 704 2633 p.
725 2570 772 2618 122
786 2567 856 2635 seq.)
873 2571 901 2618 in
913 2569 955 2620 his
970 2570 1098 2621 assentiri
1110 2568 1218 2620 Plutar-

678 2638 728 2688 cho
739 2639 851 2703 eiusque
863 2640 1026 2705 vituperIum
1037 2639 1160 2704 probare.
1176 2640 1218 2689 De

677 2724 731 2774 quo
750 2708 873 2772 equidem
891 2724 1000 2773 prorsus
1017 2709 1099 2763 aliter
1120 2710 1218 2759 sentio.

679 2777 778 2839 „Soloe
799 2793 889 2829 secum
907 2779 1056 2830 Leonidam
1073 2779 1219 2841 retinuisse

679 2846 860 2911 Thespicnees
882 2855 977 2899 narret
993 2849 1107 2900 Diodor.
1124 2850 1179 2909 XI,
1192 2849 1218 2899 9.

678 2916 810 2967 Herodoti
823 2918 961 2969 Thebanis
969 2919 1133 2984 Mycenaeus
1146 2925 1221 2969 octo·

677 2988 755 3051 ginta
769 2988 912 3039 substituit
923 2989 1041 3039 Pausan.
1055 2989 1092 3045 X,
1106 2988 1148 3039 20.
1164 2992 1188 3051 5.
1203 2989 1220 3037 2

679 3057 903 3122 et11‚16.§.4.“
927 3061 956 3110 V
958 3058 1123 3109 ulckenar.
1150 3059 1221 3108 The·

90 3120 164 3187 λιπε,
185 3127 260 3193 qnod
277 3128 487 3192 interpretatur:
510 3143 540 3176 er
554 3130 629 3191 ρίτης
678 3127 745 3177 bani
768 3129 946 3193 quadrinpentr'
969 3144 1052 3193 supra
1075 3129 1144 3191 VII,
1168 3128 1220 3179 202

90 3194 152 3244 siclt
168 3213 236 3262 unffi
260 3200 314 3259 ipre
336 3212 385 3247 non
404 3198 528 3247 discessit.
565 3197 626 3247 Vid.
678 3204 920 3249 commemorantur
937 3203 965 3248 et
981 3199 1162 3263 Thespieuses
1180 3214 1221 3248 se-

90 3262 154 3314 Lex.
167 3266 342 3330 Xenophout.
357 3267 379 3316 1.
395 3267 522 3331 pug.’347
536 3267 628 3331 ibique
675 3268 808 3331 primenti,
821 3284 932 3333 qnorum
943 3271 971 3317 in
981 3268 1068 3318 locum
1081 3269 1222 3320 Malienses

91 3331 241 3401 Cyropaed.
259 3336 295 3393 ΙΙ,
310 3334 334 3384 6.
350 3339 375 3399 g.
391 3339 434 3386 24.
463 3338 510 3385 (λυ.
526 3338 630 3386 excitat
679 3337 738 3386 eine
756 3353 840 3388 causa
855 3340 928 3388 iusta
942 3339 1108 3389 substituere
1125 3337 1222 3389 volunt

90 3400 283 3465 Wyttenbach.
303 3405 339 3456 ad
355 3405 494 3458 Plutarch.
514 3407 556 3456 De
574 3406 631 3455 vir·
678 3407 807 3456 Ruestow
833 3413 860 3460 et
884 3408 1019 3472 Koechly:
1050 3407 1148 3458 (lesch-
1173 3408 1220 3457 des

91 3474 152 3521 tutt.
171 3476 292 3528 muliere.
309 3476 365 3539 (Il,
381 3474 407 3540 1)
429 3493 455 3541 p.
470 3477 500 3525 17
517 3482 544 3525 et
556 3475 628 3525 Plat.
680 3474 787 3527 Griecb.
805 3478 1008 3544 Kricgswesens
1026 3493 1088 3542 pag.
1104 3478 1147 3528 60.
1187 3477 1222 3526 In

91 3538 211 3608 ὅμωρον.
227 3560 253 3615 p.
268 3545 328 3596 209.
344 3562 369 3609 p.
382 3547 431 3597 441
447 3544 534 3597 Behh.
548 3571 579 3581 -
597 3547 630 3595 ln
680 3560 755 3611 seqq.
775 3562 822 3610 pro
840 3542 962 3597 τουτέων
983 3553 1011 3597 et
1032 3539 1140 3596 αὐτέων
1159 3545 1221 3596 dedi

91 3623 162 3677 seqq.
178 3614 298 3670 ,verbum
319 3605 533 3677 ἀπαλλάξεσθαι
549 3615 631 3665 dicre·
679 3610 789 3665 τοότων
810 3622 839 3667 et
857 3612 960 3666 νότιόν.
997 3616 1038 3667 Ad
1055 3615 1221 3667 locutionem

91 3679 165 3732 desedi
178 3685 291 3734 notione
305 3684 429 3736 absolute
447 3686 566 3749 positum
582 3700 632 3734 uo·
680 3677 711 3734 ἔν
719 3678 834 3750 ὁμήρων
847 3681 918 3750 λόγῳ
934 3685 1083 3736 ποιεῖσθαι
1097 3687 1133 3741 ci.
1150 3692 1221 3739 nott.

91 3752 160 3801 tavit
176 3755 292 3817 Bonita,
319 3753 352 3805 de
379 3769 430 3804 usu
454 3755 534 3805 huius
554 3755 630 3806 verbi
680 3756 715 3805 ad
729 3757 782 3818 III,
798 3758 846 3807 126
858 3756 920 3808 coll.
936 3758 995 3809 125.

91 3817 233 3885 disputans
252 3825 293 3873 in:
321 3823 581 3890 Sitzungeberiehtt.
602 3825 628 3875 d.
1021 3829 1023 3832 ’

91 3887 545 3956 Akad.dll'Issenechnwien,
564 3895 629 3945 hist.
835 3929 891 3979 cm,
919 3929 1059 3982 CCXXIII

91 3957 155 4021 phIl.
171 3963 259 4013 Clare.
275 3964 377 4014 xxm.
391 3979 417 4030 p.
430 3963 481 4016 336
494 3979 550 4029 seq.
894 3968 900 3981 '
1063 3972 1069 3984 ·

87 4036 93 4053 ·
715 4023 798 4099 ἡλίου
814 4022 1027 4102 ἀνατείλαντος]
1047 4036 1108 4086 Hoc
1122 4037 1221 4087 retinui

252 4135 317 4187 sse·
336 4134 469 4187 uffi-
680 4102 1222 4227 sstriumuiri-attuit

126 4233 257 4297 Θεσπιέες
272 4235 304 4290 δὲ
323 4235 372 4288 κοιλ
387 4237 524 4305 Θηβαῖοι]
545 4240 630 4291 Affert
680 4241 811 4292 Schaefer
826 4243 961 4294 etMatth.
977 4246 1110 4296 dederant
1120 4238 1224 4295 ἐπανα-

93 4302 226 4359 Plutarch.
247 4310 283 4359 lI.
306 4326 367 4375 pag.
386 4309 517 4363 suune.
546 4310 631 4375 pluri·
680 4309 839 4374 τείλαντος,
860 4313 939 4378 quale
953 4316 1094 4365 invenitur·
1109 4317 1147 4377 ΙΙ,
1164 4316 1222 4367 142.

93 4371 141 4425 bus
153 4380 242 4430 verbis
253 4381 437 4444 perstringens
450 4380 628 4443 Herodotum,
674 4383 733 4443 111,
746 4382 789 4432 64.
817 4383 870 4433 Sed
883 4383 997 4433 alterum
1012 4401 1118 4450 quoque
1131 4392 1223 4437 exstat

94 4449 162 4507 quod
173 4450 315 4500 tradiderit
324 4450 473 4500 Leonidam
484 4449 629 4501 Thebanos
680 4451 730 4513 1V‚
743 4452 835 4504 4646.
860 4453 940 4504 Coni.
956 4456 1074 4507 Lemana
1087 4456 1123 4507 ad
1135 4458 1223 4508 Hora·
