3052 5134
468 369 645 480 unare.
669 416 724 477 vr.
749 425 808 482 ue.
825 426 890 497 in.
1183 414 1243 478 ιιι

115 603 193 685 βοῦς
213 592 335 665 ἑκατὸν
354 591 372 663 ὁ
391 595 599 680 Κλεισθένης
619 587 743 679 εὐώχεε
763 587 886 671 αὐτούς
905 621 941 661 τε
960 591 1038 673 τούς
1058 600 1248 684 μνηστῆρας

116 699 262 780 καὶτοὺς
278 705 492 779 Σικυωνίους
507 695 642 776 πάντας.
672 690 716 776 ὦς
733 694 769 764 δὲ
784 691 849 764 ὐπὸ
865 700 1007 767 δείπνου
1021 700 1191 785 ἐγένοντο,
1216 702 1250 766 oi

115 810 301 893 μνηστῆρες
319 808 392 891 έριυ
405 801 496 889 εἶχον
518 798 609 889 ἀμφί
624 827 660 869 τε
679 803 823 889 μουσικῇ
842 805 962 893 καὶτῷ
981 803 1150 895 λεγομένῳ
1166 807 1200 882 ἐς
1211 799 1249 871 τὸ

116 912 226 995 μέσον.
265 905 447 995 προιούσης
468 905 503 975 δέ
524 909 581 992 τῆς
602 903 716 983 πόσιος
736 906 886 991 κατέχων
899 903 1025 974 πολλὸν
1038 903 1115 986 τούς
1128 904 1249 985 ἄλλους

116 1007 132 1081 ὅ
151 1007 383 1099 Ἱπποκλείδης
410 1010 566 1081 ἐκέλευσέ
589 1012 624 1076 oi
640 1005 700 1075 τόυ
721 1002 871 1096 αὐλητὴν
889 1006 1032 1097 αὐλῆσαι
1055 1012 1247 1098 ἐμμέλειαν·

117 1117 324 1205 πειθομένου
352 1115 389 1184 δὲ
416 1119 479 1183 τοῦ
494 1109 645 1199 αὐλητέω
667 1107 847 1200 ὠρχήσατο.
890 1120 950 1182 καί
969 1141 1035 1194 κως
1056 1115 1169 1208 ἑωυτῷ
1187 1115 1250 1203 μὲν

151 1275 211 1348 ἔριν
224 1274 305 1345 εἶχον
317 1271 396 1346 ἆμφί
405 1297 433 1330 τε
443 1279 578 1348 μουσικῇ]
595 1281 659 1332 Vnt·
710 1296 756 1331 rus
774 1280 983 1346 interpretatur:
1007 1284 1071 1346 „qui
1082 1285 1180 1333 atttror't
1191 1285 1250 1332 rar-

119 1370 151 1417 po
161 1345 240 1416 εἶχον
252 1347 323 1414 ἔριν.
347 1354 433 1403 Usum
448 1353 660 1418 praepositionis
711 1351 834 1402 νεανίσκ’*
867 1350 969 1400 Ceratis
986 1351 1104 1401 marnttr
1130 1353 1249 1418 „quido-

118 1419 190 1485 n‘ppt
204 1424 288 1489 attigi
304 1422 340 1473 ad
352 1425 385 1485 V,
403 1424 435 1473 19
448 1428 476 1473 et
488 1425 516 1480 Ι,
535 1422 584 1473 140
596 1420 666 1473 coll.¹
709 1422 808 1483 naneti,
827 1424 870 1486 qui
886 1423 983 1484 νέμνοίλ
998 1437 1045 1471 aar
1057 1430 1124 1472 toute
1140 1425 1166 1471 to
1184 1439 1251 1473 com-

119 1494 169 1554 vl,
192 1493 235 1541 6⁹2.
272 1492 336 1544 Vid.
356 1491 483 1544 Kuehner
501 1492 547 1542 Gr.
568 1492 614 1542 Gr.
635 1496 658 1555 5.
708 1491 1251 1556 papate,quitrittoitporrur'toueteacourr'·

119 1562 176 1623 ebe,
187 1562 225 1615 lt.
254 1564 303 1613 Cr.
315 1562 433 1612 conferri
445 1562 503 1613 vnit
514 1562 657 1613 Matthiae.
709 1562 785 1617 cer⁸‘‚·
802 1562 913 1611 verbum
923 1557 1048 1624 κατέχειν
1058 1562 1128 1611 idem
1138 1562 1196 1611 iere
1204 1577 1251 1611 va-

119 1632 152 1681 ad
169 1632 271 1695 Hymn.
290 1633 415 1682 Homerr.
436 1648 463 1697 p.
480 1632 537 1682 '222
557 1637 585 1682 et
599 1632 659 1683 208.
710 1632 853 1681 terentes
868 1620 1075 1695 αληαεᾶρχειν,
1093 1623 1249 1690 δεσπόζειν.

120 1702 158 1751 Λᾶ
172 1701 258 1752 verba
272 1717 350 1768 seqq.
370 1699 408 1768 τῷ
425 1701 563 1767 λεγομένω
581 1692 610 1758 ές
628 1693 659 1750 τὸ
712 1702 802 1764 Atque
811 1701 839 1750 in
850 1700 920 1750 huuc
930 1716 1038 1750 sensum
1048 1702 1132 1751 rerba
1143 1702 1182 1751 sic
1192 1716 1252 1751 ver·

120 1769 203 1833 μέσον
221 1772 253 1835 (i.
271 1790 296 1824 e.
312 1772 477 1836 sermonibus,
502 1775 616 1822 dicteriis
636 1775 662 1821 in
712 1770 810 1821 nacula
818 1769 1153 1836 reddiditLangius:„dcr
1162 1771 1195 1820 do
1204 1771 1252 1821 dos

120 1842 196 1891 toedio
209 1844 350 1905 propositis
366 1857 387 1891 s.
405 1859 488 1893 eoram
504 1841 663 1906 reliquistre·
710 1855 801 1906 proase
811 1839 993 1890 Worthutte“.·
1005 1840 1251 1905 quodmihiabHe·

121 1910 188 1975 bitis)
209 1912 246 1961 ct.
263 1911 319 1975 Vi,
341 1910 405 1962 ruo:
436 1906 611 1975 Κλεισθένης
628 1939 662 1947 -
713 1909 804 1960 rodoti
821 1911 911 1960 verbis
930 1909 1011 1975 longe
1026 1910 1122 1961 abesse
1134 1911 1252 1972 videtur,

122 1972 215 2040 ἔλεξε
235 1971 269 2038 ές
290 1974 394 2043 μέσον
412 1975 487 2033 τάδε.
519 1982 597 2033 Ceut.
614 1981 663 2043 1r‚
713 1995 824 2046 queeex
835 1996 894 2030 urea
906 1980 1013 2044 quidem
1025 1983 1162 2037 sententia
1171 1979 1254 2029 aliter

122 2048 152 2095 nr
167 2049 259 2114 ibique
276 2054 346 2100 nott.
363 2051 543 2116 V11‚8.§.t:
561 2049 664 2114 τίθημι
713 2049 828 2115 intelligi
837 2056 975 2115 nequeunt
983 2066 1015 2100 ae
1026 2066 1109 2115 supra
1119 2050 1252 2100 indicavi:

122 2110 152 2165 τὸ
171 2118 288 2183 πρῆγμα
310 2110 344 2177 ές
363 2118 478 2183 μέσον.
501 2122 558 2185 111,
571 2122 614 2171 62.
630 2120 664 2171 80
713 2123 872 2187 quimottam.
888 2121 1051 2171 dexteritate
1064 2137 1114 2171 sua
1133 2122 1161 2170 in
1175 2122 1253 2171 rebus

123 2188 180 2237 init.
197 2190 256 2240 142.
290 2190 381 2240 Verba
395 2183 554 2253 προϊούσης
569 2186 600 2240 δὲ
615 2188 666 2253 τῆς
714 2189 826 2252 musicis
839 2189 953 2256 aliisque
971 2193 1051 2241 rebus
1064 2190 1192 2255 ludicris,
1213 2190 1253 2239 di-

124 2252 222 2315 πόοιος
242 2260 399 2311 Lareherus
418 2261 459 2311 sie
478 2261 581 2312 reddit:
602 2276 664 2322 perr-
715 2259 878 2325 etislspidis
892 2262 920 2308 in
933 2261 1048 2311 mediore
1061 2259 1191 2324 prolatis,
1211 2260 1252 2309 de-

123 2330 182 2377 stant
195 2332 270 2393 ηιιόιι
288 2332 350 2381 έλαίλ
360 2333 453 2393 οααιρέ
464 2331 481 2380 ἁ
493 2332 576 2393 boire,
596 2332 665 2382 bene
715 2330 811 2382 ruebat
829 2346 851 2383 s.
873 2331 1017 2380 delectabar
1032 2333 1142 2394 retiqaoe
1153 2344 1255 2392 procos.

124 2412 245 2459 mouens,
266 2399 340 2464 apud
355 2400 474 2452 Graecos
490 2402 598 2452 minime
610 2416 666 2450 rue·
750 2391 874 2448 ἐκέλευσέ
888 2392 918 2446 oi
928 2392 979 2448 τὸν
994 2389 1120 2464 αὐλητὴν
1133 2392 1255 2462 αὐλῆσαι

124 2467 160 2515 ris
172 2468 257 2519 tuisse
273 2471 346 2521 inter
356 2470 449 2536 eputes
460 2471 566 2532 bibere,
579 2475 610 2521 ut
619 2486 666 2536 pa·
716 2458 873 2533 ἐμμέλειαν]
883 2468 924 2517 tta
933 2484 993 2518 earn
1003 2473 1117 2520 recentt.
1125 2468 1185 2519 edd.
1193 2467 1255 2518 dedi

125 2540 181 2588 teat
195 2538 346 2604 eXenoph.
362 2541 449 2590 Anah.
463 2541 526 2604 VII,
540 2542 565 2596 3,
580 2543 603 2604 ξ.
622 2542 664 2589 Ιλι
716 2528 880 2601 preteriret
888 2530 925 2589 ci.
937 2540 1006 2604 quod
1022 2539 1202 2589 eFtorentino
1214 2553 1255 2587 re-

83 2631 89 2642 ·
126 2608 194 2671 qued
205 2610 296 2673 ipsum
309 2626 340 2660 ex
353 2609 405 2660 hoe
416 2610 476 2661 loco
491 2611 600 2675 egregie
610 2625 666 2660 eer·
716 2607 1088 2673 cepitsschrreioehaeuserns3
1108 2608 1180 2659 idem
1194 2623 1256 2657 mox

125 2678 210 2735 nitur.
227 2679 276 2729 ubi
290 2679 456 2730 antecedunt
468 2681 566 2731 verbe:
586 2670 623 2736 (ὃς
635 2671 666 2728 bt
717 2692 824 2743 qrroque
836 2678 890 2727 ieci
903 2671 1027 2728 ἐκέλευσέ
1038 2672 1197 2731 asscribens
1206 2692 1255 2743 pro

125 2739 180 2795 α’πὸ
191 2744 315 2798 δείπνου
325 2740 469 2813 ἒγέυοντος
484 2750 571 2816 epuiis
582 2750 666 2815 igitur
716 2741 836 2800 ἐκέλευες
852 2739 998 2810 ἐμμέλειαν
1007 2748 1105 2814 reliqui
1114 2751 1256 2808 intactum,

125 2816 205 2868 finitio
231 2820 384 2869 certamina
404 2821 508 2870 musica
527 2820 603 2885 proci
625 2820 665 2868 in·
717 2818 879 2870 Bredovium
891 2822 1000 2879 secutus
1012 2834 1073 2884 pag.
1088 2818 1145 2871 12³8.
1169 2819 1257 2869 Revo-

126 2886 291 2949 attrectant,
312 2894 393 2953 atque
412 2896 484 2953 turn,
503 2890 667 2955 procedente
717 2889 780 2941 ceri
795 2902 901 2954 quoque
915 2903 948 2941 ex
962 2889 1021 2941 edd.
1037 2888 1154 2939 vetustis
1165 2879 1257 2952 (ὄρχη-

127 2957 667 3094 οινικαςαιιααιιιλ
719 2957 1257 3093 ubete-strthstfruu

128 3110 176 3146 sua
189 3097 215 3148 in
232 3098 315 3149 rebus
328 3100 438 3149 musicis
454 3116 487 3150 ae
504 3101 626 3151 dicteriis
640 3099 668 3148 in
718 3092 842 3164 ωρχέετο
857 3113 904 3163 pro
915 3089 1038 3162 ὀρχέετο,
1051 3099 1184 3162 probante
1194 3098 1259 3148 Bre-

129 3166 241 3217 medium
252 3168 378 3233 prolatis.
390 3170 432 3219 Ad
442 3170 575 3221 Herodoti
586 3169 669 3219 rerba
720 3170 781 3222 dev.
792 3184 854 3234 pag.
868 3166 933 3229 307,
946 3184 1007 3218 cum
1022 3184 1076 3233 quo
1087 3168 1180 3219 eodem
1195 3183 1257 3232 pag.

129 3236 243 3288 conferri
271 3242 400 3303 poterunt
419 3239 560 3291 Theocriti
584 3240 668 3289 verba
720 3237 1032 3303 iit'tretinuirutgatnm
1048 3228 1259 3300 indutevqeu-

129 3303 261 3368 ldxlv,
285 3307 330 3357 18:
349 3299 452 3373 ἥδηδὲ
471 3301 669 3371 προϊόντος
719 3310 762 3359 ius
787 3307 848 3359 ioco
874 3307 997 3360 Dietseh.
1024 3308 1148 3359 exhibuit
1170 3298 1260 3355 ὑπιό·

130 3367 201 3453 ζδοξ’
228 3368 392 3442 ἐποχεῖσθαι
418 3367 544 3442 ἄκρατον
567 3365 669 3435 circeos
720 3392 814 3428 πτεοε.
848 3377 968 3427 Dativus
989 3367 1085 3443 ἕωυτηῑ
1105 3377 1206 3444 pendet
1224 3377 1260 3426 ab

130 3437 213 3508 qttet'
228 3443 354 3503 ἕκαστος.
720 3442 909 3509 destruenti
915 3451 1026 3511 elocent,
1035 3454 1066 3499 nt
1075 3447 1261 3500 redditKueh-

163 3514 289 3581 κατέχων
299 3509 483 3574 πολλόντούς
492 3506 607 3580 ἄλλους]
619 3516 636 3564 i.
646 3533 669 3566 e.
722 3534 770 3569 ner
789 3518 834 3566 Gr.
854 3518 899 3568 Gr.
912 3517 936 3579 ᾗ.
954 3519 1020 3580 577,
1034 3517 1055 3568 f.
1089 3518 1130 3568 Ad
1146 3516 1200 3567 toci
1218 3532 1261 3565 ar-

131 3588 225 3635 αατλιααι
242 3588 356 3652 reliquos
375 3586 499 3652 (procos,
526 3584 669 3649 convivas)
722 3593 878 3653 gementum
899 3586 967 3637 haec
993 3585 1088 3638 attulit
1101 3587 1261 3651 δολιωτέρ-

132 3653 242 3706 detinens
276 3657 335 3707 sire
371 3658 500 3706 delectans
527 3671 671 3720 eorumque
721 3661 830 3710 λαεατ.
861 3658 1014 3719 „Traqicus
1028 3658 1147 3709 saltandi
1163 3671 1261 3707 canen-

133 3724 222 3774 oeuies
239 3726 397 3791 animosque
409 3727 438 3775 in
455 3742 485 3776 se
500 3730 669 3775 convertens.
722 3727 804 3791 dique
820 3728 916 3776 modus
934 3722 950 3793 ἡ
968 3718 1094 3790 ἐμμέλεια
1106 3727 1262 3792 plerumque

133 3791 279 3861 Schweigh.
296 3798 379 3846 verbo
393 3790 519 3859 κατέχειν
532 3794 578 3845 hie
590 3799 671 3859 repri-
723 3796 885 3861 intelligitur
895 3797 1079 3863 honestusque
1089 3797 1260 3849 censebatur.

132 3865 222 3925 nundi,
254 3865 381 3916 inhibendi
408 3865 529 3930 adeoque
552 3869 671 3917 sitentium
722 3867 784 3919 vid.
797 3866 896 3917 Athen.
910 3867 932 3927 1,
947 3867 988 3918 39.
1002 3884 1027 3932 p.
1045 3870 1118 3919 atu.
1134 3868 1207 3928 XIV,
1218 3866 1262 3918 30.

133 3933 270 3994 inponendi
287 3936 466 4001 significatum
484 3935 596 3993 tribuite
622 3951 672 3985 nee
722 3953 748 4001 p.
760 3935 807 3987 631
820 3936 848 3987 C.
863 3944 890 3987 et
899 3937 1019 4002 Hesyeh.
1031 3954 1053 3992 s.
1066 3955 1090 3988 r.
1106 3939 1128 3988 I.
1142 3954 1169 4003 p.
1186 3936 1261 3987 tter.

135 4015 198 4052 sane
213 4004 395 4067 intercedam,
414 4008 438 4057 si
455 4006 515 4071 quis
530 4006 570 4054 ita
583 4004 672 4056 iocum
723 4005 829 4057 Monuit
841 4022 905 4056 vere
918 4008 987 4057 idem
1000 4008 1154 4072 Hesychius
1169 4006 1263 4057 eedem

134 4074 256 4138 accipere
274 4074 355 4126 vetit:
379 4079 477 4126 mattam
497 4074 672 4136 (dexteritate
722 4077 829 4126 nomine
838 4077 1012 4141 ebhesehyie
1023 4078 1168 4143 satyricum
1180 4077 1263 4127 etiem

135 4153 183 4189 tue
206 4144 329 4211 arteque)
351 4148 461 4211 reliquos
482 4145 612 4206 cohibens,
639 4160 672 4194 ne
723 4146 829 4197 modurn
843 4145 995 4211 indigituri,
1010 4148 1056 4213 qui
1066 4148 1134 4198 elias
1144 4147 1263 4201 sicienter

135 4210 192 4260 scit.
206 4215 234 4264 in
245 4215 342 4265 iisdem
355 4216 462 4266 artibus
474 4215 622 4279 periculum
633 4215 674 4264 fa·
723 4222 807 4279 atque
818 4231 851 4265 ea
864 4218 976 4267 notione
990 4217 1083 4267 forsan
1097 4210 1224 4279 ἐμμέλεια
1236 4214 1262 4262 h.

135 4290 237 4345 eereut,
263 4300 322 4334 cum
345 4286 404 4350 ipso
422 4285 618 4343 concertatur
644 4284 672 4334 id
722 4286 740 4338 l.
755 4285 1041 4350 fueritaceipiende.“
1067 4284 1262 4337 'ruoddPtat

137 4351 240 4411 quoda
259 4354 355 4405 Vatiae
374 4355 599 4420 interpretatione
619 4371 672 4404 non
723 4357 765 4405 De
783 4354 853 4421 legg.
872 4356 933 4406 Vll.
953 4371 1015 4421 pag.
1035 4356 1125 4406 albu.
1165 4354 1263 4405 Glossa

136 4415 213 4485 longe
232 4424 336 4475 recedit
356 4424 440 4475 tibere
459 4427 499 4474 sic
520 4424 672 4475 reddentis:
723 4426 880 4475 Herodotea
899 4415 1044 4489 ἐμμέλειαν
1063 4425 1175 4491 exponit
1188 4438 1263 4488 χορι-

137 4502 186 4539 ceru
199 4495 270 4560 torpe
282 4497 347 4546 otios
361 4498 529 4547 antecederet.
556 4493 674 4545 Larehe·
724 4486 779 4558 τὴν
791 4483 920 4559 ὄρχησιν.
