<?xml version="1.0" encoding="UTF-8"?>
<!DOCTYPE html PUBLIC "-//W3C//DTD XHTML 1.0 Transitional//EN"
    "http://www.w3.org/TR/xhtml1/DTD/xhtml1-transitional.dtd">
<html xmlns="http://www.w3.org/1999/xhtml" xml:lang="en" lang="en">
 <head>
  <title>
</title>
<meta http-equiv="Content-Type" content="text/html;charset=utf-8" />
  <meta name='ocr-system' content='tesseract 3.04.00' />
  <meta name='ocr-capabilities' content='ocr_page ocr_carea ocr_par ocr_line ocrx_word'/>
</head>
<body>
  <div class='ocr_page' id='page_1' title='image "./herodotihalicar03bhgoog_0674.png"; bbox 0 0 2986 5130; ppageno 0'>
   <div class='ocr_carea' id='block_1_1' title="bbox 503 348 1295 425">
    <p class='ocr_par' dir='ltr' id='par_1_1' title="bbox 503 348 1295 425">
     <span class='ocr_line' id='line_1_1' title="bbox 503 348 1295 425; baseline 0.003 -4"><span class='ocrx_word' id='word_1_1' title='bbox 503 358 777 422; x_wconf 83' lang='lat' dir='ltr'><strong>POLYMNIA.</strong></span> <span class='ocrx_word' id='word_1_2' title='bbox 795 348 871 421; x_wconf 89' lang='lat' dir='ltr'>VII.</span> <span class='ocrx_word' id='word_1_3' title='bbox 897 369 956 424; x_wconf 82' lang='lat'><strong>139.</strong></span> <span class='ocrx_word' id='word_1_4' title='bbox 1234 362 1295 425; x_wconf 84' lang='grc'><strong>647</strong></span> 
     </span>
    </p>
   </div>
   <div class='ocr_carea' id='block_1_2' title="bbox 107 530 1296 1454">
    <p class='ocr_par' dir='ltr' id='par_1_2' title="bbox 107 530 1296 1454">
     <span class='ocr_line' id='line_1_2' title="bbox 162 530 1296 627; baseline -0.004 -18"><span class='ocrx_word' id='word_1_5' title='bbox 162 540 321 627; x_wconf 77' lang='grc' dir='ltr'><strong><em>Πέρσησι.</em></strong></span> <span class='ocrx_word' id='word_1_6' title='bbox 359 533 421 625; x_wconf 81' lang='grc' dir='ltr'><strong><em>τὴν</em></strong></span> <span class='ocrx_word' id='word_1_7' title='bbox 447 530 512 624; x_wconf 79' lang='grc' dir='ltr'><strong><em>γάρ</em></strong></span> <span class='ocrx_word' id='word_1_8' title='bbox 540 532 709 623; x_wconf 77' lang='grc' dir='ltr'><em>ὠφελείην</em></span> <span class='ocrx_word' id='word_1_9' title='bbox 736 533 798 624; x_wconf 74' lang='grc' dir='ltr'><strong><em>τὴν</em></strong></span> <span class='ocrx_word' id='word_1_10' title='bbox 822 541 891 605; x_wconf 81' lang='grc' dir='ltr'><strong><em>των</em></strong></span> <span class='ocrx_word' id='word_1_11' title='bbox 911 538 1048 625; x_wconf 80' lang='grc' dir='ltr'><strong><em>τειχέων</em></strong></span> <span class='ocrx_word' id='word_1_12' title='bbox 1067 543 1137 606; x_wconf 83' lang='grc' dir='ltr'><strong><em>των</em></strong></span> <span class='ocrx_word' id='word_1_13' title='bbox 1161 534 1218 606; x_wconf 77' lang='grc' dir='ltr'><strong>διά</strong></span> <span class='ocrx_word' id='word_1_14' title='bbox 1236 542 1296 606; x_wconf 85' lang='grc' dir='ltr'><strong><em>τοῦ</em></strong></span> 
     </span>
     <span class='ocr_line' id='line_1_3' title="bbox 158 633 1294 731; baseline -0.003 -18"><span class='ocrx_word' id='word_1_15' title='bbox 158 642 292 731; x_wconf 84' lang='grc' dir='ltr'><em>Ἰσθμοῦ</em></span> <span class='ocrx_word' id='word_1_16' title='bbox 306 643 520 728; x_wconf 78' lang='grc' dir='ltr'><strong><em>ἐληλαμένων</em></strong></span> <span class='ocrx_word' id='word_1_17' title='bbox 540 637 580 708; x_wconf 82' lang='grc' dir='ltr'><strong>οὐ</strong></span> <span class='ocrx_word' id='word_1_18' title='bbox 597 639 743 726; x_wconf 79' lang='grc' dir='ltr'><strong><em>δύναμαι</em></strong></span> <span class='ocrx_word' id='word_1_19' title='bbox 758 642 948 726; x_wconf 73' lang='grc' dir='ltr'><strong><em>πυθέσθαι,</em></strong></span> <span class='ocrx_word' id='word_1_20' title='bbox 975 638 1046 730; x_wconf 77' lang='grc' dir='ltr'><strong><em>ἥτις</em></strong></span> <span class='ocrx_word' id='word_1_21' title='bbox 1060 635 1102 710; x_wconf 86' lang='grc' dir='ltr'><strong><em>άν</em></strong></span> <span class='ocrx_word' id='word_1_22' title='bbox 1116 633 1176 729; x_wconf 79' lang='grc' dir='ltr'><strong>ἦν,</strong></span> <span class='ocrx_word' id='word_1_23' title='bbox 1197 649 1294 729; x_wconf 80' lang='grc' dir='ltr'><strong><em>βασι-</em></strong></span> 
     </span>
     <span class='ocr_line' id='line_1_4' title="bbox 162 741 1295 833; baseline -0.004 -15"><span class='ocrx_word' id='word_1_24' title='bbox 162 751 235 828; x_wconf 81' lang='grc' dir='ltr'><strong><em>λέος</em></strong></span> <span class='ocrx_word' id='word_1_25' title='bbox 248 746 499 833; x_wconf 80' lang='grc' dir='ltr'><strong><em>ἐπικρατέοντος</em></strong></span> <span class='ocrx_word' id='word_1_26' title='bbox 512 749 568 831; x_wconf 82' lang='grc' dir='ltr'><strong><em>τῆς</em></strong></span> <span class='ocrx_word' id='word_1_27' title='bbox 583 742 765 831; x_wconf 76' lang='grc' dir='ltr'><strong><em>θαλάσσης.</em></strong></span> <span class='ocrx_word' id='word_1_28' title='bbox 802 749 880 813; x_wconf 85' lang='grc' dir='ltr'><strong>Νῦν</strong></span> <span class='ocrx_word' id='word_1_29' title='bbox 895 745 949 831; x_wconf 75' lang='lat' dir='ltr'><strong>di,</strong></span> <span class='ocrx_word' id='word_1_30' title='bbox 970 741 1171 832; x_wconf 85' lang='grc' dir='ltr'><strong><em>Ἀθηναίους</em></strong></span> <span class='ocrx_word' id='word_1_31' title='bbox 1189 742 1232 814; x_wconf 74' lang='grc' dir='ltr'><strong>ἅν</strong></span> <span class='ocrx_word' id='word_1_32' title='bbox 1245 773 1295 824; x_wconf 92' lang='grc' dir='ltr'><strong>τις</strong></span> 
     </span>
     <span class='ocr_line' id='line_1_5' title="bbox 162 843 1294 941; baseline -0.003 -20"><span class='ocrx_word' id='word_1_33' title='bbox 162 854 270 941; x_wconf 79' lang='grc' dir='ltr'><strong><em>λέγων</em></strong></span> <span class='ocrx_word' id='word_1_34' title='bbox 289 854 439 935; x_wconf 81' lang='grc' dir='ltr'><strong><em>σωτῆρας</em></strong></span> <span class='ocrx_word' id='word_1_35' title='bbox 459 849 620 933; x_wconf 80' lang='grc' dir='ltr'><strong><em>γενέσθαι</em></strong></span> <span class='ocrx_word' id='word_1_36' title='bbox 641 852 698 933; x_wconf 76' lang='grc' dir='ltr'><strong><em>τῆς</em></strong></span> <span class='ocrx_word' id='word_1_37' title='bbox 708 843 881 935; x_wconf 80' lang='grc' dir='ltr'><strong><em>Ἑλλάδος,</em></strong></span> <span class='ocrx_word' id='word_1_38' title='bbox 909 845 971 917; x_wconf 78' lang='grc' dir='ltr'><strong>οὐκ</strong></span> <span class='ocrx_word' id='word_1_39' title='bbox 985 844 1029 917; x_wconf 77' lang='lat' dir='ltr'><strong>cir</strong></span> <span class='ocrx_word' id='word_1_40' title='bbox 1051 843 1233 937; x_wconf 71' lang='grc' dir='ltr'><strong><em>ἁμαρτάνοι</em></strong></span> <span class='ocrx_word' id='word_1_41' title='bbox 1257 847 1294 918; x_wconf 71' lang='lat' dir='ltr'><strong>ri</strong></span> 
     </span>
     <span class='ocr_line' id='line_1_6' title="bbox 162 941 1292 1042; baseline -0.004 -17"><span class='ocrx_word' id='word_1_42' title='bbox 162 954 295 1042; x_wconf 76' lang='grc' dir='ltr'><strong><em>ἀληθές.</em></strong></span> <span class='ocrx_word' id='word_1_43' title='bbox 331 941 425 1021; x_wconf 82' lang='grc' dir='ltr'><strong><em>οὗτοι</em></strong></span> <span class='ocrx_word' id='word_1_44' title='bbox 451 948 514 1037; x_wconf 77' lang='grc' dir='ltr'><strong>γὰρ</strong></span> <span class='ocrx_word' id='word_1_45' title='bbox 535 946 751 1040; x_wconf 81' lang='grc' dir='ltr'><strong>ἐπ7’ὁκότερα</strong></span> <span class='ocrx_word' id='word_1_46' title='bbox 775 956 846 1021; x_wconf 79' lang='grc' dir='ltr'><strong><em>τῶν</em></strong></span> <span class='ocrx_word' id='word_1_47' title='bbox 868 950 1071 1040; x_wconf 80' lang='grc' dir='ltr'><strong><em>πρηγμάτων</em></strong></span> <span class='ocrx_word' id='word_1_48' title='bbox 1099 952 1292 1040; x_wconf 77' lang='grc' dir='ltr'><strong><em>ἐτράποντο,</em></strong></span> 
     </span>
     <span class='ocr_line' id='line_1_7' title="bbox 161 1051 1292 1145; baseline -0.004 -17"><span class='ocrx_word' id='word_1_49' title='bbox 161 1064 265 1128; x_wconf 85' lang='grc' dir='ltr'><strong><em>ταῦτα</em></strong></span> <span class='ocrx_word' id='word_1_50' title='bbox 280 1058 397 1145; x_wconf 76' lang='grc' dir='ltr'><strong><em>ῥέψειν</em></strong></span> <span class='ocrx_word' id='word_1_51' title='bbox 413 1061 540 1142; x_wconf 81' lang='grc' dir='ltr'><strong><em>ἔμελλε.</em></strong></span> <span class='ocrx_word' id='word_1_52' title='bbox 565 1052 715 1143; x_wconf 84' lang='grc' dir='ltr'><strong><em>ἑλόμενοι</em></strong></span> <span class='ocrx_word' id='word_1_53' title='bbox 732 1054 768 1123; x_wconf 74' lang='lat' dir='ltr'><strong>dl</strong></span> <span class='ocrx_word' id='word_1_54' title='bbox 782 1052 844 1143; x_wconf 80' lang='grc' dir='ltr'><strong><em>τὴν</em></strong></span> <span class='ocrx_word' id='word_1_55' title='bbox 860 1051 1001 1124; x_wconf 77' lang='grc' dir='ltr'><strong><em>Ἑλλάδα</em></strong></span> <span class='ocrx_word' id='word_1_56' title='bbox 1015 1071 1181 1143; x_wconf 81' lang='grc' dir='ltr'><strong><em>περιεῖναι</em></strong></span> <span class='ocrx_word' id='word_1_57' title='bbox 1196 1059 1292 1125; x_wconf 86' lang='grc' dir='ltr'><strong><em>ἐλευ-</em></strong></span> 
     </span>
     <span class='ocr_line' id='line_1_8' title="bbox 161 1153 1292 1249; baseline -0.004 -17"><span class='ocrx_word' id='word_1_58' title='bbox 161 1164 286 1249; x_wconf 82' lang='grc' dir='ltr'><strong><em>θέρην,</em></strong></span> <span class='ocrx_word' id='word_1_59' title='bbox 307 1163 405 1228; x_wconf 85' lang='grc' dir='ltr'><strong><em>τοῦτο</em></strong></span> <span class='ocrx_word' id='word_1_60' title='bbox 424 1156 461 1226; x_wconf 83' lang='grc' dir='ltr'><strong><em>τὸ</em></strong></span> <span class='ocrx_word' id='word_1_61' title='bbox 476 1153 670 1247; x_wconf 82' lang='grc' dir='ltr'><strong><em>Ἑλληνικὸν</em></strong></span> <span class='ocrx_word' id='word_1_62' title='bbox 691 1162 759 1228; x_wconf 82' lang='grc' dir='ltr'><strong>πᾶν</strong></span> <span class='ocrx_word' id='word_1_63' title='bbox 773 1155 809 1227; x_wconf 83' lang='grc' dir='ltr'><strong><em>τὸ</em></strong></span> <span class='ocrx_word' id='word_1_64' title='bbox 823 1157 959 1244; x_wconf 81' lang='grc' dir='ltr'><strong><em>λοιπὸν,</em></strong></span> <span class='ocrx_word' id='word_1_65' title='bbox 982 1155 1062 1227; x_wconf 80' lang='grc' dir='ltr'><strong><em>ὅσον</em></strong></span> <span class='ocrx_word' id='word_1_66' title='bbox 1081 1158 1126 1249; x_wconf 80' lang='grc' dir='ltr'><strong>μη</strong></span> <span class='ocrx_word' id='word_1_67' title='bbox 1147 1158 1292 1249; x_wconf 78' lang='grc' dir='ltr'><strong><em>ἐμήδισε,</em></strong></span> 
     </span>
     <span class='ocr_line' id='line_1_9' title="bbox 107 1253 1293 1350; baseline -0.002 -16"><span class='ocrx_word' id='word_1_68' title='bbox 107 1278 160 1330; x_wconf 79' lang='grc'><strong>567</strong></span> <span class='ocrx_word' id='word_1_69' title='bbox 169 1262 264 1335; x_wconf 79' lang='grc' dir='ltr'><strong><em>αὐτοὶ</em></strong></span> <span class='ocrx_word' id='word_1_70' title='bbox 280 1253 373 1331; x_wconf 81' lang='grc' dir='ltr'><strong><em>οὗτοι</em></strong></span> <span class='ocrx_word' id='word_1_71' title='bbox 388 1253 474 1350; x_wconf 78' lang='grc' dir='ltr'><strong><em>ἦσαν</em></strong></span> <span class='ocrx_word' id='word_1_72' title='bbox 492 1267 526 1330; x_wconf 79' lang='grc' dir='ltr'><strong>οἱ</strong></span> <span class='ocrx_word' id='word_1_73' title='bbox 544 1264 776 1349; x_wconf 76' lang='grc' dir='ltr'><strong><em>ἐπεγείραντες</em></strong></span> <span class='ocrx_word' id='word_1_74' title='bbox 796 1264 852 1330; x_wconf 80' lang='grc' dir='ltr'><strong><em>καὶ</em></strong></span> <span class='ocrx_word' id='word_1_75' title='bbox 871 1265 1011 1350; x_wconf 81' lang='grc' dir='ltr'><strong><em>βασιλέα</em></strong></span> <span class='ocrx_word' id='word_1_76' title='bbox 1032 1263 1115 1350; x_wconf 90' lang='grc' dir='ltr'><strong><em>μετά</em></strong></span> <span class='ocrx_word' id='word_1_77' title='bbox 1134 1290 1172 1350; x_wconf 81' lang='grc' dir='ltr'><strong><em>με</em></strong></span> <span class='ocrx_word' id='word_1_78' title='bbox 1190 1262 1293 1343; x_wconf 78' lang='grc' dir='ltr'><strong><em>θεοὺς</em></strong></span> 
     </span>
     <span class='ocr_line' id='line_1_10' title="bbox 162 1361 1291 1454; baseline -0.002 -16"><span class='ocrx_word' id='word_1_79' title='bbox 162 1365 382 1454; x_wconf 79' lang='grc' dir='ltr'><strong><em>ἀνωσάμενοι.</em></strong></span> <span class='ocrx_word' id='word_1_80' title='bbox 423 1361 508 1434; x_wconf 76' lang='grc' dir='ltr'><strong>οὐὸἐ</strong></span> <span class='ocrx_word' id='word_1_81' title='bbox 526 1387 630 1452; x_wconf 83' lang='grc' dir='ltr'><strong><em>σφεας</em></strong></span> <span class='ocrx_word' id='word_1_82' title='bbox 643 1366 824 1454; x_wconf 75' lang='grc' dir='ltr'><strong><em>χρηστήρια</em></strong></span> <span class='ocrx_word' id='word_1_83' title='bbox 845 1365 974 1454; x_wconf 75' lang='grc' dir='ltr'><strong><em>φοβεροὶ</em></strong></span> <span class='ocrx_word' id='word_1_84' title='bbox 989 1366 1132 1435; x_wconf 80' lang='grc' dir='ltr'><strong><em>ἐλθόντα</em></strong></span> <span class='ocrx_word' id='word_1_85' title='bbox 1150 1370 1186 1436; x_wconf 81' lang='grc' dir='ltr'><strong>ἐκ</strong></span> <span class='ocrx_word' id='word_1_86' title='bbox 1202 1376 1291 1436; x_wconf 84' lang='grc' dir='ltr'><strong><em>Δελ-</em></strong></span> 
     </span>
    </p>
   </div>
   <div class='ocr_carea' id='block_1_3' title="bbox 154 1556 1291 2837">
    <p class='ocr_par' dir='ltr' id='par_1_3' title="bbox 156 1556 1291 2335">
     <span class='ocr_line' id='line_1_11' title="bbox 159 1556 1291 1640; baseline -0.002 -14"><span class='ocrx_word' id='word_1_87' title='bbox 159 1578 201 1627; x_wconf 88' lang='lat'><strong>87.</strong></span> <span class='ocrx_word' id='word_1_88' title='bbox 212 1575 262 1637; x_wconf 81' lang='lat' dir='ltr'><strong>tx,</strong></span> <span class='ocrx_word' id='word_1_89' title='bbox 272 1572 316 1626; x_wconf 79' lang='lat'><strong>97</strong></span> <span class='ocrx_word' id='word_1_90' title='bbox 338 1572 380 1622; x_wconf 84' lang='lat' dir='ltr'><strong>Ad</strong></span> <span class='ocrx_word' id='word_1_91' title='bbox 390 1571 556 1623; x_wconf 80' lang='lat' dir='ltr'><strong>locutionem</strong></span> <span class='ocrx_word' id='word_1_92' title='bbox 568 1556 701 1635; x_wconf 66' lang='grc' dir='ltr'><strong><em>γε’ίιετθαι</em></strong></span> <span class='ocrx_word' id='word_1_93' title='bbox 750 1576 886 1640; x_wconf 76' lang='lat' dir='ltr'>impositis</span> <span class='ocrx_word' id='word_1_94' title='bbox 905 1574 1083 1638; x_wconf 89' lang='lat' dir='ltr'><strong>deorsumque</strong></span> <span class='ocrx_word' id='word_1_95' title='bbox 1106 1573 1291 1640; x_wconf 79' lang='lat' dir='ltr'>vergentibus,</span> 
     </span>
     <span class='ocr_line' id='line_1_12' title="bbox 158 1638 1290 1709; baseline -0.004 -13"><span class='ocrx_word' id='word_1_96' title='bbox 158 1638 295 1697; x_wconf 70' lang='lat' dir='ltr'><strong>inritare</strong></span> <span class='ocrx_word' id='word_1_97' title='bbox 321 1643 393 1693; x_wconf 85' lang='lat' dir='ltr'><strong>conl.</strong></span> <span class='ocrx_word' id='word_1_98' title='bbox 413 1642 498 1693; x_wconf 80' lang='lat' dir='ltr'><strong>allata</strong></span> <span class='ocrx_word' id='word_1_99' title='bbox 520 1643 555 1691; x_wconf 92' lang='lat' dir='ltr'><strong>ad</strong></span> <span class='ocrx_word' id='word_1_100' title='bbox 573 1642 639 1701; x_wconf 93' lang='lat' dir='ltr'>VII,</span> <span class='ocrx_word' id='word_1_101' title='bbox 658 1642 699 1693; x_wconf 89' lang='lat' dir='ltr'><strong>ll.</strong></span> <span class='ocrx_word' id='word_1_102' title='bbox 751 1661 812 1695; x_wconf 88' lang='lat' dir='ltr'><strong>curn</strong></span> <span class='ocrx_word' id='word_1_103' title='bbox 841 1649 898 1695; x_wconf 89' lang='lat' dir='ltr'><strong>siut</strong></span> <span class='ocrx_word' id='word_1_104' title='bbox 926 1645 1082 1709; x_wconf 76' lang='lat' dir='ltr'><strong>graviores,</strong></span> <span class='ocrx_word' id='word_1_105' title='bbox 1115 1642 1150 1692; x_wconf 94' lang='lat' dir='ltr'><strong>ad</strong></span> <span class='ocrx_word' id='word_1_106' title='bbox 1178 1643 1290 1708; x_wconf 87' lang='lat' dir='ltr'><strong>quasvis</strong></span> 
     </span>
     <span class='ocr_line' id='line_1_13' title="bbox 158 1702 1290 1778; baseline -0.004 -11"><span class='ocrx_word' id='word_1_107' title='bbox 158 1718 222 1767; x_wconf 83' lang='lat' dir='ltr'><strong>Mox</strong></span> <span class='ocrx_word' id='word_1_108' title='bbox 247 1712 344 1778; x_wconf 87' lang='lat' dir='ltr'><strong>scripsi</strong></span> <span class='ocrx_word' id='word_1_109' title='bbox 373 1702 513 1774; x_wconf 79' lang='lat' dir='ltr'><strong>apelrtqv</strong></span> <span class='ocrx_word' id='word_1_110' title='bbox 535 1711 700 1762; x_wconf 82' lang='lat' dir='ltr'><strong>Bredoriuur</strong></span> <span class='ocrx_word' id='word_1_111' title='bbox 750 1715 914 1766; x_wconf 72' lang='lat' dir='ltr'><strong>transfertur</strong></span> <span class='ocrx_word' id='word_1_112' title='bbox 930 1715 992 1763; x_wconf 91' lang='lat' dir='ltr'><strong>dein</strong></span> <span class='ocrx_word' id='word_1_113' title='bbox 1010 1730 1067 1776; x_wconf 89' lang='lat' dir='ltr'><strong>res,</strong></span> <span class='ocrx_word' id='word_1_114' title='bbox 1088 1728 1156 1777; x_wconf 87' lang='lat' dir='ltr'><strong>quae</strong></span> <span class='ocrx_word' id='word_1_115' title='bbox 1172 1714 1290 1777; x_wconf 86' lang='lat' dir='ltr'><strong>pondere</strong></span> 
     </span>
     <span class='ocr_line' id='line_1_14' title="bbox 159 1751 1289 1859; baseline -0.005 -22"><span class='ocrx_word' id='word_1_116' title='bbox 159 1791 269 1837; x_wconf 87' lang='lat' dir='ltr'><strong>secutus</strong></span> <span class='ocrx_word' id='word_1_117' title='bbox 292 1797 354 1847; x_wconf 78' lang='lat' dir='ltr'><strong>pag.</strong></span> <span class='ocrx_word' id='word_1_118' title='bbox 372 1784 438 1844; x_wconf 93' lang='grc'><strong>777,</strong></span> <span class='ocrx_word' id='word_1_119' title='bbox 461 1782 507 1831; x_wconf 90' lang='lat' dir='ltr'><strong>ubi</strong></span> <span class='ocrx_word' id='word_1_120' title='bbox 526 1780 609 1845; x_wconf 80' lang='lat' dir='ltr'><strong>vulgo</strong></span> <span class='ocrx_word' id='word_1_121' title='bbox 629 1775 700 1859; x_wconf 74' lang='lat' dir='ltr'><strong>cirpe-</strong></span> <span class='ocrx_word' id='word_1_122' title='bbox 751 1800 800 1834; x_wconf 92' lang='lat' dir='ltr'><strong>suo</strong></span> <span class='ocrx_word' id='word_1_123' title='bbox 816 1784 956 1849; x_wconf 79' lang='lat' dir='ltr'><strong>graviores</strong></span> <span class='ocrx_word' id='word_1_124' title='bbox 971 1751 1150 1848; x_wconf 77' lang='lat' dir='ltr'><strong>praevaleant</strong></span> <span class='ocrx_word' id='word_1_125' title='bbox 1167 1799 1198 1833; x_wconf 82' lang='lat' dir='ltr'><strong>ae</strong></span> <span class='ocrx_word' id='word_1_126' title='bbox 1211 1799 1289 1847; x_wconf 86' lang='lat' dir='ltr'><strong>pras</strong></span> 
     </span>
     <span class='ocr_line' id='line_1_15' title="bbox 158 1842 1288 1919; baseline -0.002 -15"><span class='ocrx_word' id='word_1_127' title='bbox 158 1855 239 1919; x_wconf 74' lang='grc' dir='ltr'><strong><em>λίην,</em></strong></span> <span class='ocrx_word' id='word_1_128' title='bbox 255 1851 596 1904; x_wconf 85' lang='lat' dir='ltr'><strong>aDietschiomututnm</strong></span> <span class='ocrx_word' id='word_1_129' title='bbox 587 1865 615 1900; x_wconf 88' lang='lat' dir='ltr'><strong>ru</strong></span> <span class='ocrx_word' id='word_1_130' title='bbox 628 1842 703 1912; x_wconf 73' lang='grc' dir='ltr'><strong><em>ω’φέ·</em></strong></span> <span class='ocrx_word' id='word_1_131' title='bbox 750 1852 880 1919; x_wconf 84' lang='lat' dir='ltr'><strong>polleant.</strong></span> <span class='ocrx_word' id='word_1_132' title='bbox 909 1854 984 1903; x_wconf 89' lang='lat' dir='ltr'><strong>Idem</strong></span> <span class='ocrx_word' id='word_1_133' title='bbox 998 1852 1076 1904; x_wconf 83' lang='lat' dir='ltr'><strong>affert</strong></span> <span class='ocrx_word' id='word_1_134' title='bbox 1086 1853 1232 1903; x_wconf 87' lang='lat' dir='ltr'><strong>Homerica</strong></span> <span class='ocrx_word' id='word_1_135' title='bbox 1245 1852 1288 1903; x_wconf 93' lang='lat' dir='ltr'><strong>Ili.</strong></span> 
     </span>
     <span class='ocr_line' id='line_1_16' title="bbox 158 1911 1289 1987; baseline 0.001 -14"><span class='ocrx_word' id='word_1_136' title='bbox 158 1925 244 1974; x_wconf 83' lang='grc' dir='ltr'><strong><em>λειαν.</em></strong></span> <span class='ocrx_word' id='word_1_137' title='bbox 262 1920 302 1973; x_wconf 84' lang='lat' dir='ltr'><strong>Ad</strong></span> <span class='ocrx_word' id='word_1_138' title='bbox 314 1921 464 1987; x_wconf 83' lang='lat' dir='ltr'><strong>particulas</strong></span> <span class='ocrx_word' id='word_1_139' title='bbox 477 1917 531 1969; x_wconf 79' lang='grc' dir='ltr'><strong>νῦν</strong></span> <span class='ocrx_word' id='word_1_140' title='bbox 542 1911 591 1967; x_wconf 72' lang='lat' dir='ltr'><strong>dl</strong></span> <span class='ocrx_word' id='word_1_141' title='bbox 584 1936 611 1969; x_wconf 90' lang='lat' dir='ltr'><strong>rn</strong></span> <span class='ocrx_word' id='word_1_142' title='bbox 621 1935 698 1987; x_wconf 85' lang='lat' dir='ltr'><strong>seqq</strong></span> <span class='ocrx_word' id='word_1_143' title='bbox 749 1924 827 1984; x_wconf 87' lang='lat' dir='ltr'>VIII,</span> <span class='ocrx_word' id='word_1_144' title='bbox 839 1924 881 1972; x_wconf 90' lang='grc'><strong>77.</strong></span> <span class='ocrx_word' id='word_1_145' title='bbox 894 1923 982 1984; x_wconf 85' lang='lat' dir='ltr'>XXII,</span> <span class='ocrx_word' id='word_1_146' title='bbox 994 1924 1054 1973; x_wconf 90' lang='grc'><strong>777.</strong></span> <span class='ocrx_word' id='word_1_147' title='bbox 1072 1923 1175 1973; x_wconf 81' lang='lat' dir='ltr'><strong>tilbert.</strong></span> <span class='ocrx_word' id='word_1_148' title='bbox 1189 1923 1224 1973; x_wconf 84' lang='lat' dir='ltr'><strong>ad</strong></span> <span class='ocrx_word' id='word_1_149' title='bbox 1235 1924 1289 1974; x_wconf 87' lang='lat' dir='ltr'><strong>lle-</strong></span> 
     </span>
     <span class='ocr_line' id='line_1_17' title="bbox 158 1988 1288 2058; baseline -0.004 -12"><span class='ocrx_word' id='word_1_150' title='bbox 158 1993 231 2046; x_wconf 86' lang='lat' dir='ltr'><strong>conl.</strong></span> <span class='ocrx_word' id='word_1_151' title='bbox 244 1988 359 2043; x_wconf 86' lang='lat' dir='ltr'><strong>nott.ud</strong></span> <span class='ocrx_word' id='word_1_152' title='bbox 372 1991 476 2049; x_wconf 93' lang='grc'><strong>77775,</strong></span> <span class='ocrx_word' id='word_1_153' title='bbox 501 1989 542 2039; x_wconf 81' lang='lat' dir='ltr'><strong>Ad</strong></span> <span class='ocrx_word' id='word_1_154' title='bbox 555 2003 698 2039; x_wconf 81' lang='grc' dir='ltr'><strong>7ο777σω</strong></span> <span class='ocrx_word' id='word_1_155' title='bbox 750 1993 825 2058; x_wconf 83' lang='lat' dir='ltr'><strong>aych</strong></span> <span class='ocrx_word' id='word_1_156' title='bbox 845 2010 866 2043; x_wconf 88' lang='lat' dir='ltr'><strong>s.</strong></span> <span class='ocrx_word' id='word_1_157' title='bbox 882 2008 907 2043; x_wconf 81' lang='lat' dir='ltr'>v</span> <span class='ocrx_word' id='word_1_158' title='bbox 929 1992 967 2042; x_wconf 92' lang='grc' dir='ltr'><strong>ΙΙ.</strong></span> <span class='ocrx_word' id='word_1_159' title='bbox 985 2007 1047 2057; x_wconf 83' lang='lat' dir='ltr'><strong>pag.</strong></span> <span class='ocrx_word' id='word_1_160' title='bbox 1070 1993 1145 2043; x_wconf 88' lang='lat' dir='ltr'><strong>llll8.</strong></span> <span class='ocrx_word' id='word_1_161' title='bbox 1165 1998 1223 2046; x_wconf 88' lang='lat' dir='ltr'><strong>not.</strong></span> <span class='ocrx_word' id='word_1_162' title='bbox 1244 1995 1288 2043; x_wconf 84' lang='lat'><strong>27.</strong></span> 
     </span>
     <span class='ocr_line' id='line_1_18' title="bbox 157 2056 1289 2128; baseline -0.001 -15"><span class='ocrx_word' id='word_1_163' title='bbox 157 2062 246 2128; x_wconf 80' lang='grc' dir='ltr'><strong><em>τῆρας</em></strong></span> <span class='ocrx_word' id='word_1_164' title='bbox 258 2058 390 2123; x_wconf 78' lang='grc' dir='ltr'><strong><em>γενεσθαι</em></strong></span> <span class='ocrx_word' id='word_1_165' title='bbox 400 2058 564 2123; x_wconf 80' lang='lat' dir='ltr'><strong>Wesselrng</strong></span> <span class='ocrx_word' id='word_1_166' title='bbox 577 2060 698 2109; x_wconf 85' lang='lat' dir='ltr'><strong>conferri</strong></span> <span class='ocrx_word' id='word_1_167' title='bbox 749 2062 827 2125; x_wconf 80' lang='lat' dir='ltr'><strong>Quod</strong></span> <span class='ocrx_word' id='word_1_168' title='bbox 842 2077 907 2114; x_wconf 80' lang='lat' dir='ltr'><strong>vero</strong></span> <span class='ocrx_word' id='word_1_169' title='bbox 927 2060 1015 2110; x_wconf 83' lang='grc' dir='ltr'><strong><em>ταῦτα</em></strong></span> <span class='ocrx_word' id='word_1_170' title='bbox 1033 2062 1061 2112; x_wconf 89' lang='lat' dir='ltr'><strong>iu</strong></span> <span class='ocrx_word' id='word_1_171' title='bbox 1082 2056 1169 2128; x_wconf 84' lang='grc' dir='ltr'><strong><em>ταάτη</em></strong></span> <span class='ocrx_word' id='word_1_172' title='bbox 1188 2063 1289 2113; x_wconf 85' lang='lat' dir='ltr'><strong>matari</strong></span> 
     </span>
     <span class='ocr_line' id='line_1_19' title="bbox 156 2130 1288 2195; baseline -0.002 -11"><span class='ocrx_word' id='word_1_173' title='bbox 156 2131 393 2184; x_wconf 81' lang='lat' dir='ltr'><strong>vultLesbonact</strong></span> <span class='ocrx_word' id='word_1_174' title='bbox 408 2131 545 2193; x_wconf 84' lang='lat' dir='ltr'><strong>Protrept.</strong></span> <span class='ocrx_word' id='word_1_175' title='bbox 566 2144 627 2195; x_wconf 83' lang='lat' dir='ltr'><strong>pag.</strong></span> <span class='ocrx_word' id='word_1_176' title='bbox 649 2130 699 2180; x_wconf 85' lang='grc'><strong>774</strong></span> <span class='ocrx_word' id='word_1_177' title='bbox 749 2132 813 2183; x_wconf 87' lang='lat' dir='ltr'><strong>olim</strong></span> <span class='ocrx_word' id='word_1_178' title='bbox 830 2131 1059 2183; x_wconf 80' lang='lat' dir='ltr'><strong>volueratssotlre</strong></span> <span class='ocrx_word' id='word_1_179' title='bbox 1075 2133 1206 2182; x_wconf 53' lang='lat' dir='ltr'><strong>Annuit!</strong></span> <span class='ocrx_word' id='word_1_180' title='bbox 1198 2134 1288 2183; x_wconf 77' lang='grc'><strong>77777-</strong></span> 
     </span>
     <span class='ocr_line' id='line_1_20' title="bbox 158 2197 1288 2270; baseline -0.001 -17"><span class='ocrx_word' id='word_1_181' title='bbox 158 2203 198 2270; x_wconf 90' lang='lat' dir='ltr'><strong>[p.</strong></span> <span class='ocrx_word' id='word_1_182' title='bbox 217 2202 267 2254; x_wconf 87' lang='grc'><strong>657</strong></span> <span class='ocrx_word' id='word_1_183' title='bbox 286 2201 334 2253; x_wconf 87' lang='lat' dir='ltr'><strong>inl.</strong></span> <span class='ocrx_word' id='word_1_184' title='bbox 352 2202 386 2250; x_wconf 83' lang='lat' dir='ltr'><strong>T.</strong></span> <span class='ocrx_word' id='word_1_185' title='bbox 408 2197 590 2263; x_wconf 60' lang='lat' dir='ltr'><strong>vuerhen}</strong></span> <span class='ocrx_word' id='word_1_186' title='bbox 628 2198 697 2249; x_wconf 81' lang='lat' dir='ltr'><strong>Add.</strong></span> <span class='ocrx_word' id='word_1_187' title='bbox 748 2208 817 2254; x_wconf 89' lang='lat' dir='ltr'><strong>rent.</strong></span> <span class='ocrx_word' id='word_1_188' title='bbox 842 2218 904 2267; x_wconf 82' lang='lat' dir='ltr'><strong>pag.</strong></span> <span class='ocrx_word' id='word_1_189' title='bbox 923 2202 988 2265; x_wconf 81' lang='grc'><strong>47777,</strong></span> <span class='ocrx_word' id='word_1_190' title='bbox 1017 2204 1114 2253; x_wconf 88' lang='lat' dir='ltr'><strong>merito</strong></span> <span class='ocrx_word' id='word_1_191' title='bbox 1138 2203 1166 2253; x_wconf 88' lang='lat' dir='ltr'><strong>id</strong></span> <span class='ocrx_word' id='word_1_192' title='bbox 1184 2204 1288 2268; x_wconf 79' lang='lat' dir='ltr'><strong>respuit</strong></span> 
     </span>
     <span class='ocr_line' id='line_1_21' title="bbox 156 2269 1082 2353; baseline -0.003 -30"><span class='ocrx_word' id='word_1_193' title='bbox 156 2273 229 2324; x_wconf 81' lang='lat' dir='ltr'><strong>Plat</strong></span> <span class='ocrx_word' id='word_1_194' title='bbox 243 2273 349 2321; x_wconf 85' lang='lat' dir='ltr'><strong>lllenex.</strong></span> <span class='ocrx_word' id='word_1_195' title='bbox 362 2286 426 2335; x_wconf 83' lang='lat' dir='ltr'><strong>pag</strong></span> <span class='ocrx_word' id='word_1_196' title='bbox 440 2269 530 2320; x_wconf 72' lang='grc'><strong>7707).</strong></span> <span class='ocrx_word' id='word_1_197' title='bbox 747 2273 818 2324; x_wconf 88' lang='lat' dir='ltr'><strong>idem</strong></span> <span class='ocrx_word' id='word_1_198' title='bbox 833 2271 1082 2353; x_wconf 73' lang='lat' dir='ltr'><strong>Schweighaeuser.</strong></span> 
     </span>
    </p>

    <p class='ocr_par' dir='ltr' id='par_1_4' title="bbox 154 2330 1287 2819">
     <span class='ocr_line' id='line_1_22' title="bbox 196 2330 1287 2420; baseline -0.004 -29"><span class='ocrx_word' id='word_1_199' title='bbox 196 2334 249 2391; x_wconf 87' lang='grc' dir='ltr'><strong>ονίι</strong></span> <span class='ocrx_word' id='word_1_200' title='bbox 271 2331 307 2389; x_wconf 77' lang='grc' dir='ltr'><strong>ἄν</strong></span> <span class='ocrx_word' id='word_1_201' title='bbox 333 2331 495 2420; x_wconf 79' lang='grc' dir='ltr'><strong><em>ἁμαρτάνοι</em></strong></span> <span class='ocrx_word' id='word_1_202' title='bbox 512 2331 544 2386; x_wconf 84' lang='grc' dir='ltr'><strong><em>τὸ</em></strong></span> <span class='ocrx_word' id='word_1_203' title='bbox 567 2330 697 2402; x_wconf 62' lang='grc' dir='ltr'><strong><em>ἀληθέα]</em></strong></span> <span class='ocrx_word' id='word_1_204' title='bbox 781 2338 866 2390; x_wconf 78' lang='grc' dir='ltr'><strong><em>τοῦτο</em></strong></span> <span class='ocrx_word' id='word_1_205' title='bbox 881 2334 912 2390; x_wconf 83' lang='grc' dir='ltr'><strong><em>τὸ</em></strong></span> <span class='ocrx_word' id='word_1_206' title='bbox 921 2334 1089 2403; x_wconf 80' lang='grc' dir='ltr'><strong>Ε7ληνικόν</strong></span> <span class='ocrx_word' id='word_1_207' title='bbox 1104 2338 1199 2390; x_wconf 83' lang='grc' dir='ltr'><strong>πᾶνκ.</strong></span> <span class='ocrx_word' id='word_1_208' title='bbox 1214 2354 1239 2390; x_wconf 92' lang='grc' dir='ltr'><strong><em>τ.</em></strong></span> <span class='ocrx_word' id='word_1_209' title='bbox 1224 2338 1287 2419; x_wconf 92' lang='grc'><strong>7.]</strong></span> 
     </span>
     <span class='ocr_line' id='line_1_23' title="bbox 155 2399 1287 2476; baseline -0.009 -9"><span class='ocrx_word' id='word_1_210' title='bbox 155 2412 245 2476; x_wconf 74' lang='lat' dir='ltr'><strong>Vulgo</strong></span> <span class='ocrx_word' id='word_1_211' title='bbox 264 2403 395 2473; x_wconf 59' lang='grc' dir='ltr'><em>τάληθές</em></span> <span class='ocrx_word' id='word_1_212' title='bbox 425 2423 457 2457; x_wconf 72' lang='lat' dir='ltr'><strong>t⁰</strong></span> <span class='ocrx_word' id='word_1_213' title='bbox 478 2400 586 2469; x_wconf 59' lang='grc' dir='ltr'><em>ἀληθὲς</em></span> <span class='ocrx_word' id='word_1_214' title='bbox 607 2406 698 2457; x_wconf 83' lang='lat' dir='ltr'><strong>cFlo-</strong></span> <span class='ocrx_word' id='word_1_215' title='bbox 746 2412 799 2460; x_wconf 91' lang='grc' dir='ltr'><strong>Ρ7ο</strong></span> <span class='ocrx_word' id='word_1_216' title='bbox 818 2410 902 2459; x_wconf 80' lang='grc' dir='ltr'><strong><em>τοῦτο</em></strong></span> <span class='ocrx_word' id='word_1_217' title='bbox 921 2409 1054 2460; x_wconf 87' lang='lat' dir='ltr'><strong>Valcken</strong></span> <span class='ocrx_word' id='word_1_218' title='bbox 1075 2409 1179 2459; x_wconf 86' lang='lat' dir='ltr'><strong>mavult</strong></span> <span class='ocrx_word' id='word_1_219' title='bbox 1203 2399 1287 2469; x_wconf 72' lang='grc' dir='ltr'><strong><em>οὕτω,</em></strong></span> 
     </span>
     <span class='ocr_line' id='line_1_24' title="bbox 156 2476 1287 2556; baseline -0.004 -24"><span class='ocrx_word' id='word_1_220' title='bbox 156 2483 263 2532; x_wconf 86' lang='lat' dir='ltr'><strong>reatino</strong></span> <span class='ocrx_word' id='word_1_221' title='bbox 280 2480 350 2531; x_wconf 90' lang='lat' dir='ltr'><strong>libro</strong></span> <span class='ocrx_word' id='word_1_222' title='bbox 369 2478 477 2531; x_wconf 79' lang='lat' dir='ltr'><strong>exhibet</strong></span> <span class='ocrx_word' id='word_1_223' title='bbox 493 2476 699 2556; x_wconf 82' lang='lat' dir='ltr'><strong>Schweighaeu-</strong></span> <span class='ocrx_word' id='word_1_224' title='bbox 747 2480 881 2545; x_wconf 82' lang='lat' dir='ltr'><strong>probante</strong></span> <span class='ocrx_word' id='word_1_225' title='bbox 893 2479 1162 2544; x_wconf 79' lang='lat' dir='ltr'><strong>Schweiglraeusero,</strong></span> <span class='ocrx_word' id='word_1_226' title='bbox 1182 2479 1226 2543; x_wconf 87' lang='lat' dir='ltr'><strong>qui</strong></span> <span class='ocrx_word' id='word_1_227' title='bbox 1246 2483 1287 2527; x_wconf 87' lang='lat' dir='ltr'><strong>ta·</strong></span> 
     </span>
     <span class='ocr_line' id='line_1_25' title="bbox 156 2535 1286 2685; baseline -0.004 -82"><span class='ocrx_word' id='word_1_228' title='bbox 156 2566 241 2685; x_wconf 58' lang='lat' dir='ltr'><strong>serap,</strong></span> <span class='ocrx_word' id='word_1_229' title='bbox 244 2552 320 2669; x_wconf 46' lang='lat' dir='ltr'><strong>Siplse</strong></span> <span class='ocrx_word' id='word_1_230' title='bbox 332 2560 555 2674; x_wconf 49' lang='lat' dir='ltr'><strong>Impoiliiffltissv</strong></span> <span class='ocrx_word' id='word_1_231' title='bbox 536 2535 695 2609; x_wconf 68' lang='grc' dir='ltr'><strong>ἇὶηθὲθςς</strong></span> <span class='ocrx_word' id='word_1_232' title='bbox 747 2566 807 2600; x_wconf 87' lang='lat' dir='ltr'><strong>rnen</strong></span> <span class='ocrx_word' id='word_1_233' title='bbox 819 2549 885 2599; x_wconf 90' lang='lat' dir='ltr'><strong>illud</strong></span> <span class='ocrx_word' id='word_1_234' title='bbox 898 2549 990 2600; x_wconf 87' lang='lat' dir='ltr'><strong>addit.</strong></span> <span class='ocrx_word' id='word_1_235' title='bbox 1011 2548 1083 2611; x_wconf 80' lang='lat' dir='ltr'><strong>„Sed</strong></span> <span class='ocrx_word' id='word_1_236' title='bbox 1092 2549 1154 2598; x_wconf 79' lang='lat' dir='ltr'><strong>ride</strong></span> <span class='ocrx_word' id='word_1_237' title='bbox 1168 2564 1201 2597; x_wconf 90' lang='lat' dir='ltr'><strong>ne</strong></span> <span class='ocrx_word' id='word_1_238' title='bbox 1215 2548 1286 2598; x_wconf 87' lang='lat' dir='ltr'><strong>idern</strong></span> 
     </span>
     <span class='ocr_line' id='line_1_26' title="bbox 156 2630 697 2680; baseline -0.013 -9"><span class='ocrx_word' id='word_1_239' title='bbox 156 2637 210 2671; x_wconf 83' lang='lat' dir='ltr'><strong>ru</strong></span> <span class='ocrx_word' id='word_1_240' title='bbox 263 2635 373 2669; x_wconf 85' lang='lat' dir='ltr'><strong>cseer</strong></span> <span class='ocrx_word' id='word_1_241' title='bbox 400 2634 414 2668; x_wconf 92' lang='grc'><strong>7</strong></span> <span class='ocrx_word' id='word_1_242' title='bbox 470 2634 486 2666; x_wconf 83' lang='lat' dir='ltr'><strong>a</strong></span> <span class='ocrx_word' id='word_1_243' title='bbox 574 2630 697 2680; x_wconf 86' lang='lat' dir='ltr'><strong>quasse-</strong></span> 
     </span>
     <span class='ocr_line' id='line_1_27' title="bbox 155 2685 697 2756; baseline -0.011 -17"><span class='ocrx_word' id='word_1_244' title='bbox 155 2691 246 2756; x_wconf 86' lang='lat' dir='ltr'><strong>quitur</strong></span> <span class='ocrx_word' id='word_1_245' title='bbox 269 2688 412 2739; x_wconf 87' lang='lat' dir='ltr'><strong>Beklrerus</strong></span> <span class='ocrx_word' id='word_1_246' title='bbox 438 2701 499 2737; x_wconf 82' lang='lat' dir='ltr'><strong>cunr</strong></span> <span class='ocrx_word' id='word_1_247' title='bbox 519 2685 645 2734; x_wconf 86' lang='lat' dir='ltr'><strong>Dlndorl.</strong></span> <span class='ocrx_word' id='word_1_248' title='bbox 669 2687 697 2734; x_wconf 89' lang='grc'><strong>77</strong></span> 
     </span>
     <span class='ocr_line' id='line_1_28' title="bbox 154 2748 698 2837; baseline -0.013 -27"><span class='ocrx_word' id='word_1_249' title='bbox 154 2759 294 2818; x_wconf 69' lang='grc'><strong>77777777,</strong></span> <span class='ocrx_word' id='word_1_250' title='bbox 307 2748 609 2837; x_wconf 74' lang='lat' dir='ltr'><strong>inveniturarilqde&#39;oe.</strong></span> <span class='ocrx_word' id='word_1_251' title='bbox 632 2753 698 2804; x_wconf 86' lang='lat' dir='ltr'><strong>Val</strong></span> 
     </span>
    </p>
   </div>
   <div class='ocr_carea' id='block_1_4' title="bbox 154 2818 696 2975">
    <p class='ocr_par' dir='ltr' id='par_1_5' title="bbox 154 2818 696 2964">
     <span class='ocr_line' id='line_1_29' title="bbox 154 2818 696 2888; baseline -0.015 -8"><span class='ocrx_word' id='word_1_252' title='bbox 154 2830 298 2881; x_wconf 79' lang='lat' dir='ltr'><strong>elrenurius</strong></span> <span class='ocrx_word' id='word_1_253' title='bbox 337 2825 442 2877; x_wconf 85' lang='lat' dir='ltr'><strong>mavult</strong></span> <span class='ocrx_word' id='word_1_254' title='bbox 471 2818 631 2888; x_wconf 75' lang='grc' dir='ltr'><strong><em>ταληθοῦς,</em></strong></span> <span class='ocrx_word' id='word_1_255' title='bbox 665 2828 696 2873; x_wconf 89' lang='lat' dir='ltr'><strong>ut</strong></span> 
     </span>
     <span class='ocr_line' id='line_1_30' title="bbox 155 2892 695 2975; baseline -0.011 -26"><span class='ocrx_word' id='word_1_256' title='bbox 155 2900 222 2949; x_wconf 83' lang='lat' dir='ltr'><strong>alibi</strong></span> <span class='ocrx_word' id='word_1_257' title='bbox 245 2913 358 2975; x_wconf 87' lang='lat' dir='ltr'><strong>qnoque</strong></span> <span class='ocrx_word' id='word_1_258' title='bbox 377 2895 543 2945; x_wconf 83' lang='lat' dir='ltr'><strong>inveniatur.</strong></span> <span class='ocrx_word' id='word_1_259' title='bbox 582 2892 695 2943; x_wconf 80' lang='lat' dir='ltr'><strong>Reislrio</strong></span> 
     </span>
    </p>
   </div>
   <div class='ocr_carea' id='block_1_5' title="bbox 745 2609 1285 2977">
    <p class='ocr_par' dir='ltr' id='par_1_6' title="bbox 745 2609 1285 2961">
     <span class='ocr_line' id='line_1_31' title="bbox 746 2609 1285 2669; baseline -0.006 -1"><span class='ocrx_word' id='word_1_260' title='bbox 746 2616 830 2668; x_wconf 83' lang='grc' dir='ltr'><strong><em>τοῦτο</em></strong></span> <span class='ocrx_word' id='word_1_261' title='bbox 848 2617 940 2669; x_wconf 86' lang='lat' dir='ltr'><strong>valeat</strong></span> <span class='ocrx_word' id='word_1_262' title='bbox 957 2617 1016 2667; x_wconf 88' lang='lat' dir='ltr'><strong>scil.</strong></span> <span class='ocrx_word' id='word_1_263' title='bbox 1028 2609 1099 2666; x_wconf 76' lang='lat' dir='ltr'><strong>sarri</strong></span> <span class='ocrx_word' id='word_1_264' title='bbox 1112 2614 1194 2666; x_wconf 79' lang='grc' dir='ltr'><strong><em>τοῦτο</em></strong></span> <span class='ocrx_word' id='word_1_265' title='bbox 1205 2617 1285 2667; x_wconf 89' lang='lat' dir='ltr'><strong>intel-</strong></span> 
     </span>
     <span class='ocr_line' id='line_1_32' title="bbox 745 2685 1284 2752; baseline -0.007 -12"><span class='ocrx_word' id='word_1_266' title='bbox 745 2688 920 2752; x_wconf 54' lang='lat' dir='ltr'><strong>ligendurnfl</strong></span> <span class='ocrx_word' id='word_1_267' title='bbox 957 2689 1027 2738; x_wconf 85' lang='lat' dir='ltr'><strong>ltut</strong></span> <span class='ocrx_word' id='word_1_268' title='bbox 1051 2692 1108 2749; x_wconf 88' lang='lat' dir='ltr'><strong>eat,</strong></span> <span class='ocrx_word' id='word_1_269' title='bbox 1132 2701 1148 2735; x_wconf 87' lang='lat' dir='ltr'><strong>a</strong></span> <span class='ocrx_word' id='word_1_270' title='bbox 1171 2685 1284 2750; x_wconf 84' lang='lat' dir='ltr'><strong>vulgata</strong></span> 
     </span>
     <span class='ocr_line' id='line_1_33' title="bbox 747 2755 1285 2808; baseline -0.007 0"><span class='ocrx_word' id='word_1_271' title='bbox 747 2758 887 2808; x_wconf 80' lang='lat' dir='ltr'><strong>discedere</strong></span> <span class='ocrx_word' id='word_1_272' title='bbox 906 2772 959 2806; x_wconf 88' lang='lat' dir='ltr'><strong>nou</strong></span> <span class='ocrx_word' id='word_1_273' title='bbox 979 2756 1115 2805; x_wconf 68' lang='lat' dir='ltr'><strong>licuit.-</strong></span> <span class='ocrx_word' id='word_1_274' title='bbox 1140 2756 1204 2804; x_wconf 87' lang='lat' dir='ltr'><strong>Mox</strong></span> <span class='ocrx_word' id='word_1_275' title='bbox 1224 2755 1285 2804; x_wconf 90' lang='lat' dir='ltr'><strong>dedi</strong></span> 
     </span>
     <span class='ocr_line' id='line_1_34' title="bbox 745 2816 1285 2904; baseline -0.006 -29"><span class='ocrx_word' id='word_1_276' title='bbox 745 2816 818 2893; x_wconf 78' lang='grc' dir='ltr'><strong><em>ἦσαν</em></strong></span> <span class='ocrx_word' id='word_1_277' title='bbox 830 2843 878 2891; x_wconf 89' lang='lat' dir='ltr'><strong>pro</strong></span> <span class='ocrx_word' id='word_1_278' title='bbox 892 2819 959 2874; x_wconf 85' lang='grc' dir='ltr'><strong><em>ἐταν</em></strong></span> <span class='ocrx_word' id='word_1_279' title='bbox 976 2830 1004 2875; x_wconf 87' lang='grc'><strong>77</strong></span> <span class='ocrx_word' id='word_1_280' title='bbox 1017 2821 1131 2904; x_wconf 77' lang='grc' dir='ltr'><strong><em>βασιλέα</em></strong></span> <span class='ocrx_word' id='word_1_281' title='bbox 1147 2839 1195 2888; x_wconf 90' lang='lat' dir='ltr'><strong>pro</strong></span> <span class='ocrx_word' id='word_1_282' title='bbox 1197 2821 1285 2904; x_wconf 83' lang='grc' dir='ltr'><strong><em>βασι-</em></strong></span> 
     </span>
     <span class='ocr_line' id='line_1_35' title="bbox 746 2887 1285 2977; baseline -0.006 -32"><span class='ocrx_word' id='word_1_283' title='bbox 746 2894 856 2961; x_wconf 82' lang='grc' dir='ltr'><strong><em>λῆα-</em></strong></span> <span class='ocrx_word' id='word_1_284' title='bbox 822 2896 902 2945; x_wconf 88' lang='lat' dir='ltr'><strong>-Iu</strong></span> <span class='ocrx_word' id='word_1_285' title='bbox 915 2910 990 2960; x_wconf 88' lang='lat' dir='ltr'><strong>seqq.</strong></span> <span class='ocrx_word' id='word_1_286' title='bbox 1007 2887 1075 2958; x_wconf 86' lang='grc' dir='ltr'><strong><em>μετά</em></strong></span> <span class='ocrx_word' id='word_1_287' title='bbox 1091 2908 1121 2977; x_wconf 74' lang='grc' dir='ltr'><strong><em>με</em></strong></span> <span class='ocrx_word' id='word_1_288' title='bbox 1136 2888 1224 2951; x_wconf 80' lang='grc' dir='ltr'><strong><em>θεοὺς</em></strong></span> <span class='ocrx_word' id='word_1_289' title='bbox 1238 2911 1285 2943; x_wconf 84' lang='lat' dir='ltr'><strong>vr-</strong></span> 
     </span>
    </p>
   </div>
   <div class='ocr_carea' id='block_1_6' title="bbox 155 2956 695 3034">
    <p class='ocr_par' dir='ltr' id='par_1_7' title="bbox 155 2956 695 3034">
     <span class='ocr_line' id='line_1_36' title="bbox 155 2956 695 3034; baseline -0.017 -14"><span class='ocrx_word' id='word_1_290' title='bbox 155 2970 295 3034; x_wconf 87' lang='lat' dir='ltr'><strong>placuerat</strong></span> <span class='ocrx_word' id='word_1_291' title='bbox 307 2982 358 3016; x_wconf 88' lang='grc' dir='ltr'><strong><em>τοο</em></strong></span> <span class='ocrx_word' id='word_1_292' title='bbox 347 2956 507 3029; x_wconf 81' lang='grc' dir='ltr'><strong><em>άληθοῦς.</em></strong></span> <span class='ocrx_word' id='word_1_293' title='bbox 531 2963 664 3027; x_wconf 84' lang='lat' dir='ltr'><strong>Equidem</strong></span> <span class='ocrx_word' id='word_1_294' title='bbox 678 2977 695 3011; x_wconf 89' lang='lat' dir='ltr'><strong>a</strong></span> 
     </span>
    </p>
   </div>
   <div class='ocr_carea' id='block_1_7' title="bbox 37 3035 694 3099">
    <p class='ocr_par' dir='ltr' id='par_1_8' title="bbox 37 3035 694 3099">
     <span class='ocr_line' id='line_1_37' title="bbox 37 3035 694 3099; baseline -0.012 -9"><span class='ocrx_word' id='word_1_295' title='bbox 37 3038 49 3059; x_wconf 89' lang='lat'><em>⁰</em></span> <span class='ocrx_word' id='word_1_296' title='bbox 154 3040 232 3091; x_wconf 87' lang='lat' dir='ltr'><strong>libris</strong></span> <span class='ocrx_word' id='word_1_297' title='bbox 256 3045 331 3089; x_wconf 87' lang='lat' dir='ltr'><strong>stare</strong></span> <span class='ocrx_word' id='word_1_298' title='bbox 353 3035 437 3086; x_wconf 84' lang='lat' dir='ltr'><strong>malni</strong></span> <span class='ocrx_word' id='word_1_299' title='bbox 461 3049 543 3099; x_wconf 81' lang='lat' dir='ltr'><strong>qnam</strong></span> <span class='ocrx_word' id='word_1_300' title='bbox 563 3035 694 3083; x_wconf 78' lang='lat' dir='ltr'><strong>incertam</strong></span> 
     </span>
    </p>
   </div>
   <div class='ocr_carea' id='block_1_8' title="bbox 147 3102 695 4354">
    <p class='ocr_par' dir='ltr' id='par_1_9' title="bbox 151 3102 695 3866">
     <span class='ocr_line' id='line_1_38' title="bbox 153 3102 694 3186; baseline -0.015 -27"><span class='ocrx_word' id='word_1_301' title='bbox 153 3109 230 3186; x_wconf 86' lang='lat' dir='ltr'><strong>sequi</strong></span> <span class='ocrx_word' id='word_1_302' title='bbox 246 3109 447 3165; x_wconf 86' lang='lat' dir='ltr'><strong>coniecturum,</strong></span> <span class='ocrx_word' id='word_1_303' title='bbox 467 3104 582 3168; x_wconf 88' lang='lat' dir='ltr'><strong>indeque</strong></span> <span class='ocrx_word' id='word_1_304' title='bbox 596 3102 694 3153; x_wconf 85' lang='lat' dir='ltr'><strong>retinui</strong></span> 
     </span>
     <span class='ocr_line' id='line_1_39' title="bbox 153 3169 694 3242; baseline -0.009 -14"><span class='ocrx_word' id='word_1_305' title='bbox 153 3194 185 3228; x_wconf 91' lang='grc' dir='ltr'><strong><em>το</em></strong></span> <span class='ocrx_word' id='word_1_306' title='bbox 176 3169 321 3242; x_wconf 69' lang='grc' dir='ltr'><strong><em>ἀληθὲς,</em></strong></span> <span class='ocrx_word' id='word_1_307' title='bbox 342 3191 421 3241; x_wconf 89' lang='lat' dir='ltr'><strong>quem</strong></span> <span class='ocrx_word' id='word_1_308' title='bbox 434 3174 619 3225; x_wconf 71' lang='lat' dir='ltr'><strong>accusativum</strong></span> <span class='ocrx_word' id='word_1_309' title='bbox 633 3171 694 3223; x_wconf 86' lang='grc' dir='ltr'><strong>Ιοοο</strong></span> 
     </span>
     <span class='ocr_line' id='line_1_40' title="bbox 153 3235 692 3311; baseline -0.017 -12"><span class='ocrx_word' id='word_1_310' title='bbox 153 3247 278 3311; x_wconf 76' lang='lat' dir='ltr'><strong>genitivi,</strong></span> <span class='ocrx_word' id='word_1_311' title='bbox 291 3248 338 3311; x_wconf 88' lang='lat' dir='ltr'><strong>qui</strong></span> <span class='ocrx_word' id='word_1_312' title='bbox 349 3245 418 3295; x_wconf 86' lang='lat' dir='ltr'><strong>alias</strong></span> <span class='ocrx_word' id='word_1_313' title='bbox 427 3235 534 3294; x_wconf 81' lang='lat' dir='ltr'><strong>verbo</strong></span> <span class='ocrx_word' id='word_1_314' title='bbox 520 3238 692 3305; x_wconf 85' lang='grc' dir='ltr'><strong><em>αμαρτάνειν</em></strong></span> 
     </span>
     <span class='ocr_line' id='line_1_41' title="bbox 153 3312 693 3383; baseline -0.015 -15"><span class='ocrx_word' id='word_1_315' title='bbox 153 3318 291 3383; x_wconf 76' lang='lat' dir='ltr'><strong>iungitur,</strong></span> <span class='ocrx_word' id='word_1_316' title='bbox 310 3318 374 3380; x_wconf 87' lang='lat' dir='ltr'><strong>poni</strong></span> <span class='ocrx_word' id='word_1_317' title='bbox 388 3315 489 3363; x_wconf 80' lang='lat' dir='ltr'><strong>statuit</strong></span> <span class='ocrx_word' id='word_1_318' title='bbox 500 3312 628 3363; x_wconf 89' lang='lat' dir='ltr'><strong>Kuehuer</strong></span> <span class='ocrx_word' id='word_1_319' title='bbox 646 3312 693 3363; x_wconf 85' lang='lat' dir='ltr'><strong>Gr.</strong></span> 
     </span>
     <span class='ocr_line' id='line_1_42' title="bbox 153 3382 694 3469; baseline -0.015 -31"><span class='ocrx_word' id='word_1_320' title='bbox 153 3389 198 3439; x_wconf 87' lang='lat' dir='ltr'><strong>Gr.</strong></span> <span class='ocrx_word' id='word_1_321' title='bbox 214 3390 245 3469; x_wconf 34' lang='lat'><strong>§.-</strong></span> <span class='ocrx_word' id='word_1_322' title='bbox 254 3384 305 3436; x_wconf 88' lang='grc'><strong>573</strong></span> <span class='ocrx_word' id='word_1_323' title='bbox 329 3390 386 3434; x_wconf 92' lang='lat' dir='ltr'><strong>not.</strong></span> <span class='ocrx_word' id='word_1_324' title='bbox 400 3387 424 3433; x_wconf 97' lang='grc'><strong>7</strong></span> <span class='ocrx_word' id='word_1_325' title='bbox 440 3382 604 3447; x_wconf 87' lang='lat' dir='ltr'><strong>obloquente</strong></span> <span class='ocrx_word' id='word_1_326' title='bbox 616 3382 694 3431; x_wconf 81' lang='lat' dir='ltr'><strong>Sum</strong></span> 
     </span>
     <span class='ocr_line' id='line_1_43' title="bbox 153 3452 695 3515; baseline -0.011 -9"><span class='ocrx_word' id='word_1_327' title='bbox 153 3456 279 3508; x_wconf 85' lang='lat' dir='ltr'><strong>mercia:</strong></span> <span class='ocrx_word' id='word_1_328' title='bbox 293 3453 408 3508; x_wconf 80' lang='lat' dir='ltr'><strong>Jahrbb</strong></span> <span class='ocrx_word' id='word_1_329' title='bbox 418 3453 437 3505; x_wconf 88' lang='grc'><strong>7</strong></span> <span class='ocrx_word' id='word_1_330' title='bbox 445 3452 579 3515; x_wconf 82' lang='lat' dir='ltr'><strong>Philolog.</strong></span> <span class='ocrx_word' id='word_1_331' title='bbox 590 3467 617 3504; x_wconf 91' lang='lat' dir='ltr'><strong>n</strong></span> <span class='ocrx_word' id='word_1_332' title='bbox 626 3452 695 3500; x_wconf 86' lang='lat' dir='ltr'><strong>Pac·</strong></span> 
     </span>
     <span class='ocr_line' id='line_1_44' title="bbox 152 3521 694 3591; baseline -0.015 -14"><span class='ocrx_word' id='word_1_333' title='bbox 152 3527 214 3591; x_wconf 74' lang='lat' dir='ltr'><strong>dag.</strong></span> <span class='ocrx_word' id='word_1_334' title='bbox 228 3523 289 3578; x_wconf 89' lang='lat' dir='ltr'><strong>Vol</strong></span> <span class='ocrx_word' id='word_1_335' title='bbox 304 3523 403 3575; x_wconf 81' lang='lat' dir='ltr'>XXIV.</span> <span class='ocrx_word' id='word_1_336' title='bbox 421 3538 484 3587; x_wconf 79' lang='lat' dir='ltr'><strong>pag</strong></span> <span class='ocrx_word' id='word_1_337' title='bbox 498 3521 561 3579; x_wconf 89' lang='lat' dir='ltr'><strong>l33,</strong></span> <span class='ocrx_word' id='word_1_338' title='bbox 580 3521 628 3586; x_wconf 89' lang='lat' dir='ltr'><strong>qui</strong></span> <span class='ocrx_word' id='word_1_339' title='bbox 646 3536 694 3570; x_wconf 89' lang='lat' dir='ltr'><strong>ac-</strong></span> 
     </span>
     <span class='ocr_line' id='line_1_45' title="bbox 152 3590 691 3654; baseline -0.017 -7"><span class='ocrx_word' id='word_1_340' title='bbox 152 3596 318 3654; x_wconf 76' lang='lat' dir='ltr'><strong>curativum,</strong></span> <span class='ocrx_word' id='word_1_341' title='bbox 342 3593 422 3643; x_wconf 88' lang='lat' dir='ltr'><strong>modo</strong></span> <span class='ocrx_word' id='word_1_342' title='bbox 447 3606 515 3643; x_wconf 88' lang='lat' dir='ltr'><strong>sana</strong></span> <span class='ocrx_word' id='word_1_343' title='bbox 539 3593 576 3641; x_wconf 88' lang='lat' dir='ltr'><strong>sit</strong></span> <span class='ocrx_word' id='word_1_344' title='bbox 598 3590 691 3652; x_wconf 88' lang='lat' dir='ltr'><strong>lectio,</strong></span> 
     </span>
     <span class='ocr_line' id='line_1_46' title="bbox 152 3654 692 3728; baseline -0.022 -11"><span class='ocrx_word' id='word_1_345' title='bbox 152 3683 206 3717; x_wconf 90' lang='lat' dir='ltr'><strong>non</strong></span> <span class='ocrx_word' id='word_1_346' title='bbox 230 3665 265 3715; x_wconf 85' lang='lat' dir='ltr'><strong>ad</strong></span> <span class='ocrx_word' id='word_1_347' title='bbox 283 3654 455 3728; x_wconf 80' lang='grc' dir='ltr'><strong><em>ἁμαρτάνοι,</em></strong></span> <span class='ocrx_word' id='word_1_348' title='bbox 476 3659 524 3711; x_wconf 84' lang='lat' dir='ltr'><strong>red</strong></span> <span class='ocrx_word' id='word_1_349' title='bbox 543 3660 579 3710; x_wconf 89' lang='lat' dir='ltr'><strong>ad</strong></span> <span class='ocrx_word' id='word_1_350' title='bbox 595 3654 692 3723; x_wconf 75' lang='grc' dir='ltr'><strong><em>λέγων,</em></strong></span> 
     </span>
     <span class='ocr_line' id='line_1_47' title="bbox 152 3730 694 3795; baseline -0.015 -8"><span class='ocrx_word' id='word_1_351' title='bbox 152 3741 242 3787; x_wconf 88' lang='lat' dir='ltr'><strong>mente</strong></span> <span class='ocrx_word' id='word_1_352' title='bbox 253 3735 306 3784; x_wconf 85' lang='lat' dir='ltr'><strong>huc</strong></span> <span class='ocrx_word' id='word_1_353' title='bbox 323 3748 356 3784; x_wconf 85' lang='lat' dir='ltr'><strong>ex</strong></span> <span class='ocrx_word' id='word_1_354' title='bbox 373 3730 599 3782; x_wconf 86' lang='lat' dir='ltr'><strong>antecedentibus</strong></span> <span class='ocrx_word' id='word_1_355' title='bbox 616 3744 694 3795; x_wconf 84' lang='lat' dir='ltr'><strong>repe·</strong></span> 
     </span>
     <span class='ocr_line' id='line_1_48' title="bbox 151 3802 470 3866; baseline -0.025 -9"><span class='ocrx_word' id='word_1_356' title='bbox 151 3805 274 3866; x_wconf 88' lang='lat' dir='ltr'><strong>tendum,</strong></span> <span class='ocrx_word' id='word_1_357' title='bbox 290 3803 387 3853; x_wconf 82' lang='lat' dir='ltr'><strong>reterri</strong></span> <span class='ocrx_word' id='word_1_358' title='bbox 401 3802 470 3850; x_wconf 85' lang='lat' dir='ltr'><strong>vult.</strong></span> 
     </span>
    </p>

    <p class='ocr_par' dir='ltr' id='par_1_10' title="bbox 147 3866 692 4354">
     <span class='ocr_line' id='line_1_49' title="bbox 190 3866 691 3936; baseline -0.008 -13"><span class='ocrx_word' id='word_1_359' title='bbox 190 3874 278 3923; x_wconf 80' lang='grc' dir='ltr'><strong><em>ταῦτα</em></strong></span> <span class='ocrx_word' id='word_1_360' title='bbox 295 3866 404 3936; x_wconf 66' lang='lat' dir='ltr'><strong>dipem]</strong></span> <span class='ocrx_word' id='word_1_361' title='bbox 427 3873 528 3934; x_wconf 84' lang='lat' dir='ltr'><strong>„Utras</strong></span> <span class='ocrx_word' id='word_1_362' title='bbox 542 3877 634 3934; x_wconf 87' lang='lat' dir='ltr'><strong>partes</strong></span> <span class='ocrx_word' id='word_1_363' title='bbox 650 3884 691 3919; x_wconf 82' lang='lat' dir='ltr'><strong>ac·</strong></span> 
     </span>
     <span class='ocr_line' id='line_1_50' title="bbox 150 3941 692 4011; baseline -0.018 -14"><span class='ocrx_word' id='word_1_364' title='bbox 150 3951 285 4011; x_wconf 78' lang='lat' dir='ltr'><strong>querentur</strong></span> <span class='ocrx_word' id='word_1_365' title='bbox 305 3941 351 4005; x_wconf 86' lang='lat' dir='ltr'><strong>(ad</strong></span> <span class='ocrx_word' id='word_1_366' title='bbox 371 3956 439 4005; x_wconf 88' lang='lat' dir='ltr'><strong>quas</strong></span> <span class='ocrx_word' id='word_1_367' title='bbox 456 3956 486 3990; x_wconf 88' lang='grc'><strong>77</strong></span> <span class='ocrx_word' id='word_1_368' title='bbox 500 3943 692 3990; x_wconf 88' lang='lat' dir='ltr'><strong>converterent</strong></span> 
     </span>
     <span class='ocr_line' id='line_1_51' title="bbox 149 4011 690 4076; baseline -0.013 -10"><span class='ocrx_word' id='word_1_369' title='bbox 149 4011 357 4075; x_wconf 76' lang='lat' dir='ltr'><strong>Athenienses),</strong></span> <span class='ocrx_word' id='word_1_370' title='bbox 373 4027 419 4061; x_wconf 86' lang='lat' dir='ltr'><strong>eae</strong></span> <span class='ocrx_word' id='word_1_371' title='bbox 426 4018 517 4076; x_wconf 86' lang='lat' dir='ltr'><strong>parter</strong></span> <span class='ocrx_word' id='word_1_372' title='bbox 527 4011 690 4073; x_wconf 84' lang='lat' dir='ltr'><strong>praeponde-</strong></span> 
     </span>
     <span class='ocr_line' id='line_1_52' title="bbox 149 4081 691 4145; baseline -0.011 -11"><span class='ocrx_word' id='word_1_373' title='bbox 149 4093 270 4144; x_wconf 84' lang='lat' dir='ltr'><strong>ratarae,</strong></span> <span class='ocrx_word' id='word_1_374' title='bbox 281 4085 473 4145; x_wconf 75' lang='lat' dir='ltr'><strong>praevaliturae</strong></span> <span class='ocrx_word' id='word_1_375' title='bbox 487 4087 574 4141; x_wconf 84' lang='lat' dir='ltr'><strong>eraut,</strong></span> <span class='ocrx_word' id='word_1_376' title='bbox 586 4081 603 4128; x_wconf 94' lang='lat' dir='ltr'><strong>i.</strong></span> <span class='ocrx_word' id='word_1_377' title='bbox 616 4096 638 4130; x_wconf 83' lang='grc' dir='ltr'><strong>ο.</strong></span> <span class='ocrx_word' id='word_1_378' title='bbox 650 4096 691 4129; x_wconf 85' lang='lat' dir='ltr'><strong>aa·</strong></span> 
     </span>
     <span class='ocr_line' id='line_1_53' title="bbox 147 4149 690 4217; baseline -0.02 -11"><span class='ocrx_word' id='word_1_379' title='bbox 147 4157 265 4217; x_wconf 72' lang='lat' dir='ltr'><strong>perram</strong></span> <span class='ocrx_word' id='word_1_380' title='bbox 275 4161 348 4203; x_wconf 84' lang='lat' dir='ltr'><strong>eraut</strong></span> <span class='ocrx_word' id='word_1_381' title='bbox 355 4149 488 4215; x_wconf 74' lang='lat' dir='ltr'><strong>saturae.“</strong></span> <span class='ocrx_word' id='word_1_382' title='bbox 505 4149 690 4213; x_wconf 81' lang='lat' dir='ltr'><strong>ItaSchweig-</strong></span> 
     </span>
     <span class='ocr_line' id='line_1_54' title="bbox 150 4220 688 4283; baseline -0.009 -9"><span class='ocrx_word' id='word_1_383' title='bbox 150 4225 245 4275; x_wconf 87' lang='lat' dir='ltr'><strong>hseus.</strong></span> <span class='ocrx_word' id='word_1_384' title='bbox 264 4225 291 4272; x_wconf 91' lang='lat' dir='ltr'><strong>in</strong></span> <span class='ocrx_word' id='word_1_385' title='bbox 308 4223 401 4273; x_wconf 78' lang='lat' dir='ltr'><strong>Lexic.</strong></span> <span class='ocrx_word' id='word_1_386' title='bbox 416 4220 521 4272; x_wconf 86' lang='lat' dir='ltr'><strong>Herod.</strong></span> <span class='ocrx_word' id='word_1_387' title='bbox 533 4220 570 4269; x_wconf 93' lang='grc' dir='ltr'><strong>ΙΙ.</strong></span> <span class='ocrx_word' id='word_1_388' title='bbox 587 4236 612 4283; x_wconf 90' lang='lat' dir='ltr'><strong>p.</strong></span> <span class='ocrx_word' id='word_1_389' title='bbox 627 4220 688 4282; x_wconf 81' lang='grc'><strong>764,</strong></span> 
     </span>
     <span class='ocr_line' id='line_1_55' title="bbox 149 4282 690 4354; baseline -0.017 -9"><span class='ocrx_word' id='word_1_390' title='bbox 149 4295 197 4345; x_wconf 88' lang='lat' dir='ltr'><strong>ubi</strong></span> <span class='ocrx_word' id='word_1_391' title='bbox 217 4294 250 4345; x_wconf 87' lang='lat' dir='ltr'><strong>de</strong></span> <span class='ocrx_word' id='word_1_392' title='bbox 271 4308 322 4343; x_wconf 86' lang='lat' dir='ltr'><strong>usu</strong></span> <span class='ocrx_word' id='word_1_393' title='bbox 346 4291 421 4342; x_wconf 86' lang='lat' dir='ltr'><strong>verbi</strong></span> <span class='ocrx_word' id='word_1_394' title='bbox 447 4282 544 4354; x_wconf 64' lang='grc' dir='ltr'><strong><em>ῥέπειν</em></strong></span> <span class='ocrx_word' id='word_1_395' title='bbox 570 4289 690 4348; x_wconf 85' lang='lat' dir='ltr'><strong>disserit,</strong></span> 
     </span>
    </p>
   </div>
   <div class='ocr_carea' id='block_1_9' title="bbox 740 2954 1284 4352">
    <p class='ocr_par' dir='ltr' id='par_1_11' title="bbox 741 2954 1284 3588">
     <span class='ocr_line' id='line_1_56' title="bbox 743 2954 1284 3031; baseline -0.006 -14"><span class='ocrx_word' id='word_1_396' title='bbox 743 2967 794 3018; x_wconf 89' lang='grc'><strong>777·</strong></span> <span class='ocrx_word' id='word_1_397' title='bbox 811 2975 870 3030; x_wconf 86' lang='lat' dir='ltr'><strong>port</strong></span> <span class='ocrx_word' id='word_1_398' title='bbox 883 2967 945 3017; x_wconf 80' lang='lat' dir='ltr'><strong>deca</strong></span> <span class='ocrx_word' id='word_1_399' title='bbox 959 2966 1068 3031; x_wconf 83' lang='lat' dir='ltr'><strong>pardem</strong></span> <span class='ocrx_word' id='word_1_400' title='bbox 1090 2965 1107 3013; x_wconf 89' lang='lat' dir='ltr'><strong>i</strong></span> <span class='ocrx_word' id='word_1_401' title='bbox 1122 2981 1145 3015; x_wconf 93' lang='lat' dir='ltr'><strong>e.</strong></span> <span class='ocrx_word' id='word_1_402' title='bbox 1162 2954 1284 3015; x_wconf 87' lang='lat' dir='ltr'><strong>siadiis</strong></span> 
     </span>
     <span class='ocr_line' id='line_1_57' title="bbox 745 3034 1284 3101; baseline -0.004 -15"><span class='ocrx_word' id='word_1_403' title='bbox 745 3036 915 3099; x_wconf 84' lang='lat' dir='ltr'><strong>discesseris,</strong></span> <span class='ocrx_word' id='word_1_404' title='bbox 937 3050 1048 3101; x_wconf 91' lang='lat' dir='ltr'><strong>quorurn</strong></span> <span class='ocrx_word' id='word_1_405' title='bbox 1064 3049 1145 3099; x_wconf 81' lang='lat' dir='ltr'><strong>opera</strong></span> <span class='ocrx_word' id='word_1_406' title='bbox 1160 3034 1284 3098; x_wconf 86' lang='lat' dir='ltr'><strong>inprimis</strong></span> 
     </span>
     <span class='ocr_line' id='line_1_58' title="bbox 744 3103 1282 3167; baseline 0 -11"><span class='ocrx_word' id='word_1_407' title='bbox 744 3107 830 3156; x_wconf 85' lang='lat' dir='ltr'><strong>adiuti</strong></span> <span class='ocrx_word' id='word_1_408' title='bbox 861 3105 961 3156; x_wconf 86' lang='lat' dir='ltr'><strong>Graeci</strong></span> <span class='ocrx_word' id='word_1_409' title='bbox 991 3105 1089 3154; x_wconf 86' lang='lat' dir='ltr'><strong>Persas</strong></span> <span class='ocrx_word' id='word_1_410' title='bbox 1116 3103 1282 3167; x_wconf 87' lang='lat' dir='ltr'><strong>repulerunt.</strong></span> 
     </span>
     <span class='ocr_line' id='line_1_59' title="bbox 743 3172 1284 3229; baseline -0.011 0"><span class='ocrx_word' id='word_1_411' title='bbox 743 3178 837 3229; x_wconf 88' lang='lat' dir='ltr'><strong>Utitur</strong></span> <span class='ocrx_word' id='word_1_412' title='bbox 855 3176 906 3226; x_wconf 91' lang='lat' dir='ltr'><strong>hoc</strong></span> <span class='ocrx_word' id='word_1_413' title='bbox 924 3175 986 3226; x_wconf 85' lang='lat' dir='ltr'><strong>loco</strong></span> <span class='ocrx_word' id='word_1_414' title='bbox 998 3172 1146 3223; x_wconf 87' lang='lat' dir='ltr'><strong>Blnrnlield.</strong></span> <span class='ocrx_word' id='word_1_415' title='bbox 1162 3173 1190 3222; x_wconf 86' lang='lat' dir='ltr'><strong>in</strong></span> <span class='ocrx_word' id='word_1_416' title='bbox 1204 3173 1284 3224; x_wconf 85' lang='lat' dir='ltr'><strong>Glos-</strong></span> 
     </span>
     <span class='ocr_line' id='line_1_60' title="bbox 744 3243 1283 3309; baseline -0.009 -11"><span class='ocrx_word' id='word_1_417' title='bbox 744 3263 798 3299; x_wconf 89' lang='lat' dir='ltr'><strong>sar</strong></span> <span class='ocrx_word' id='word_1_418' title='bbox 824 3246 859 3296; x_wconf 88' lang='lat' dir='ltr'><strong>ad</strong></span> <span class='ocrx_word' id='word_1_419' title='bbox 881 3243 1008 3309; x_wconf 82' lang='lat' dir='ltr'><strong>Aeschyl.</strong></span> <span class='ocrx_word' id='word_1_420' title='bbox 1033 3245 1061 3294; x_wconf 82' lang='lat' dir='ltr'><strong>S.</strong></span> <span class='ocrx_word' id='word_1_421' title='bbox 1086 3259 1110 3298; x_wconf 90' lang='lat' dir='ltr'><strong>c.</strong></span> <span class='ocrx_word' id='word_1_422' title='bbox 1132 3243 1183 3294; x_wconf 84' lang='lat' dir='ltr'><strong>Th</strong></span> <span class='ocrx_word' id='word_1_423' title='bbox 1206 3244 1283 3303; x_wconf 81' lang='grc'><strong>177777,</strong></span> 
     </span>
     <span class='ocr_line' id='line_1_61' title="bbox 744 3313 1283 3397; baseline -0.006 -31"><span class='ocrx_word' id='word_1_424' title='bbox 744 3331 822 3397; x_wconf 88' lang='lat' dir='ltr'><strong>quern</strong></span> <span class='ocrx_word' id='word_1_425' title='bbox 837 3316 925 3366; x_wconf 89' lang='lat' dir='ltr'><strong>locum</strong></span> <span class='ocrx_word' id='word_1_426' title='bbox 938 3313 1064 3364; x_wconf 81' lang='lat' dir='ltr'><strong>confer</strong></span> <span class='ocrx_word' id='word_1_427' title='bbox 1043 3329 1089 3364; x_wconf 86' lang='lat' dir='ltr'><strong>srs.</strong></span> <span class='ocrx_word' id='word_1_428' title='bbox 1126 3315 1188 3363; x_wconf 91' lang='lat' dir='ltr'><strong>Non</strong></span> <span class='ocrx_word' id='word_1_429' title='bbox 1203 3314 1283 3363; x_wconf 84' lang='lat' dir='ltr'><strong>aliter</strong></span> 
     </span>
     <span class='ocr_line' id='line_1_62' title="bbox 743 3380 1281 3449; baseline -0.006 -15"><span class='ocrx_word' id='word_1_430' title='bbox 743 3380 1137 3449; x_wconf 79' lang='lat' dir='ltr'><strong>psariVII‚ltitl.,V31V,49,</strong></span> <span class='ocrx_word' id='word_1_431' title='bbox 1151 3383 1281 3433; x_wconf 82' lang='lat' dir='ltr'><strong>abiconl</strong></span> 
     </span>
     <span class='ocr_line' id='line_1_63' title="bbox 743 3420 1282 3518; baseline -0.008 -12"><span class='ocrx_word' id='word_1_432' title='bbox 743 3455 838 3507; x_wconf 81' lang='lat' dir='ltr'><strong>alluta</strong></span> <span class='ocrx_word' id='word_1_433' title='bbox 859 3456 911 3504; x_wconf 90' lang='lat' dir='ltr'><strong>Pro</strong></span> <span class='ocrx_word' id='word_1_434' title='bbox 923 3420 1143 3516; x_wconf 85' lang='grc' dir='ltr'><strong><em>άνωσάμενοιΗ.</em></strong></span> <span class='ocrx_word' id='word_1_435' title='bbox 1151 3453 1282 3518; x_wconf 85' lang='lat' dir='ltr'><strong>Stephun.</strong></span> 
     </span>
     <span class='ocr_line' id='line_1_64' title="bbox 741 3519 1281 3588; baseline -0.002 -15"><span class='ocrx_word' id='word_1_436' title='bbox 741 3519 938 3583; x_wconf 81' lang='grc' dir='ltr'><strong><em>ἀπωσάμενοι,</em></strong></span> <span class='ocrx_word' id='word_1_437' title='bbox 961 3538 1013 3586; x_wconf 89' lang='lat' dir='ltr'><strong>quo</strong></span> <span class='ocrx_word' id='word_1_438' title='bbox 1027 3528 1101 3573; x_wconf 85' lang='lat' dir='ltr'><strong>certe</strong></span> <span class='ocrx_word' id='word_1_439' title='bbox 1114 3523 1186 3572; x_wconf 88' lang='lat' dir='ltr'><strong>haud</strong></span> <span class='ocrx_word' id='word_1_440' title='bbox 1199 3539 1281 3588; x_wconf 86' lang='lat' dir='ltr'><strong>opus.</strong></span> 
     </span>
    </p>

    <p class='ocr_par' dir='ltr' id='par_1_12' title="bbox 740 3590 1281 4286">
     <span class='ocr_line' id='line_1_65' title="bbox 742 3590 1281 3671; baseline -0.009 -26"><span class='ocrx_word' id='word_1_441' title='bbox 742 3594 798 3647; x_wconf 82' lang='lat' dir='ltr'><strong>vid.</strong></span> <span class='ocrx_word' id='word_1_442' title='bbox 817 3593 901 3657; x_wconf 85' lang='lat' dir='ltr'>VIII,</span> <span class='ocrx_word' id='word_1_443' title='bbox 923 3590 972 3641; x_wconf 82' lang='lat'><strong>109</strong></span> <span class='ocrx_word' id='word_1_444' title='bbox 992 3592 1084 3671; x_wconf 78' lang='lat' dir='ltr'><strong>ibique</strong></span> <span class='ocrx_word' id='word_1_445' title='bbox 1099 3596 1219 3641; x_wconf 86' lang='lat' dir='ltr'><strong>nott</strong></span> <span class='ocrx_word' id='word_1_446' title='bbox 1240 3591 1281 3641; x_wconf 79' lang='lat' dir='ltr'><strong>Ad</strong></span> 
     </span>
     <span class='ocr_line' id='line_1_66' title="bbox 743 3652 1281 3726; baseline -0.007 -11"><span class='ocrx_word' id='word_1_447' title='bbox 743 3669 907 3715; x_wconf 83' lang='lat' dir='ltr'><strong>structuram</strong></span> <span class='ocrx_word' id='word_1_448' title='bbox 921 3661 999 3711; x_wconf 84' lang='lat' dir='ltr'><strong>verbi</strong></span> <span class='ocrx_word' id='word_1_449' title='bbox 1016 3652 1195 3726; x_wconf 80' lang='grc' dir='ltr'><strong><em>ἀνέχεσθαι</em></strong></span> <span class='ocrx_word' id='word_1_450' title='bbox 1189 3678 1215 3710; x_wconf 86' lang='lat' dir='ltr'><strong>rn</strong></span> <span class='ocrx_word' id='word_1_451' title='bbox 1229 3661 1281 3711; x_wconf 86' lang='lat' dir='ltr'><strong>fine</strong></span> 
     </span>
     <span class='ocr_line' id='line_1_67' title="bbox 742 3729 1281 3799; baseline -0.007 -14"><span class='ocrx_word' id='word_1_452' title='bbox 742 3751 803 3799; x_wconf 88' lang='lat' dir='ltr'><strong>cap.</strong></span> <span class='ocrx_word' id='word_1_453' title='bbox 827 3748 887 3783; x_wconf 86' lang='lat' dir='ltr'><strong>curn</strong></span> <span class='ocrx_word' id='word_1_454' title='bbox 910 3731 1047 3781; x_wconf 82' lang='lat' dir='ltr'><strong>infinitivo</strong></span> <span class='ocrx_word' id='word_1_455' title='bbox 1072 3729 1127 3779; x_wconf 86' lang='lat' dir='ltr'><strong>vid</strong></span> <span class='ocrx_word' id='word_1_456' title='bbox 1151 3731 1281 3781; x_wconf 87' lang='lat' dir='ltr'><strong>Kuehuer</strong></span> 
     </span>
     <span class='ocr_line' id='line_1_68' title="bbox 742 3800 1281 3867; baseline -0.009 -12"><span class='ocrx_word' id='word_1_457' title='bbox 742 3804 789 3857; x_wconf 83' lang='lat' dir='ltr'><strong>Gr.</strong></span> <span class='ocrx_word' id='word_1_458' title='bbox 800 3804 844 3854; x_wconf 88' lang='lat' dir='ltr'><strong>Gr.</strong></span> <span class='ocrx_word' id='word_1_459' title='bbox 852 3801 876 3862; x_wconf 63' lang='grc' dir='ltr'><strong>ᾖ.</strong></span> <span class='ocrx_word' id='word_1_460' title='bbox 888 3801 948 3854; x_wconf 84' lang='grc'><strong>7760.</strong></span> <span class='ocrx_word' id='word_1_461' title='bbox 960 3805 1016 3850; x_wconf 88' lang='lat' dir='ltr'><strong>not.</strong></span> <span class='ocrx_word' id='word_1_462' title='bbox 1028 3800 1052 3850; x_wconf 93' lang='lat' dir='ltr'><strong>l.</strong></span> <span class='ocrx_word' id='word_1_463' title='bbox 1078 3801 1121 3849; x_wconf 88' lang='lat' dir='ltr'><strong>Tu</strong></span> <span class='ocrx_word' id='word_1_464' title='bbox 1135 3800 1197 3851; x_wconf 87' lang='lat' dir='ltr'><strong>add.</strong></span> <span class='ocrx_word' id='word_1_465' title='bbox 1210 3817 1281 3867; x_wconf 87' lang='lat' dir='ltr'><strong>quae</strong></span> 
     </span>
     <span class='ocr_line' id='line_1_69' title="bbox 741 3869 1281 3937; baseline -0.006 -14"><span class='ocrx_word' id='word_1_466' title='bbox 741 3873 776 3924; x_wconf 85' lang='lat' dir='ltr'><strong>ad</strong></span> <span class='ocrx_word' id='word_1_467' title='bbox 790 3871 929 3937; x_wconf 82' lang='lat' dir='ltr'><strong>Euripidis</strong></span> <span class='ocrx_word' id='word_1_468' title='bbox 943 3870 1082 3920; x_wconf 86' lang='lat' dir='ltr'><strong>Phoeuiss.</strong></span> <span class='ocrx_word' id='word_1_469' title='bbox 1102 3869 1152 3919; x_wconf 80' lang='grc'><strong>5777</strong></span> <span class='ocrx_word' id='word_1_470' title='bbox 1170 3887 1281 3921; x_wconf 89' lang='lat' dir='ltr'><strong>monue-</strong></span> 
     </span>
     <span class='ocr_line' id='line_1_70' title="bbox 741 3938 1280 4007; baseline -0.002 -15"><span class='ocrx_word' id='word_1_471' title='bbox 741 3947 805 3992; x_wconf 91' lang='lat' dir='ltr'><strong>runt</strong></span> <span class='ocrx_word' id='word_1_472' title='bbox 817 3941 885 3992; x_wconf 84' lang='lat' dir='ltr'><strong>God.</strong></span> <span class='ocrx_word' id='word_1_473' title='bbox 896 3942 1044 3990; x_wconf 87' lang='lat' dir='ltr'><strong>llermanu.</strong></span> <span class='ocrx_word' id='word_1_474' title='bbox 1056 3938 1129 4004; x_wconf 81' lang='lat' dir='ltr'><strong>(pag.</strong></span> <span class='ocrx_word' id='word_1_475' title='bbox 1140 3940 1186 4005; x_wconf 82' lang='grc'><strong>57)</strong></span> <span class='ocrx_word' id='word_1_476' title='bbox 1198 3946 1280 4007; x_wconf 84' lang='lat' dir='ltr'><strong>atque</strong></span> 
     </span>
     <span class='ocr_line' id='line_1_71' title="bbox 741 4009 1279 4075; baseline -0.009 -11"><span class='ocrx_word' id='word_1_477' title='bbox 741 4011 822 4075; x_wconf 83' lang='lat' dir='ltr'><strong>Geel,</strong></span> <span class='ocrx_word' id='word_1_478' title='bbox 844 4016 871 4060; x_wconf 90' lang='lat' dir='ltr'><strong>et</strong></span> <span class='ocrx_word' id='word_1_479' title='bbox 888 4009 960 4059; x_wconf 81' lang='lat' dir='ltr'><strong>cani.</strong></span> <span class='ocrx_word' id='word_1_480' title='bbox 977 4009 1117 4061; x_wconf 82' lang='lat' dir='ltr'><strong>Plutarch.</strong></span> <span class='ocrx_word' id='word_1_481' title='bbox 1135 4011 1192 4061; x_wconf 90' lang='lat' dir='ltr'><strong>Vit.</strong></span> <span class='ocrx_word' id='word_1_482' title='bbox 1210 4015 1279 4062; x_wconf 81' lang='lat' dir='ltr'><strong>liar.</strong></span> 
     </span>
     <span class='ocr_line' id='line_1_72' title="bbox 741 4081 1279 4143; baseline -0.006 -12"><span class='ocrx_word' id='word_1_483' title='bbox 741 4081 783 4132; x_wconf 83' lang='grc'><strong>777.</strong></span> <span class='ocrx_word' id='word_1_484' title='bbox 830 4081 915 4130; x_wconf 76' lang='grc'><strong>777777</strong></span> <span class='ocrx_word' id='word_1_485' title='bbox 946 4094 1052 4143; x_wconf 89' lang='lat' dir='ltr'><strong>quoque</strong></span> <span class='ocrx_word' id='word_1_486' title='bbox 1075 4081 1168 4130; x_wconf 85' lang='lat' dir='ltr'><strong>Nostri</strong></span> <span class='ocrx_word' id='word_1_487' title='bbox 1191 4081 1279 4130; x_wconf 88' lang='lat' dir='ltr'><strong>locum</strong></span> 
     </span>
     <span class='ocr_line' id='line_1_73' title="bbox 740 4147 1279 4213; baseline -0.007 -10"><span class='ocrx_word' id='word_1_488' title='bbox 740 4154 855 4213; x_wconf 78' lang='lat' dir='ltr'><strong>Strange</strong></span> <span class='ocrx_word' id='word_1_489' title='bbox 867 4147 991 4213; x_wconf 87' lang='lat' dir='ltr'><strong>(Jahrbb.</strong></span> <span class='ocrx_word' id='word_1_490' title='bbox 1002 4148 1020 4200; x_wconf 90' lang='grc'><strong>7,</strong></span> <span class='ocrx_word' id='word_1_491' title='bbox 1030 4148 1163 4213; x_wconf 78' lang='lat' dir='ltr'><strong>Philnlcg.</strong></span> <span class='ocrx_word' id='word_1_492' title='bbox 1175 4165 1201 4199; x_wconf 93' lang='lat' dir='ltr'><strong>u.</strong></span> <span class='ocrx_word' id='word_1_493' title='bbox 1213 4151 1279 4199; x_wconf 85' lang='lat' dir='ltr'><strong>Pue-</strong></span> 
     </span>
     <span class='ocr_line' id='line_1_74' title="bbox 740 4216 1279 4286; baseline -0.006 -13"><span class='ocrx_word' id='word_1_494' title='bbox 740 4222 801 4286; x_wconf 80' lang='lat' dir='ltr'><strong>dag.</strong></span> <span class='ocrx_word' id='word_1_495' title='bbox 815 4217 909 4284; x_wconf 85' lang='lat' dir='ltr'><strong>Sappl.</strong></span> <span class='ocrx_word' id='word_1_496' title='bbox 923 4218 970 4269; x_wconf 93' lang='lat' dir='ltr'><strong>IV.</strong></span> <span class='ocrx_word' id='word_1_497' title='bbox 985 4232 1011 4281; x_wconf 89' lang='lat' dir='ltr'><strong>p.</strong></span> <span class='ocrx_word' id='word_1_498' title='bbox 1026 4216 1104 4282; x_wconf 78' lang='grc'><strong>357),</strong></span> <span class='ocrx_word' id='word_1_499' title='bbox 1118 4218 1279 4270; x_wconf 86' lang='lat' dir='ltr'><strong>ubidedis·</strong></span> 
     </span>
    </p>

    <p class='ocr_par' dir='ltr' id='par_1_13' title="bbox 740 4288 1280 4352">
     <span class='ocr_line' id='line_1_75' title="bbox 740 4288 1280 4352; baseline -0.009 -10"><span class='ocrx_word' id='word_1_500' title='bbox 740 4291 852 4342; x_wconf 73' lang='lat' dir='ltr'><strong>crImiue</strong></span> <span class='ocrx_word' id='word_1_501' title='bbox 866 4289 927 4352; x_wconf 81' lang='lat' dir='ltr'><strong>agit</strong></span> <span class='ocrx_word' id='word_1_502' title='bbox 941 4290 1096 4337; x_wconf 86' lang='lat' dir='ltr'><strong>structurae</strong></span> <span class='ocrx_word' id='word_1_503' title='bbox 1110 4288 1192 4338; x_wconf 85' lang='lat' dir='ltr'><strong>huius</strong></span> <span class='ocrx_word' id='word_1_504' title='bbox 1202 4288 1280 4338; x_wconf 85' lang='lat' dir='ltr'><strong>verbi</strong></span> 
     </span>
    </p>
   </div>
   <div class='ocr_carea' id='block_1_10' title="bbox 149 4355 1280 4497">
    <p class='ocr_par' dir='ltr' id='par_1_14' title="bbox 149 4355 1278 4497">
     <span class='ocr_line' id='line_1_76' title="bbox 150 4355 1278 4429; baseline -0.006 -16"><span class='ocrx_word' id='word_1_505' title='bbox 150 4363 223 4429; x_wconf 87' lang='lat' dir='ltr'><strong>qnod</strong></span> <span class='ocrx_word' id='word_1_506' title='bbox 248 4362 280 4414; x_wconf 92' lang='lat' dir='ltr'><strong>de</strong></span> <span class='ocrx_word' id='word_1_507' title='bbox 307 4362 386 4413; x_wconf 87' lang='lat' dir='ltr'><strong>lance</strong></span> <span class='ocrx_word' id='word_1_508' title='bbox 411 4361 518 4426; x_wconf 90' lang='lat' dir='ltr'><strong>proprie</strong></span> <span class='ocrx_word' id='word_1_509' title='bbox 540 4359 691 4409; x_wconf 86' lang='lat' dir='ltr'><strong>adhibitum</strong></span> <span class='ocrx_word' id='word_1_510' title='bbox 741 4376 802 4410; x_wconf 86' lang='lat' dir='ltr'><strong>cnm</strong></span> <span class='ocrx_word' id='word_1_511' title='bbox 821 4358 967 4424; x_wconf 88' lang='lat' dir='ltr'><strong>participio</strong></span> <span class='ocrx_word' id='word_1_512' title='bbox 987 4361 1015 4406; x_wconf 90' lang='lat' dir='ltr'><strong>et</strong></span> <span class='ocrx_word' id='word_1_513' title='bbox 1030 4355 1180 4419; x_wconf 81' lang='lat' dir='ltr'><strong>infinitivo,</strong></span> <span class='ocrx_word' id='word_1_514' title='bbox 1201 4374 1278 4422; x_wconf 86' lang='lat' dir='ltr'><strong>quern</strong></span> 
     </span>
     <span class='ocr_line' id='line_1_77' title="bbox 149 4427 1280 4497; baseline -0.005 -13"><span class='ocrx_word' id='word_1_515' title='bbox 149 4434 274 4485; x_wconf 87' lang='lat' dir='ltr'><strong>deorsum</strong></span> <span class='ocrx_word' id='word_1_516' title='bbox 287 4434 417 4497; x_wconf 77' lang='lat' dir='ltr'><strong>vergente</strong></span> <span class='ocrx_word' id='word_1_517' title='bbox 430 4447 464 4481; x_wconf 87' lang='lat' dir='ltr'><strong>ac</strong></span> <span class='ocrx_word' id='word_1_518' title='bbox 481 4431 606 4481; x_wconf 84' lang='lat' dir='ltr'><strong>derebus</strong></span> <span class='ocrx_word' id='word_1_519' title='bbox 619 4429 693 4481; x_wconf 82' lang='lat' dir='ltr'><strong>lanei</strong></span> <span class='ocrx_word' id='word_1_520' title='bbox 740 4431 766 4481; x_wconf 89' lang='lat' dir='ltr'><strong>h.</strong></span> <span class='ocrx_word' id='word_1_521' title='bbox 779 4429 797 4482; x_wconf 94' lang='grc'><strong>7.</strong></span> <span class='ocrx_word' id='word_1_522' title='bbox 812 4428 938 4481; x_wconf 89' lang='lat' dir='ltr'><strong>consulto</strong></span> <span class='ocrx_word' id='word_1_523' title='bbox 958 4443 975 4478; x_wconf 87' lang='lat' dir='ltr'><strong>a</strong></span> <span class='ocrx_word' id='word_1_524' title='bbox 992 4428 1092 4479; x_wconf 87' lang='lat' dir='ltr'><strong>Nostro</strong></span> <span class='ocrx_word' id='word_1_525' title='bbox 1108 4428 1173 4493; x_wconf 87' lang='lat' dir='ltr'><strong>poni</strong></span> <span class='ocrx_word' id='word_1_526' title='bbox 1186 4427 1280 4492; x_wconf 82' lang='lat' dir='ltr'><strong>addit,</strong></span> 
     </span>
    </p>
   </div>
   <div class='ocr_carea' id='block_1_11' title="bbox 0 0 1498 5130">
    <p class='ocr_par' dir='ltr' id='par_1_15' title="bbox 0 0 1498 5130">
     <span class='ocr_line' id='line_1_78' title="bbox 0 0 1498 5130; baseline 0 5"><span class='ocrx_word' id='word_1_527' title='bbox 0 0 1498 5130; x_wconf 95' lang='lat' dir='ltr'><strong> </strong></span> 
     </span>
    </p>
   </div>
  </div>
 </body>
</html>
