2986 5130
466 373 745 437 POLYMNIA.
768 375 841 437 VII.
867 383 925 441 rm.
1201 372 1263 436 697

128 540 311 616 Ἐλισύκων
330 548 386 616 καὶ
408 553 609 635 Σαρδονίων
629 550 685 617 καί
703 556 868 635 Κυρνίων
889 547 1066 639 τριήκοντα
1087 548 1262 636 μυριάδας,

131 651 187 718 καὶ
204 648 390 738 στρατηγὸν
411 649 524 720 αὐτων
547 648 706 740 Ἀμίλκαν
727 650 785 722 τὸν
804 650 991 738 Ἄννωνος,
1021 658 1263 741 Καρχηδονίων

130 816 205 867 mina
216 817 329 881 agnosci
342 816 400 868 vult
409 817 617 882 Wesselingins,
630 818 673 867 oni
723 817 854 886 βασιλῆα)
877 826 905 870 et
919 818 991 878 Vll,
1014 818 1075 870 luo:
1100 813 1265 885 βασιλιν-

131 886 237 936 secedit
249 888 337 938 Marx.
349 887 383 937 sd
398 886 498 952 Ephor.
514 887 671 954 fragmenti,
724 882 837 939 σανιοί
850 902 878 938 τι
897 878 960 937 κατ’
973 881 1175 952 ἀνδραγαθίην
1190 889 1264 949 Kop-

131 974 157 1022 p.
172 957 232 1007 221.
247 960 304 1005 not.
321 958 362 1009 12.
388 957 671 1008 Tuconf.etiamZo·
723 956 881 1023 χρδονίων,
907 959 927 1010 1.
950 975 972 1009 e.
996 973 1079 1008 uuum
1098 977 1112 1010 e
1132 959 1264 1022 sufetibus,

129 1041 191 1077 nur.
208 1041 235 1089 p.
253 1024 305 1077 682
320 1033 348 1076 et
364 1026 484 1077 Cramer.
497 1028 618 1078 Aneodd.
633 1027 671 1076 ll.
740 1029 913 1080 uosRomani
923 1031 1159 1095 scriptoresrepes,
1167 1028 1266 1080 Graeci

129 1112 157 1162 p.
171 1094 205 1144 60
217 1095 335 1161 itemque
344 1096 491 1157 avienum,
509 1097 556 1161 qni
568 1112 609 1149 vs.
619 1096 671 1148 606
722 1046 853 1165 βασιλέας
863 1098 962 1163 passim
975 1100 1110 1148 vocitant.
1129 1098 1189 1148 Vid.
1200 1098 1262 1148 Cor·

128 1169 237 1229 gentem
249 1165 383 1229 Elespcnm
398 1170 426 1217 et
440 1168 496 1217 eins
509 1174 592 1231 caput
601 1166 670 1215 Nar·
724 1168 775 1218 nel.
788 1168 982 1232 NepHunnib,
994 1171 1018 1218 7.
1027 1172 1052 1231 ἃ.
1062 1173 1076 1218 4
1087 1168 1179 1234 ibique
1190 1169 1264 1229 Bos,

128 1235 216 1284 bouem
240 1235 332 1285 urbem
350 1235 379 1284 in
395 1235 484 1286 Gallia
503 1234 674 1286 meridionali
723 1237 894 1287 Boetticher:
907 1237 1168 1304 Histor.Carthagg.
1184 1254 1209 1302 p.
1222 1239 1265 1287 45.

128 1307 333 1366 commemorat,
343 1305 434 1371 inqua
447 1307 506 1371 ipsa
516 1311 589 1357 terra
600 1308 673 1355 circu
724 1308 767 1358 46.
802 1306 861 1369 Sic,
884 1311 915 1356 ut
930 1305 981 1356 hoo
998 1312 1073 1368 utar,
1097 1307 1266 1359 Hannibalem

127 1373 287 1426 Narbonem
300 1373 434 1439 Soymnus
447 1375 530 1426 Chius
547 1378 594 1440 qni
607 1376 674 1425 dici·
725 1377 819 1426 ducem
829 1376 1067 1439 Carthaginienses
1078 1378 1265 1436 constituisse,

129 1448 176 1492 tur
196 1458 238 1494 vs.
254 1444 306 1495 260
328 1443 429 1509 aliique
453 1445 520 1508 (nid.
539 1445 569 1494 C.
589 1444 674 1495 Muel·
725 1445 808 1495 Diod.
825 1445 907 1501 xlll.
920 1446 954 1496 43
976 1446 1061 1496 tradit
1073 1438 1124 1494 τόν
1138 1439 1200 1495 τότε
1215 1441 1266 1510 βα-

128 1512 171 1563 ler
187 1513 221 1563 ad
239 1512 348 1579 Scylac.
365 1516 389 1576 §-
409 1514 435 1564 3.
457 1515 490 1565 Τ.
507 1514 530 1563 Ι.
550 1529 613 1579 pag.
630 1515 672 1567 17.
725 1509 892 1564 aristionem
906 1507 977 1563 κατὰ
992 1509 1058 1571 τούς
1074 1509 1191 1578 νόμους.
1223 1515 1264 1564 De

129 1584 232 1648 Geogr.
251 1582 299 1634 Gr.
312 1581 410 1646 minn.)
426 1583 562 1633 collocant
572 1584 673 1646 Betrp-
724 1600 777 1649 qno
810 1585 967 1635 accuratius
1000 1585 1156 1649 disputasse
1185 1583 1265 1635 video

127 1667 185 1713 ces,
209 1668 276 1717 quos
304 1653 379 1716 ipsos
398 1653 467 1703 idem
485 1653 604 1703 Avienus
622 1654 674 1704 485
724 1653 814 1719 Kluge
833 1654 880 1714 (ad
892 1654 1033 1706 Aristotel.
1049 1656 1091 1705 De
1105 1655 1181 1718 polit.
1199 1653 1266 1703 Car·

128 1723 263 1781 nominat,
280 1720 438 1772 discernens
450 1722 484 1771 ab
497 1723 624 1785 Helisyeis
638 1738 673 1784 s.,
724 1723 816 1788 thagg.
829 1738 890 1789 pag.
905 1723 940 1775 89
955 1722 1062 1791 seqq),
1083 1725 1131 1775 ubi
1144 1724 1212 1774 bene
1226 1724 1266 1771 in-

127 1797 161 1841 ut
173 1788 220 1841 ille
231 1791 343 1853 scribit,
356 1791 519 1858 Elerycr'bns:
540 1799 673 1857 utrosque
725 1799 766 1843 ter
778 1793 833 1843 alia
849 1799 941 1844 monet
954 1809 1017 1860 pag.
1031 1794 1074 1857 91,
1087 1793 1224 1857 anseribus,
1241 1793 1264 1842 si

129 1875 180 1924 pro
194 1875 249 1910 una
259 1860 404 1925 eademque
415 1866 495 1926 gente
508 1861 602 1912 haberi
614 1861 674 1911 vult
724 1864 890 1914 exercitibus
902 1863 1083 1929 praefuerint,
1103 1864 1155 1914 hoo
1168 1878 1265 1914 nomen

127 1929 261 1981 Bondurd
296 1931 337 1979 in:
369 1931 462 1981 Revue
488 1931 672 1995 arehdologiq.
724 1935 793 1998 repis
819 1933 935 1982 inditum
964 1933 1064 1994 fnisse,
1095 1932 1161 1984 solis
1190 1947 1266 1982 exer-

129 1999 211 2049 Xlll.
232 2015 259 2063 p.
278 1999 328 2048 351
348 2015 405 2064 seq.
428 1999 490 2050 coll.
508 2001 576 2062 347,
602 2015 673 2065 qnae
723 2004 827 2054 oitnum
852 2002 966 2053 ducibus
991 2002 1162 2069 denegatum.
1202 2001 1265 2052 Alia

128 2067 209 2119 sedes
227 2069 253 2117 iu
279 2068 675 2120 meridionali-ansnulitlal·
724 2073 858 2138 quaedam
884 2072 918 2122 de
940 2088 991 2124 usu
1014 2078 1043 2124 et
1065 2071 1266 2137 significatione

128 2137 170 2188 lis
190 2136 318 2188 habuerit
336 2138 410 2188 circa
429 2138 598 2197 Narbonem
625 2139 675 2188 Be·
724 2143 800 2193 vocis
819 2132 948 2208 desaisire
967 2156 1051 2208 supra
1071 2141 1213 2194 attulimus
1230 2142 1265 2191 sd

129 2209 223 2274 brpees
241 2207 382 2258 lberorum
399 2208 493 2272 lingua
510 2209 592 2260 scribi
613 2209 676 2273 bap·
724 2212 772 2273 Vl,
786 2212 828 2265 34.
873 2210 951 2275 Quod
964 2228 1028 2263 vero
1044 2212 1090 2263 ille
1102 2228 1149 2264 rex
1164 2213 1265 2263 eonsti-

129 2278 219 2339 deera,
234 2278 252 2327 i.
266 2294 289 2327 e,
304 2278 422 2340 paludem
434 2282 459 2328 in
473 2281 588 2340 erinnem,
603 2269 674 2328 idem
724 2286 802 2333 tutus
819 2296 881 2333 esse
896 2282 996 2332 dicitur
1021 2282 1094 2347 (cap.
1116 2280 1175 2345 166)
1200 2274 1264 2330 κατ’

128 2346 223 2407 addit,
244 2361 355 2397 monens
375 2349 402 2396 ln
415 2348 441 2397 H
471 2349 555 2413 isycis
577 2364 598 2397 s.
613 2348 676 2399 Ele·
722 2343 935 2414 ἀνδραγαθίην,
950 2352 969 2400 1.
984 2368 1007 2402 e.
1020 2351 1051 2401 ab
1064 2354 1185 2412 virtatem,
1202 2366 1265 2400 eon·

127 2417 242 2479 sycibus
252 2431 359 2482 qnoque
370 2417 485 2467 inveniri
496 2433 592 2469 vocem
603 2412 674 2477 ἕλος,
724 2421 801 2471 venit
813 2420 864 2471 hoc
877 2419 1077 2485 quodammodo
1087 2437 1147 2471 cnm
1159 2421 1265 2471 Aristo·

128 2501 204 2551 quae
216 2487 285 2536 idem
301 2486 446 2549 significet.
479 2488 550 2538 Utut
565 2492 623 2547 est,
646 2488 673 2537 in
726 2489 787 2540 telis
805 2491 962 2540 testimonio
976 2489 1068 2555 (Polit.
1083 2492 1127 2553 ΙΙ,
1140 2491 1165 2541 8.
1183 2493 1209 2551 ἕ.
1223 2489 1262 2553 2),

127 2557 183 2615 iis,
200 2570 268 2618 quos
283 2557 354 2615 dixi,
371 2556 555 2607 meridionalis
567 2556 672 2608 Galliae
723 2560 768 2624 qni
780 2559 1021 2625 Carthaginienses
1040 2562 1067 2609 in
1084 2560 1209 2611 creandis
1223 2574 1264 2609 re·

128 2626 447 2691 tractibusHelispeornm
457 2626 534 2678 sedes
544 2642 676 2693 quaeren·
723 2629 801 2691 gibus
816 2628 952 2680 meliorem
964 2631 1097 2680 rationem
1116 2629 1192 2693 sequi
1207 2633 1263 2677 tra-

128 2696 183 2745 dse
201 2700 293 2755 erunt,
313 2694 458 2758 dequibus
476 2695 557 2746 aliter
574 2697 675 2746 statuit
724 2698 780 2759 dit,
798 2713 858 2749 cum
878 2697 926 2748 hos
946 2714 1033 2764 neque
1051 2716 1085 2750 ex
1105 2698 1198 2750 eodem
1217 2713 1264 2762 ge-

126 2765 215 2815 Stenb
228 2763 565 2828 (Urbewohnerlthiitiens
580 2764 672 2831 peu).
724 2783 788 2818 nere
802 2766 905 2828 eliaam
920 2784 1008 2833 neque
1028 2770 1109 2820 etiam
1131 2784 1162 2819 ex
1177 2767 1265 2832 quoli-

127 2835 220 2884 Kruse
240 2832 361 2897 (Archiv.
375 2833 404 2896 1,
418 2837 444 2884 2.
461 2850 485 2898 p.
500 2834 545 2899 61)
565 2837 598 2885 de
610 2836 674 2900 Elp-
723 2838 782 2901 bet,
804 2838 851 2888 sed
865 2854 898 2888 ex
915 2839 1016 2904 insigni
1036 2838 1153 2904 quadam
1170 2842 1262 2903 gente.

127 2906 189 2958 siis.
207 2903 251 2967 qui
263 2908 334 2954 teste
344 2903 443 2953 Tacito
453 2904 481 2953 iu
491 2904 617 2959 German.
629 2904 672 2955 43.
723 2906 784 2958 vid.
797 2907 886 2972 Kluge
901 2907 918 2961 l.
932 2907 948 2956 1.
961 2924 986 2969 p.
998 2909 1042 2961 59.
1055 2907 1098 2960 68.
1110 2936 1143 2946 -
1157 2909 1197 2957 De
1206 2908 1263 2956 Ηιι-

128 2976 158 3035 ς.
170 2972 187 3021 6
201 2970 234 3021 ad
250 2973 395 3038 Lygiorum
414 2987 511 3023 nomen
526 2975 674 3038 pertinent,
723 2975 842 3028 milcaris
855 2984 938 3043 atque
946 2977 1111 3028 Hannibalis
1122 2983 1203 3043 geute
1214 2992 1261 3025 no·

127 3043 255 3106 cogitat,
272 3041 311 3092 ita
322 3047 353 3092 nt
366 3057 398 3092 ex
412 3043 595 3095 meridionalis
610 3043 673 3095 Gal·
723 3047 872 3109 bilissima,
894 3062 964 3112 quae
985 3046 1076 3112 plures
1097 3048 1160 3097 tulit
1178 3047 1262 3096 duces

126 3111 186 3161 liae
208 3116 293 3175 utque
316 3110 414 3161 Italiae
435 3112 489 3161 oris
514 3113 583 3163 haec
606 3129 672 3179 gens
723 3118 863 3181 egregios,
885 3117 942 3167 vid.
961 3117 1082 3168 Haeren:
1105 3117 1187 3168 Ideen
1207 3120 1260 3165 etc.

127 3180 194 3231 olim
207 3182 236 3230 in
249 3181 364 3231 Silesiae
378 3195 411 3231 uo
421 3182 553 3232 husatiae
565 3189 672 3233 tractus
722 3187 767 3247 ll,
781 3187 803 3237 1.
820 3201 846 3249 p.
862 3187 906 3237 63.
936 3188 1086 3238 Hannonem
1099 3186 1184 3247 huno,
1205 3186 1263 3234 Hs-

126 3251 300 3315 immigrarit.
344 3252 530 3303 Memorantur
557 3251 672 3317 denique
722 3254 842 3305 milcuris
858 3261 977 3321 patrem,
997 3255 1110 3306 eundem
1125 3270 1200 3314 esse,
1216 3255 1262 3319 qui

128 3319 232 3371 milites
243 3335 276 3370 ex
286 3320 506 3372 insulaSarrlinia
516 3326 599 3387 atque
610 3324 672 3373 Cor·
722 3324 921 3388 expeditionem
949 3326 1111 3376 maritimam
1140 3325 1264 3390 suscepit

126 3393 184 3441 rica
209 3407 231 3441 s.
251 3391 346 3452 quno,
373 3389 408 3440 sd
435 3391 511 3441 cuins
530 3392 672 3456 utriusque
723 3409 836 3458 eamque
849 3394 941 3446 retulit
957 3397 985 3445 in
998 3395 1101 3460 periplo
1117 3395 1205 3445 adhue
1219 3410 1263 3445 su-

128 3475 206 3509 orum
231 3460 337 3510 Poenos
367 3460 526 3511 consedisse
551 3465 671 3514 constat.
722 3464 838 3528 perstite
861 3468 889 3513 et
907 3464 993 3529 ipsine
1015 3466 1122 3516 nomine
1141 3470 1261 3523 servato,

127 3528 209 3579 conf.
229 3528 399 3580 Boetticher:
423 3530 497 3580 Hist.
522 3530 671 3595 Carthagg.
723 3533 863 3584 contendit
880 3532 968 3600 Klnge
994 3534 1029 3584 ad
1051 3535 1195 3585 Hannonis
1218 3549 1262 3599 pe·

127 3614 194 3664 pag.
209 3598 252 3649 35.
266 3599 309 3649 36.
337 3599 491 3650 Sardiniam
506 3600 671 3650 Nosterme-
723 3603 906 3666 ripl.pag.3;
929 3604 1033 3669 dequo
1054 3609 1144 3654 tamen
1165 3604 1261 3654 merito

128 3674 220 3718 morat
232 3671 254 3730 1,
271 3669 329 3719 170.
345 3669 378 3729 V,
394 3669 453 3719 106.
472 3670 530 3731 134,
546 3671 672 3719 Corsicam
723 3672 861 3723 dubitavit
885 3672 1011 3723 Schirlita
1036 3674 1078 3723 in:
1101 3671 1216 3723 Jahrbb.
1240 3671 1260 3720 i.

128 3754 153 3788 s.
169 3739 277 3802 Cpmram
292 3738 318 3799 1,
336 3739 393 3789 165.
721 3740 854 3806 Philolog.
872 3758 898 3793 n.
921 3742 1075 3807 Paedagog.
1093 3742 1141 3796 lX.
1165 3758 1190 3805 p.
1213 3741 1262 3791 lis

170 3802 219 3856 καί
243 3799 399 3871 στρατηγὸν
425 3801 520 3856 αὐτῶν
544 3801 672 3870 Ἀμίλκαν
722 3828 780 3877 seq.
806 3811 925 3874 itemque
952 3811 983 3861 C.
1008 3811 1121 3862 Mueller
1150 3810 1262 3875 (Geogr.

128 3870 182 3925 τὸν
204 3867 359 3941 Ἄννωνος]
393 3877 559 3927 Hamilconem
581 3881 670 3954 ,vocat
721 3881 978 3933 Grseoc.minn.1.
1001 3896 1063 3946 pag.
1083 3882 1146 3932 Xlll
1162 3879 1262 3945 seqq),

129 3946 243 3996 Diodor.
259 3946 367 3997 Siculus
380 3948 428 4008 XI,
439 3948 472 3996 20
484 3938 535 3995 τὸν
549 3944 669 4008 μαλιστα
722 3952 768 4016 qui
786 3951 906 4001 ostendit
924 3951 1124 4016 expeditionem
1141 3950 1215 4000 illam
1235 3955 1263 4000 et

129 4006 199 4078 παρ’
228 4006 327 4073 αὐτοῖς
355 4008 588 4078 6αομαζόμενον;
621 4014 670 4064 ubi
720 4019 852 4084 periplum
875 4020 950 4071 illum
972 4021 1068 4071 maiori
1092 4022 1151 4071 inre
1168 4019 1263 4069 referri

130 4090 195 4136 sunt
207 4087 253 4150 qui
264 4076 416 4149 Ἀμίλκωνα
430 4086 457 4135 in
468 4076 597 4148 Ἀμίλκαν
613 4100 670 4134 mu·
720 4091 754 4139 ad
769 4088 884 4139 alterum
899 4090 1058 4153 Hannonem,
1076 4091 1123 4155 qui
1141 4091 1193 4140 fnit
1207 4090 1263 4138 Hs·

130 4156 184 4205 tari
195 4155 287 4207 velint.
312 4152 670 4220 Vid.Wesseling.udDio·
722 4157 843 4209 milenris
863 4159 944 4209 huius
960 4158 1044 4220 filius,
1069 4163 1140 4211 teste
1155 4158 1262 4208 Iustino

131 4225 190 4275 dori
209 4224 229 4279 l.
247 4224 266 4277 l.
300 4227 406 4277 Iustino
424 4224 671 4286 Xlll,2voeatur
722 4228 833 4289 xnus,
845 4228 960 4290 indeque
974 4226 1046 4278 illins
1059 4229 1139 4292 primi
1151 4228 1264 4276 Hanno·

130 4296 278 4357 Hamilcar,
307 4295 383 4344 libris
411 4293 523 4344 multum
547 4294 671 4359 quamvis
721 4297 778 4357 nis,
799 4312 877 4362 quem
899 4297 935 4346 sd
956 4312 1019 4349 ann.
1038 4296 1177 4348 660-500
1197 4301 1262 4345 unte

132 4365 334 4415 fluctuantibus.
363 4364 518 4414 Herodotus
536 4363 635 4415 eumh.
651 4363 669 4414 1.
722 4367 784 4416 Chr,
803 4382 829 4416 n.
846 4365 987 4426 retuleris,
1012 4381 1097 4432 nepos
1113 4368 1260 4418 intraann.

130 4434 250 4500 appellat
261 4427 405 4499 βασιλέα
425 4432 468 4497 (nt
479 4434 609 4499 rescripsi
620 4448 670 4498 pro
721 4435 872 4489 suo-440
889 4434 1078 4498 collocandus,
1104 4437 1128 4487 si
1152 4434 1262 4502 quidem
