3048 5130
217 361 278 428 tm

652 361 915 426 HERODO'I'I

219 569 274 625 κες
287 539 350 629 τὴν
365 537 580 628 Χερσόνησον
595 537 736 628 ταύτην·
761 527 852 606 οὗτοι
868 527 916 606 ὦν
932 538 965 606 oi
976 534 1142 624 Δόλογκοι
1157 538 1353 619 πιεσθέντες

220 649 354 737 πολέμῳ
375 641 442 713 ὑπὸ
465 639 655 724 Ἀψινθίων
676 646 710 722 ἐς
733 639 891 728 Διλφούς
910 646 1063 728 ἔπεμψαν
1084 638 1161 719 τοὺς
1183 646 1353 728 βασιλέας,

220 752 297 837 περὶ
317 753 377 817 τοῦ
398 749 545 835 πολέμου
559 749 795 835 χρησομένους.
822 739 894 833 ἡδὲ
909 751 1026 832 Πυθίη
1040 768 1101 833 σφι
1117 741 1245 829 ἀνεῖλε,
1267 750 1353 814 οἰκι-

220 853 302 942 στὴν
316 850 502 938 ἐπάγεσθαι
520 850 574 918 ἐπὶ
587 848 650 937 τὴν
666 849 779 938 χώρην
798 852 934 932 τοῦτον,
954 842 990 926 ὃς
1010 845 1053 916 ἄν
1073 868 1180 934 σφεας
1194 845 1355 929 ἀπιόντας

221 959 258 1025 ἐν
271 960 332 1026 τοῦ
346 958 565 1043 Ιρσῦιιρῶιος
585 955 639 1022 ἐπὶ
653 956 759 1035 ξείνια
776 953 909 1040 καλὲοη.
947 947 1064 1030 Ἰόνιες
1082 950 1119 1020 dt
1134 956 1169 1020 oi
1179 951 1348 1038 Δόλογκοι
1356 970 1409 1023 453

220 1058 282 1148 τὴν
297 1056 373 1147 ἱρὴν
392 1054 474 1127 toln
494 1053 551 1125 dici
564 1059 713 1126 Φωκέων
732 1083 766 1124 τε
789 1056 843 1125 καί
858 1059 1015 1123 Βοιωτῶν
1036 1050 1150 1143 ἤισαν,
1172 1062 1232 1124 καί
1248 1077 1357 1143 σφεας

221 1292 314 1343 blliter
334 1296 454 1349 statuas,
466 1290 625 1355 praesertim
647 1307 710 1342 cnm
735 1289 765 1341 in

222 1362 327 1414 scholio
339 1361 451 1412 Aristid.
468 1360 542 1426 (pag.
554 1360 605 1411 tot
618 1361 659 1410 ed.
671 1363 764 1412 From-

222 1431 296 1495 mel.)
307 1430 461 1495 Apsinthiis
471 1446 504 1480 ea
514 1432 680 1493 tribuantur,
695 1447 766 1496 quae

223 1502 256 1553 de
270 1500 402 1551 Doloucis
419 1500 493 1566 apud
508 1500 675 1550 Herodotum
689 1516 765 1552 enar-

224 1576 326 1621 rantur.
370 1569 412 1620 Cf.
434 1570 575 1620 Gatterer:
599 1572 641 1621 De
664 1569 765 1620 Herod.

814 1289 892 1342 Xlll.
906 1304 968 1355 pag.
982 1288 1072 1341 ders.
1089 1289 1171 1340 Haec
1182 1304 1216 1340 ea
1229 1289 1357 1352 sortasse,

816 1360 869 1424 qut
883 1358 1062 1409 Athenienses
1077 1375 1156 1409 sacra
1173 1365 1201 1410 et
1212 1359 1357 1424 Pythicam

814 1442 940 1493 pompam
954 1427 1076 1491 Delphos
1087 1428 1243 1489 mittebant,
1257 1445 1358 1481 memo-

815 1506 877 1548 rata
889 1514 906 1548 ιι
919 1498 1045 1547 Strabon.
1062 1499 1110 1550 lx.
1129 1514 1155 1562 p.
1172 1498 1254 1550 6le
1266 1515 1290 1550 s.
1305 1500 1358 1550 422

816 1566 867 1618 C.“
887 1568 925 1617 W
929 1569 1085 1634 esseliap.
1117 1569 1159 1618 De
1171 1571 1218 1617 via
1232 1570 1301 1618 satis
1314 1584 1359 1620 co-

224 1641 324 1692 Thrac.
336 1654 401 1704 pag.
413 1639 447 1689 Ab
459 1654 526 1703 seq..
538 1640 679 1690 Mannert:
697 1640 766 1690 Geo-
814 1638 892 1701 gnita
907 1640 935 1687 et
948 1637 1057 1699 celebri,
1070 1653 1149 1702 qnam
1161 1638 1282 1703 Delphos
1296 1654 1360 1689 con·

224 1710 319 1776 graph.
332 1709 394 1760 Vll.
408 1724 470 1775 pag.
494 1709 613 1775 ldhseq.
646 1710 706 1771 Quo
721 1724 763 1759 eo·

226 1781 285 1831 dem
307 1784 416 1845 spectat
434 1778 540 1828 Cornel.
559 1779 627 1842 Nep.
649 1779 766 1829 Miltiad.

227 1851 256 1915 1,
273 1852 350 1900 cuius
367 1849 489 1898 narratio
513 1847 547 1896 ab
560 1847 747 1898 Herodoteis
740 1863 767 1897 ιιι

226 1919 389 1984 quibusdam
402 1917 549 1980 discrepat,
561 1917 594 1968 de
604 1917 701 1981 quibus
711 1917 767 1966 rid

225 1990 379 2051 interprett.
396 2002 458 2051 pag
476 1986 507 2037 lu
521 2002 595 2050 seqq
609 1986 651 2037 ed.
665 1986 767 2038 Bardil.

225 2058 294 2108 Add.
306 2055 456 2107 Marcellin.
465 2056 521 2104 Vit.
536 2055 658 2121 Thucyd.
674 2056 767 2120 ibique

226 2129 321 2190 Poppo
338 2141 401 2189 pap.
417 2124 466 2175 314
481 2130 508 2174 et
523 2124 642 2175 Voemcl.
658 2126 686 2174 in
702 2126 770 2176 scri·

227 2194 466 2260 ptionecholons
476 2210 502 2258 p.
515 2194 767 2253 munitiunculam

227 2266 271 2325 11,
286 2262 397 2328 Cypseli
417 2262 511 2327 lilium,
529 2262 648 2314 collocat
660 2265 767 2328 Olymp.

227 2334 289 2396 LV,
304 2334 317 2385 l
340 2348 363 2386 s.
377 2331 428 2384 560
445 2337 510 2382 ante
523 2332 584 2382 Chr.
609 2350 634 2383 ιι.
654 2348 768 2398 eumque

229 2404 296 2454 iacit
312 2400 477 2453 avunculum
490 2401 623 2452 Miltiadis
645 2404 701 2463 ΙΙΙ,
721 2403 768 2466 qui

228 2471 392 2524 Marathone
404 2473 486 2535 vicit,
502 2474 525 2521 si
542 2473 651 2535 quidem
663 2471 706 2522 hic
719 2472 768 2521 lili-

228 2560 261 2593 us
281 2543 336 2593 fnit
352 2542 474 2593 Cimonis
492 2539 549 2605 (qui
564 2540 696 2591 Miltiadis
716 2542 769 2590 snit

228 2611 324 2676 irater)
344 2626 376 2661 ac
393 2627 476 2675 nepos
495 2610 658 2675 Stesagoras
672 2615 699 2661 et
714 2611 768 2660 ira-

231 2688 272 2733 ter
291 2684 377 2731 minor
395 2687 463 2730 natu
478 2680 641 2744 Stesagorae
661 2680 702 2742 ll,
723 2681 769 2744 qni

230 2758 293 2817 post
310 2750 462 2801 Miltiadem
482 2749 509 2799 11
526 2751 697 2813 tyrannidem
710 2766 770 2799 sus-

230 2821 303 2886 cepit
323 2834 451 2884 eamque,
473 2834 532 2869 cum
552 2819 610 2869 sine
623 2818 679 2869 ulla
695 2818 770 2884 prole

230 2896 352 2940 mortuus
373 2894 459 2949 esset,
475 2887 593 2938 Miltiadi
605 2888 662 2949 ΙΙΙ,
683 2888 771 2949 fratri,

229 2959 352 3024 reliquit.
378 2958 457 3007 Conl.
475 2957 609 3022 lsycopbr.
625 2957 771 3008 Alexandr.

230 3028 282 3081 533
294 3028 386 3093 ibique
400 3026 564 3077 Bachmann.
578 3043 639 3092 pag.
656 3030 715 3078 128.
739 3029 770 3076 ln

232 3104 381 3160 temporum
397 3095 551 3145 rationibus
571 3096 770 3146 constituendis

231 3182 290 3217 cum
299 3162 437 3216 Voemelio
448 3164 464 3212 l.
472 3163 490 3215 l.
499 3166 637 3214 consentit
645 3166 771 3215 Fischer:

231 3234 339 3286 Griech.
348 3233 459 3285 Zeittai.
472 3248 535 3297 pag.
549 3234 605 3293 136,
616 3236 662 3299 qui
673 3242 699 3285 et
712 3236 772 3298 ipse

231 3320 304 3355 anuo
320 3304 372 3356 560
385 3308 449 3353 aute
465 3300 527 3352 Chr.
544 3318 569 3354 n.
583 3302 701 3354 collocat
714 3304 773 3354 Mil·

232 3373 349 3437 tiadem,
362 3370 472 3438 Cypseli
485 3371 585 3431 tilium3
605 3387 706 3423 annum
721 3374 773 3424 559

230 3447 361 3511 posuerat
373 3440 486 3493 Schultz
499 3441 527 3490 in
540 3442 670 3506 Apparet.
682 3443 771 3493 critic.

232 3514 310 3579 Spec.
325 3514 361 3567 11.
377 3527 442 3577 paq.
457 3514 482 3560 2.

266 3574 335 3640 τούς
349 3573 492 3648 βασιλέας]
524 3580 568 3630 Ita
584 3579 647 3630 dedi
661 3595 708 3644 pro
725 3576 774 3645 βα-

233 3648 339 3717 σιλῆας.
369 3650 464 3701 Plures
483 3647 667 3699 Doloncorum
688 3650 773 3701 inisse

232 3727 337 3787 gentes,
351 3736 421 3786 quae
433 3717 556 3782 singulae
567 3734 632 3769 suos
649 3720 774 3769 miserint

233 3806 310 3874 reges
320 3790 456 3869 Delphos,
476 3803 561 3851 ponas
581 3803 694 3840 necesse
712 3790 773 3851 erit,

232 3861 286 3909 nisi
299 3874 366 3917 τους
378 3825 508 3925 βασιλέας
526 3859 634 3907 omniuo
652 3859 774 3921 accipias

231 3929 487 3992 priucipesciuitutia,
499 3930 631 3987 privares.
657 3927 699 3976 Cf
711 3928 774 3989 Vll,

236 3999 285 4049 lue
298 4002 326 4049 et
338 3998 448 4049 Homer.
462 3995 560 4059 Odyss.
576 3998 604 4058 Ι,
619 3996 681 4049 394.
696 3998 774 4059 Vlll,

233 4069 277 4121 41
291 4067 343 4119 390
361 4074 389 4117 et
407 4067 462 4117 vid.
478 4066 555 4116 adh.
570 4068 587 4119 l.
607 4067 708 4121 Aineia.
742 4068 774 4117 Ιιι

233 4154 310 4204 seqq.
323 4128 388 4187 aut
388 4153 420 4186 ιιι
412 4130 523 4197 ξείνια
537 4136 573 4187 σΙ.
586 4138 619 4197 V,
637 4135 669 4187 18
681 4137 774 4202 ibique

233 4212 304 4260 nott
320 4206 404 4290 etVl,
418 4207 460 4258 35

267 4292 319 4342 την
333 4268 401 4340 ἴρὴν
398 4245 526 4342 ὁδὸν],
529 4275 721 4337 ,Celeberrima
733 4291 775 4325 sa·

233 4362 279 4397 cra
290 4349 341 4405 viu,
353 4361 423 4429 qnae
436 4313 550 4396 Athenis
560 4345 715 4396 Eleusinem
728 4344 775 4394 du·

234 4416 360 4480 oebat,'
351 4431 380 4466 ru
396 4418 517 4467 Pansan.
533 4416 562 4477 l,
575 4415 609 4465 36
629 4419 657 4465 et
674 4414 773 4466 Athen.

816 1707 960 1757 tendentes
973 1707 1071 1757 vadere
1085 1706 1223 1769 solebant,
1241 1707 1266 1756 b
1280 1708 1297 1758 l.
1313 1709 1360 1771 agi

816 1776 860 1826 vel
881 1775 1014 1828 articulus
1035 1777 1206 1842 praepositus
1225 1779 1294 1829 satis
1315 1777 1361 1827 de·

815 1845 922 1897 clarare
945 1845 1060 1896 videtur.
1098 1847 1174 1898 ilaec
1196 1848 1280 1912 igitur
1304 1847 1360 1908 via,

817 1915 996 1979 scriptoribus
1008 1931 1092 1980 snpra
1109 1914 1227 1966 laudatis
1244 1932 1362 1966 comme·

818 1991 939 2045 morata,
959 1985 1022 2035 inde
1038 1986 1073 2035 ab
1086 1984 1200 2036 Athenis
1219 1987 1362 2049 „primurn

818 2059 969 2117 „superata
991 2053 1152 2106 Eleusine
1144 2072 1172 2104 ιιι
1197 2055 1292 2107 fauces
1317 2056 1363 2103 Ci-

817 2123 975 2188 „thaeronis
1001 2124 1159 2175 insinuabat
1176 2125 1363 2190 Plataeasque

818 2194 1011 2259 „attingebat,
1029 2193 1090 2243 hinc
1105 2194 1140 2244 ad
1156 2193 1267 2245 Thebas
1286 2201 1314 2244 et
1334 2196 1362 2243 in

819 2277 933 2328 „agrum
943 2263 1120 2325 Haliartinm,
1135 2263 1197 2313 iude
1206 2264 1363 2315 Lebadeam

819 2339 866 2395 „at
881 2332 1065 2383 Chaeroneam
1086 2349 1119 2383 ac
1133 2334 1302 2383 Phanoteam
1321 2334 1363 2381 di-

819 2402 990 2467 „rigebatur,
1003 2406 1139 2466 postremo
1153 2418 1200 2467 per
1215 2403 1363 2453 Daulidem

821 2470 963 2536 ..Delphos
973 2487 1003 2520 se
1012 2472 1203 2522 demittebat.“
1221 2472 1292 2522 Sunt
1303 2488 1363 2523 ver-

820 2542 856 2591 ba
868 2542 971 2605 Ungeri
988 2540 1136 2605 (Paradox.
1157 2541 1242 2592 Theb.
1268 2559 1295 2607 p.
1311 2542 1364 2592 ⁰280

821 2609 926 2676 seqq.),
954 2613 1000 2675 qni
1022 2610 1091 2662 haec
1109 2611 1218 2677 singula
1239 2619 1364 2663 veterum

821 2681 983 2744 scriptorum
998 2682 1164 2731 testimoniis
1174 2682 1365 2744 comprobavit

820 2750 902 2813 idque
915 2750 1182 2815 praetereaaddidit:
1203 2752 1296 2815 „qnod
1311 2752 1365 2800 iter

822 2819 1002 2869 Athenienses
1015 2820 1211 2884 praedicabunt
1224 2836 1240 2869 a
1255 2820 1364 2871 Theseo

823 2891 954 2938 munitum
964 2893 1106 2954 tutumque
1117 2905 1134 2939 a
1143 2888 1295 2940 latronibus
1305 2890 1364 2940 red·

823 2959 925 3013 ditum,
948 2958 1048 3022 quibus
1067 2960 1184 3009 maxime
1201 2958 1365 3010 Eleutherna

824 3034 852 3077 et
864 3027 925 3078 loca
935 3026 1125 3080 Cithaeronem
1139 3030 1296 3079 adiacentia
1309 3031 1366 3079 iam

822 3097 885 3146 olim
902 3096 936 3146 ab
950 3097 1061 3149 heroum
1078 3114 1165 3163 usque
1186 3105 1277 3149 aetate
1295 3097 1367 3149 inie-

823 3172 866 3216 sta
883 3173 961 3216 eraut
975 3171 1003 3215 et
1015 3167 1199 3231 periculosa.“
1229 3170 1252 3218 A
1264 3168 1367 3232 quibus

823 3235 952 3286 dissentit
970 3236 1094 3286 Curtius:
1118 3238 1185 3287 Vom
1197 3238 1322 3303 Wegbau
1339 3253 1365 3302 p.

823 3307 856 3355 27
876 3303 1068 3369 (Denkschrift
1086 3305 1113 3356 d.
1134 3307 1256 3359 Berliner
1275 3308 1367 3359 Akad.

827 3373 902 3424 1854.
918 3389 944 3438 p.
962 3374 1037 3439 tam:
1057 3378 1229 3440 nequeenim
1244 3375 1367 3439 hacvia,

823 3459 894 3508 quae
912 3442 1064 3495 Eleusinem
1080 3447 1250 3511 attingebat,
1263 3445 1368 3497 Dolon-

823 3528 871 3564 cos
894 3514 1033 3577 proiectos
1053 3530 1112 3566 esse
1130 3521 1224 3579 putat,
1243 3515 1291 3566 sed
1312 3516 1370 3566 alia

824 3581 941 3647 quadam
954 3583 1009 3645 via,
1023 3598 1093 3648 quae
1106 3600 1153 3649 per
1167 3587 1323 3649 Tanagram
1340 3591 1369 3636 et

825 3653 907 3715 Asopi
917 3651 1014 3702 vallem
1027 3654 1054 3703 in
1065 3655 1223 3719 'l'etrapoliu
1236 3655 1370 3705 ducebat:

824 3720 896 3771 uude
923 3737 970 3772 eos
995 3722 1115 3773 Athenas
1139 3740 1168 3775 se
1198 3727 1371 3776 convertisse

824 3790 929 3839 vult-
947 3781 1135 3853 ἐκτράιιονιαι
1153 3785 1197 3843 ἐπ’
1213 3788 1369 3859 Ἀθηνέων.

825 3861 892 3911 Mihi
905 3860 993 3911 altera
1006 3864 1143 3913 sententia
1154 3863 1249 3947 placet
1257 3869 1371 3944 propter

825 3925 1370 4069 tttlittitlstitJiitttth

825 4069 980 4151 significare
994 4075 1176 4134 poterunt-
1146 4074 1235 4124 -Ad
1248 4077 1371 4124 structu-

826 4153 898 4187 ram:
918 4127 1150 4202 ηϊσανιιαΙ-
1162 4131 1372 4204 lacorianu-

826 4222 882 4255 ται
904 4208 941 4259 οΙ.
956 4212 1026 4258 nott.
1039 4210 1123 4272 adV,
1138 4212 1186 4269 55:
1204 4212 1372 4263 etadlocu·

825 4280 941 4328 tionem.
967 4269 1111 4336 ἰόνιις-
1133 4272 1220 4344 ἤϊσαν
1238 4281 1372 4333 Kuebuer

825 4346 874 4477 qq.
886 4346 936 4467 gf.
959 4350 983 4411 ἕ
1001 4348 1061 4399 575.
1085 4355 1143 4401 ιιοΙ.
1162 4350 1224 4403 tet
1241 4355 1313 4404 nott
1335 4352 1371 4402 ad
