3008 5128
206 392 247 463 91
637 395 906 461 HERODOTI

206 601 264 657 νος
281 568 540 663 ὀνειροπόλοισι·
567 571 648 663 μετὰ
664 574 700 644 δὲ
721 569 946 664 ἀπειπάμενος
960 570 1021 665 τὴν
1034 570 1115 657 ὄψιν
1133 579 1257 664 ἔπεμπε
1272 572 1405 664 vivaco

208 676 360 770 πομπὴν,
377 674 414 750 εὐ
428 683 469 768 τῇ
484 676 525 768 δὴ
537 682 683 770 τελευτᾷ.

160 786 200 848 57
288 788 334 854 Oi
345 784 382 853 st
393 790 594 872 Γεφυραῖοι,
608 785 676 852 τάν
690 772 776 871 ἦσαν
789 787 824 853 oi
834 784 952 870 φονέες
966 787 1001 851 oi
1013 776 1209 870 Ἱππάρχου,
1224 778 1268 863 ὥς
1280 782 1346 871 μὲν

210 985 294 1055 [coni.
326 987 409 1036 etiam
439 984 565 1049 Aeschpl.
593 986 668 1036 Pers.
696 984 746 1035 221
800 983 847 1037 sed
866 983 968 1035 Thebis
986 998 1067 1049 quam
1084 985 1199 1035 maxime
1223 987 1260 1037 sit
1281 1001 1346 1051 pro·

209 1054 313 1122 seqq.]:
335 1056 369 1106 ad
389 1071 468 1120 quam
483 1049 679 1117 ἀπειπάμενος
695 1046 748 1120 τήν
799 1058 888 1122 prium
909 1070 941 1105 ao
959 1054 1113 1120 peculiare,
1135 1059 1218 1121 atque
1235 1072 1267 1106 ea
1281 1057 1348 1120 ipsa

208 1119 279 1187 ὄφιν
290 1127 372 1177 etiam
387 1127 522 1190 pertinere
537 1127 646 1192 opinor,
662 1141 748 1191 neque

208 1198 276 1248 adeo
292 1205 403 1260 spretam
420 1200 549 1257 visionem,
570 1196 618 1247 sed
632 1197 691 1246 eius
705 1211 750 1246 ex-

209 1270 359 1333 piationem
375 1271 402 1317 et
412 1257 650 1329 άποπροπιασμόν
663 1266 748 1317 innui.

207 1338 269 1387 Vid.
278 1337 432 1388 Casaubon.
440 1336 474 1386 ad
484 1335 666 1401 Theophrast.
676 1332 748 1400 [pag.

211 1409 259 1459 184
273 1405 343 1473 seq]
365 1413 394 1458 et
408 1406 551 1472 Spanhem.
566 1408 593 1456 in
610 1405 748 1470 Aristoph.

208 1476 384 1529 Ran.1379.“
400 1475 625 1528 Adasslomfield.
634 1478 661 1525 iu
670 1476 749 1526 Glos-

209 1563 263 1599 sar.
275 1547 310 1598 ad
324 1546 449 1611 Aeschyli
463 1549 537 1598 Pers.
553 1548 612 1598 207.
632 1546 751 1610 Hippar-

209 1618 275 1669 chus
294 1618 377 1682 igitur
395 1617 553 1681 expiatione
572 1616 636 1678 illa,
662 1615 749 1666 sacris

208 1686 267 1738 soil.
284 1687 483 1738 averruncandi
498 1685 563 1736 mali
582 1685 749 1737 imminentis

208 1772 292 1809 carras
305 1758 388 1808 iactis
401 1756 580 1822 precibusque
594 1755 706 1815 additis,
721 1752 749 1804 id

209 1845 238 1880 se
258 1828 379 1878 effecisse
399 1825 575 1892 opinabatur,
599 1831 630 1876 nt
651 1823 749 1875 malurn

208 1899 313 1948 somnio
328 1898 478 1948 indicatum
496 1896 597 1946 nullam
617 1897 644 1946 in
662 1896 750 1960 ipsum

208 1967 322 2018 haberet
341 1967 396 2016 rim
418 1982 505 2031 neque
526 1966 673 2031 quidquam
693 1980 750 2013 am-

209 2038 279 2102 plius
302 2042 397 2087 contra
419 2037 507 2101 ipsum
529 2035 635 2086 valeret
657 2033 752 2084 ullum·

209 2123 260 2171 que
271 2107 383 2155 haberet
396 2110 531 2157 eventum.
558 2106 655 2171 ltaque
667 2104 751 2155 verba

207 2168 401 2237 ἀπειπάμενος
418 2167 470 2239 τὴν
484 2165 555 2234 ὄψιν
571 2175 678 2225 valent:
698 2190 751 2224 rma

208 2249 381 2298 renunciasset
398 2248 513 2296 amanium
529 2261 551 2299 s.
569 2260 622 2295 cum
636 2248 752 2296 rosnaium

210 2316 267 2383 (vel
280 2318 370 2381 potius
385 2315 427 2377 id,
440 2316 512 2381 quod
525 2318 631 2366 aemuia
642 2319 751 2380 portcn-

209 2388 318 2437 deretur
328 2385 438 2449 malnm)
449 2387 532 2437 sarria
541 2387 622 2448 sactis
630 2401 752 2436 auman-

208 2467 292 2508 cussel
303 2458 408 2522 indeque
418 2457 487 2508 adse
496 2459 545 2506 iem
554 2456 614 2507 nihil
622 2458 752 2519 pertinere

209 2537 275 2580 esset
290 2536 370 2579 retus.
407 2527 450 2577 De
469 2528 553 2575 verbo
572 2519 752 2574 ἀπείπασθαι

210 2600 265 2649 dixi
277 2599 313 2649 ad
323 2596 584 2649 PlutarchFlamiu.
594 2599 618 2647 5.
631 2612 693 2661 pag.
702 2594 731 2643 91
744 2613 750 2653 ;

209 2669 282 2719 coni.
296 2672 437 2733 praeterea
447 2668 568 2717 Koeruer
579 2667 613 2716 ad
627 2664 750 2731 Euripid.

209 2736 390 2789 Andromach.
403 2736 445 2787 87.
457 2753 520 2802 pag.
531 2736 573 2786 26.
597 2736 696 2799 Negris
709 2750 750 2795 ea,

209 2824 289 2873 quam
306 2807 445 2865 dedimus,
467 2807 691 2870 interpretatione
711 2821 752 2856 re·

210 2880 283 2958 iacta
305 2878 345 2929 sic
365 2874 502 2938 explicare
522 2876 612 2957 locum
633 2874 753 2952 mavultg

209 2940 752 3080 άάιῖιῗξζῗῒῖιῖιέἶιῖάὶἴι’ἱῗάιιῖὲἷζ

209 3080 324 3149 άφίνων
336 3080 368 3134 τὸ
382 3078 505 3145 ὄνειρον.
532 3085 574 3135 Ad
586 3084 752 3135 locutionem

210 3152 315 3220 ἔπεμπε
337 3147 391 3219 τὴν
412 3148 531 3218 πομπὴν
552 3154 625 3207 coni.
646 3153 753 3214 Thucy-

210 3227 265 3279 did.
280 3227 332 3284 VI,
348 3227 382 3278 56
406 3224 466 3288 (ubi
484 3215 551 3281 roric
565 3216 618 3288 τὴν
633 3216 753 3284 πομπὴν

210 3289 388 3361 πέμψαντας)
402 3295 493 3359 ibique
503 3295 606 3360 Poppo.
615 3292 752 3344 Plutarch.

209 3367 292 3419 Phoc.
307 3364 350 3416 37.

396 3535 462 3586 Cau.
481 3536 568 3586 LVII.

246 3632 284 3690 Oi
299 3633 329 3690 di
347 3638 517 3705 Γεφυραῖοι]
536 3639 638 3705 Attigit
652 3638 752 3689 Suidas

799 1126 936 1176 hominnm
953 1125 1043 1187 natio,
1063 1140 1133 1189 quae
1149 1131 1214 1176 ante
1227 1127 1345 1176 Boeoto-

800 1211 858 1246 rum
871 1195 1017 1246 adueutnm
1030 1194 1100 1245 hanc
1112 1200 1212 1245 terram
1224 1197 1348 1246 tennerit

801 1265 938 1331 indigena,
946 1265 1016 1315 idem
1024 1266 1183 1316 Cadmeorum
1193 1265 1286 1316 tulerit
1295 1281 1346 1315 no-

801 1351 862 1386 meu
875 1341 931 1385 tum
945 1335 1047 1385 insede
1059 1350 1109 1385 ana
1119 1337 1259 1400 primitiva
1268 1336 1345 1386 arcis

802 1405 952 1467 Cadmeae,
975 1420 1044 1469 qnae
1057 1407 1222 1469 vocabatur,
1242 1406 1347 1456 tamin

800 1475 916 1526 coloniis
928 1473 999 1525 alias
1011 1475 1039 1524 iu
1051 1480 1137 1526 terras
1150 1475 1213 1526 hino
1226 1476 1346 1526 emissis.

800 1546 925 1612 Namque
944 1544 987 1594 vel
1002 1549 1112 1609 postera
1131 1551 1223 1597 aetate
1236 1547 1347 1611 spartis
1360 1596 1364 1601 ,

800 1615 968 1679 Athenisque
981 1616 1068 1665 tribus
1081 1616 1165 1667 luisse
1180 1617 1250 1667 idem
1266 1616 1348 1666 addit

800 1700 864 1736 vere
872 1685 1015 1747 Cadmeas,
1027 1686 1141 1750 Aspidas
1152 1690 1232 1753 atque
1243 1686 1348 1751 Gephy-

800 1771 890 1817 roeos,
905 1756 1001 1819 quibua
1012 1755 1192 1807 Athenienses
1203 1772 1282 1808 sacra
1292 1756 1346 1806 Ge-

801 1827 868 1876 reris
885 1824 1025 1884 Achaeae,
1045 1825 1078 1876 de
1097 1827 1197 1892 quibus
1218 1827 1290 1876 inira
1308 1826 1346 1887 V,

800 1896 849 1957 dl,
869 1894 1020 1945 debuerint.
1057 1897 1135 1957 Quae
1151 1897 1277 1960 speciosa
1296 1912 1348 1960 po-

800 1966 857 2016 tius
876 1980 956 2030 quarn
970 1980 1035 2014 vera
1053 1966 1087 2017 iia
1101 1966 1276 2023 videbuntur.
1296 1966 1349 2031 qui

801 2035 853 2096 iis,
870 2049 939 2099 qnae
956 2034 1117 2100 scriptorum
1135 2035 1187 2087 lide
1201 2037 1347 2101 dignorum

801 2105 966 2156 testimoniis
981 2105 1084 2155 tradita
1096 2107 1261 2170 accepimus,
1279 2105 1348 2156 sub·

802 2178 917 2225 stituere
945 2174 1038 2226 nolent
1066 2177 1246 2227 recentiorum
1272 2191 1349 2226 com·

803 2250 894 2295 menta
906 2243 991 2296 firmis
1008 2246 1160 2297 rationibus
1178 2252 1207 2296 et
1220 2251 1347 2296 veterum

803 2316 914 2366 testium
929 2316 1095 2367 auctoritate
1113 2316 1255 2366 destituta.
1289 2316 1348 2365 He-

802 2384 916 2435 rodotus
935 2387 1023 2445 enirn,
1047 2387 1118 2451 qnod
1136 2386 1292 2451 Gephyraei
1309 2402 1349 2436 cx

802 2455 911 2506 Eretria
930 2470 960 2505 ee
977 2460 1052 2505 ortos
1072 2471 1131 2506 esse
1147 2456 1349 2521 praedicabant

803 2524 987 2590 (peregrinam
999 2526 1082 2591 igitur
1095 2527 1206 2592 stirpem
1218 2526 1347 2576 reiicien·

802 2601 844 2646 tea
864 2595 1052 2661 Graecumque
1072 2611 1138 2660 prae
1162 2612 1192 2647 se
1210 2595 1347 2647 serentes:

802 2667 894 2730 inquo
907 2665 967 2729 ipso
978 2666 1098 2717 Graecas
1106 2671 1202 2731 gentes
1214 2667 1267 2716 sibi
1279 2664 1350 2714 mul-

802 2739 860 2785 tum
873 2733 1011 2799 placuisse
1023 2736 1217 2802 constat),his
1231 2735 1350 2801 opponit

802 2820 852 2866 ea,
867 2819 938 2870 quae
949 2808 1007 2870 ipsc
1017 2808 1104 2856 iterum
1115 2810 1251 2871 iterumque
1260 2807 1351 2855 misci-

803 2875 880 2925 tendo
895 2873 935 2934 (id
951 2877 1022 2927 eninr
1035 2880 1077 2925 est
1089 2868 1108 2924 ά
1118 2866 1350 2937 νυπυνθανόμε·

803 2942 864 3008 νος)
877 2944 994 2994 invenlt:
1013 2961 1081 3011 quae
1093 2947 1157 3012 quin
1168 2962 1233 2996 vera
1244 2946 1349 3003 habue-

802 3015 854 3076 rit,
876 3013 994 3064 dubitari
1016 3019 1120 3081 nequit.
1149 3018 1248 3081 ltaque
1262 3015 1349 3065 etiarn

804 3100 851 3146 ea,
867 3098 937 3148 quac
950 3084 983 3134 de
996 3086 1100 3136 Punica
1112 3084 1291 3136 Cadmeorum
1304 3086 1350 3133 in-

802 3155 888 3219 deque
907 3155 990 3204 etiam
1007 3156 1227 3222 Gephyraeorum
1242 3156 1350 3220 origine

803 3222 902 3285 tradit,
916 3225 957 3273 sio
968 3224 1041 3274 tradi
1053 3224 1154 3288 voluit,
1168 3231 1199 3275 ut
1211 3240 1260 3290 pro
1272 3224 1349 3275 veria

802 3293 983 3344 haberentur:
1008 3310 1097 3359 neque
1119 3294 1243 3360 equidem
1261 3292 1349 3344 ullam

802 3362 883 3412 video
907 3379 1019 3415 canaam
1041 3367 1158 3430 iustam,
1185 3380 1234 3415 our
1257 3365 1349 3414 minus

802 3448 868 3482 vera
884 3449 955 3484 nuuo
974 3434 1141 3495 habeantur,
1165 3435 1245 3485 modo
1262 3433 1349 3483 ullam

800 3502 940 3554 veteribus
953 3506 1135 3570 scriptoribus
1150 3503 1231 3556 fidens
1243 3503 1349 3555 habeas

801 3588 889 3638 neque
901 3577 1002 3625 temere
1016 3575 1171 3633 convellas,
1187 3590 1258 3639 quae
1269 3578 1348 3625 certa

802 3644 965 3706 scriptorum
979 3645 1123 3709 proborum
1140 3645 1191 3695 tide
1205 3647 1348 3694 constant.

211 3728 232 3763 s.
246 3727 272 3762 v.
286 3707 412 3773 Γεφυρῑς
426 3711 459 3763 Τ.
471 3713 493 3763 Ι.
509 3726 534 3775 p·
547 3710 599 3760 479
614 3715 642 3759 et
656 3709 753 3758 Aristi·
803 3713 1350 3776 QuaproptermalimabHerodotostare

211 3782 253 3831 dis
279 3781 363 3831 schol.
389 3795 452 3845 pag.
472 3781 503 3832 31
531 3781 574 3832 ed.
597 3776 752 3840 Prominet,
806 3782 1020 3848 Geplrprueosque
1035 3785 1202 3837 Phoenicum
1219 3785 1246 3833 iu
1261 3786 1349 3834 Roso-

212 3849 705 3917 quibuscumconi-Pseudoplutarch.
721 3847 754 3897 de
805 3853 872 3901 tiam
894 3854 1078 3911 inuressorum
1102 3860 1226 3920 posteros
1247 3853 1350 3904 habere

210 3920 342 3971 Herodot.
359 3920 469 3985 malign.
489 3936 549 3985 pag.
563 3920 652 3971 83011.
685 3919 754 3968 Atti·
805 3937 884 3987 quarn
905 3924 1014 3974 aliunde
1031 3924 1139 3975 eosdem
1158 3927 1296 3988 repetere,
1314 3928 1349 3974 ut

210 3992 251 4055 git
262 3990 541 4056 quoqueHerodotea,
553 3989 650 4054 quibus
658 3988 755 4039 Cadmi
804 3991 871 4041 iecit
887 3993 1010 4044 Mueller.
1028 3992 1047 4044 l.
1065 3993 1097 4057 l.,
1117 3994 1153 4044 ad
1174 4009 1252 4059 quem
1268 4008 1348 4044 acce-

210 4061 283 4112 illius
298 4062 376 4123 origo
388 4059 494 4110 Punica
513 4059 653 4123 arguitur,
675 4058 704 4108 C.
718 4059 751 4110 Ο.
805 4061 875 4111 dunt
890 4061 948 4113 iere
960 4063 1094 4114 Gerenius
1105 4065 1186 4129 Ling.
1199 4063 1348 4115 Phoenice.

210 4129 333 4182 Mueller.
348 4129 473 4180 Orchom.
485 4144 547 4194 pag.
559 4130 607 4178 117
623 4144 690 4192 seq..
705 4129 754 4177 ubi
804 4132 925 4182 Monam.
944 4148 1009 4198 pag.
1030 4133 1076 4184 lll
1091 4149 1165 4198 aeq,
1185 4134 1283 4184 Meiar:
1304 4133 1348 4183 De

212 4216 316 4252 omnem
326 4201 510 4249 narrationem
522 4198 654 4249 deCadmo
660 4198 753 4249 Poeno
804 4200 959 4264 gentilitate
969 4218 1029 4267 pag.
1038 4204 1082 4265 39,
1093 4202 1151 4253 alii.
1174 4205 1269 4268 Neque
1278 4218 1347 4253 sane

210 4272 286 4321 aede
297 4269 460 4322 Phoenicum
473 4268 581 4318 colonia
590 4266 698 4317 Thebas
708 4267 753 4317 de·
804 4271 914 4321 obstare
926 4276 1017 4336 putem
1030 4275 1117 4334 ipsum
1131 4274 1222 4338 gentis
1236 4289 1346 4336 nomen,

211 4340 294 4391 ducta
310 4340 338 4389 in
349 4341 491 4390 Boeotiam
504 4338 613 4388 dubiam
629 4337 754 4403 adeoque
804 4341 876 4406 qnod
898 4343 1022 4405 quamvis
1040 4344 1171 4394 Semitica
1191 4343 1276 4408 stirpe
1299 4343 1347 4394 dn·

211 4411 301 4461 liotam
314 4409 402 4462 videri
417 4408 573 4471 contendit,
593 4424 654 4459 curn
666 4408 756 4458 Cadmi
803 4415 876 4462 ctum
895 4412 1158 4478 videaturllitaigio
1176 4412 1349 4477 (Zeitschriit

212 4495 309 4532 nomen
333 4481 442 4532 minime
465 4477 575 4530 aliunde
599 4478 752 4543 advectum,
804 4480 831 4532 d.
847 4481 970 4535 deutsoh.
982 4483 1114 4549 Morgenl.
1127 4481 1277 4536 Gesollsch.
1296 4483 1346 4534 IX.
