2970 5128
530 430 712 494 nenne.
735 430 789 494 m.
808 442 930 499 ω-ω,
1019 408 1022 413 ⁴

1236 435 1297 499 337

97 608 297 690 ιισλιδίους
317 602 355 672 δὲ
369 599 469 684 αὐτὸς
482 602 597 692 λαβὸν
612 606 690 686 τοὺς
708 603 861 694 ἀριστέας
888 605 940 696 in
959 612 993 688 ἐς
1012 606 1050 677 τὸ
1075 605 1212 700 Ἡραῖον
1230 612 1296 681 θύ-

158 727 241 775 σων.
272 706 484 795 βουλόμενον
498 710 535 778 δὲ
550 705 653 777 αὐτὸν
666 710 769 779 θύειν
783 713 837 781 ἐπὶ
850 717 912 780 τοῦ
924 715 1041 800 βωμοῦ
1055 707 1073 781 δ
1088 712 1196 801 λερεῦς
1210 711 1298 803 ῦπη-

156 810 298 896 γόρευε,
320 809 386 898 φὰς
401 808 464 881 οῦκ
486 808 580 881 ὅσιον
598 811 684 882 εἶναι
704 817 803 906 ξείνην
816 811 938 884 αὐτόθι
958 813 1070 884 θύειν.
1106 812 1175 886 ddi
1190 824 1296 887 Κλεο·

155 915 262 1001 μένης
277 913 336 982 τὸν
354 917 426 1001 ἱρέα
448 918 582 985 ἐκέλευε
602 915 679 996 τούς
694 922 832 997 εἵλωτας
845 914 911 987 ῦπὸ
930 924 990 987 τοῦ
1010 924 1127 1006 βωμοῦ
1147 917 1296 1007 ἀπάγον-

153 1043 217 1095 τας
231 1021 452 1103 μαστιγῦσαι,
474 1021 529 1087 καὶ
544 1016 643 1099 αὐτὸς
661 1026 782 1090 ἔθυσε·
815 1019 954 1109 ποιήσας
974 1022 1130 1091 δὲταῦτα
1148 1022 1247 1113 ἆπηΐε
1263 1029 1295 1106 ές

156 1117 223 1207 την
238 1120 410 1207 Σπάρτην.
453 1120 674 1211 Νοστήσαντα
687 1126 727 1193 δέ
742 1152 801 1212 μιν
814 1120 946 1212 ὑπῆγον
957 1130 992 1196 ολ
1008 1128 1122 1215 ἐχθροὶ
1136 1124 1204 1196 ὑπὸ
1217 1126 1343 1208 wisse

155 1222 322 1309 ἐφόρους,
351 1223 498 1311 φάμενοί
521 1254 580 1314 μιν
602 1227 883 1329 δωροδοκήσαντα
911 1226 973 1297 οῦκ
997 1233 1086 1299 ἑλεῖν
1109 1229 1147 1300 τὸ
1166 1228 1295 1319 Ἄργος,

156 1323 466 1415 παρεὸνεῦπετέως
479 1357 537 1416 μιν
552 1332 650 1398 ἑλεῖν.
691 1327 726 1398 Ὁ
743 1336 783 1401 δέ
793 1352 854 1417 σφι
870 1336 976 1417 ἔλεξε,
992 1330 1069 1401 οὔτε
1085 1340 1116 1402 ελ
1127 1336 1295 1424 ψευδόμε-

155 1456 235 1513 νος,
249 1427 327 1498 οῦτε
342 1436 373 1497 εἰ
385 1427 514 1518 ἀληθέα
528 1435 652 1519 λέγων,
669 1439 754 1520 ἔχων
768 1438 945 1522 σαφηνέως
959 1435 1067 1505 εἶπαι·
1090 1440 1180 1519 ἔλεξε
1197 1434 1233 1506 δ’
1248 1429 1297 1507 ὧν

156 1532 326 1619 φάμενος,
346 1536 422 1602 ἐπεί
434 1561 469 1602 τε
485 1532 526 1620 δὴ
540 1535 577 1604 τὸ
590 1533 783 1625 τοῦ”Αργου
798 1537 873 1624 ίρδν
887 1532 970 1625 εἷλε,
993 1542 1124 1608 δοκέειν
1137 1544 1170 1607 ολ
1182 1544 1294 1628 ἐξελη-

146 1638 304 1705 λυθέναι
320 1635 378 1704 τὸν
396 1637 545 1726 χρησμὸν
567 1644 628 1707 τοῦ
649 1646 736 1709 θεοῦ

155 1859 196 1894 au
204 1844 279 1895 Prof.
291 1846 361 1896 Ress
371 1847 399 1894 iu
409 1844 496 1897 Helle.
517 1846 604 1896 Nebst
615 1847 702 1898 eiuem

156 1914 228 1964 Plau
239 1915 287 1966 des
296 1915 417 1965 Heriiou.
427 1914 508 1965 Halle
523 1917 608 1966 lew
618 1921 646 1967 et
658 1919 704 1966 Vi-

155 1984 252 2034 scher:
270 1985 469 2050 Briunerungg.
486 2000 535 2035 uus
547 1984 700 2037 Griechenl.

155 2069 224 2118 pag.
232 2052 283 2103 296
292 2070 368 2120 seqq,
385 2054 482 2119 ltaque
492 2069 563 2104 nnnc
575 2056 651 2105 unlla
661 2061 703 2105 est

156 2122 298 2173 dubitatio
311 2124 344 2173 de
357 2125 430 2185 loco,
444 2138 498 2187 qno
511 2124 647 2174 Heraeum
657 2141 702 2175 ex·

156 2198 294 2242 structum
304 2193 367 2255 fuit,
378 2196 405 2241 in
415 2192 619 2243 declivitatibus
628 2210 702 2245 mon·

155 2264 244 2324 tium,
262 2262 308 2327 qui
318 2264 450 2327 Argiuam
468 2261 610 2326 planitiem
628 2279 645 2313 u
661 2278 702 2316 se-

153 2332 313 2397 ptentrione
326 2332 447 2397 cingunt,
459 2331 532 2381 intre
545 2334 701 2383 vicosnunc

154 2402 281 2452 desertos
292 2400 384 2451 Plesia
396 2406 424 2453 et
433 2401 580 2465 Braserlrs,
593 2409 702 2467 septen-

155 2471 274 2521 trionem
283 2485 377 2521 versus
387 2487 403 2520 s
414 2472 475 2521 vico
483 2472 615 2534 Phenica,
631 2473 700 2523 adeo

155 2539 266 2590 atinde
281 2541 314 2590 sb
329 2541 411 2606 Argis
425 2540 470 2590 hic
486 2540 563 2592 locus
576 2543 701 2607 conspici

154 2611 268 2675 possit,
303 2609 339 2659 sd
369 2625 448 2675 quem
475 2616 553 2661 recta
579 2612 625 2661 vis
658 2627 700 2662 se·

153 2681 341 2745 ptentrionem
367 2694 462 2731 versus
489 2681 575 2731 ducit.
623 2679 701 2731 Cleo·

153 2764 249 2800 menes
266 2751 351 2813 igitur
372 2765 434 2799 cum
452 2750 487 2799 ub
503 2750 567 2815 Argi
585 2748 647 2800 luco
665 2750 701 2800 ssd

153 2819 296 2870 Heraeum
318 2819 456 2881 tenderet,
488 2820 575 2884 ipsam
597 2820 702 2883 urbem,

155 2904 240 2954 quum
258 2893 288 2938 in
301 2904 378 2939 suem
396 2895 562 2954 potestatem
577 2890 701 2955 redigere

155 2959 232 3010 haud
258 2960 365 3023 potnit,
399 2959 574 3023 praeteriisse
604 2966 702 3023 putan-

154 3029 207 3080 dus
225 3034 267 3079 est
281 3029 429 3094 eodemque
446 3029 558 3089 itinere,
576 3044 629 3092 quo
643 3044 702 3093 per·

153 3104 273 3149 venerat
303 3114 457 3163 regressus,
492 3098 617 3163 Spartam
647 3099 702 3148 dis-

158 3169 253 3218 cessit.

192 3300 207 3355 ῦ
222 3299 301 3368 ι’ρεῦς
314 3299 473 3368 ἀπηγόρευε
487 3319 512 3356 κ.
527 3318 551 3353 τ.
565 3302 601 3367 λ.]
622 3303 702 3354 Cous.

154 3375 278 3426 Lobeck.
292 3374 469 3440 Aglaophsm.
483 3390 510 3439 p.
522 3375 589 3435 272,
607 3373 654 3422 ubi
666 3373 702 3423 si·

155 3446 235 3495 milis
248 3446 382 3510 quaedem
396 3444 545 3493 all'oruntnr
557 3457 571 3491 e
583 3443 702 3492 Graeco·

155 3531 217 3564 rum
228 3514 406 3580 religionibus
418 3519 445 3563 et
455 3512 551 3571 sacris,
562 3527 631 3576 qnae
642 3528 702 3562 cnm

156 3585 322 3650 alienigenis
341 3582 537 3634 communicari
555 3581 633 3631 nefas
656 3581 703 3632 ha·
736 3633 740 3641 ,

156 3655 269 3704 behem.
295 3654 471 3704 Sacerdotem
481 3667 546 3702 vero
559 3652 632 3716 quod
643 3667 703 3702 ver·

156 3723 270 3775 beribus
289 3723 362 3774 allici
382 3723 465 3774 iussit
483 3722 653 3782 Cleomenes,
676 3721 703 3771 id

158 3809 191 3844 eo
205 3796 320 3859 gravina
338 3793 426 3844 videri
446 3792 555 3851 debuit,
581 3806 641 3841 cum
658 3805 702 3839 se-

155 3864 283 3915 cerdotes
304 3864 415 3913 deorum
434 3861 551 3912 ministri
573 3865 601 3910 et
624 3859 703 3924 quusi

155 3934 256 3984 vicarii
276 3933 392 3998 indeque
415 3946 494 3982 sacro
514 3930 603 3981 sancti
621 3929 704 3979 lrabe-

156 4008 267 4065 rentur,
289 4001 363 4053 nullo
380 4002 460 4052 modo
474 3999 608 4061 violandi,
633 3999 702 4049 adeo

156 4079 190 4123 ut
202 4078 260 4123 tem
275 4073 355 4138 gravi
367 4071 467 4122 iniuria
477 4069 645 4121 sacerdotem
662 4068 703 4119 nf-

155 4141 239 4194 licere
254 4157 371 4207 eumque
387 4141 544 4191 verberibus
565 4141 703 4205 castigare

157 4228 293 4263 summurn
315 4211 392 4262 nolas
411 4210 569 4261 duceretur:
593 4208 649 4259 vid.
665 4208 704 4258 al-

155 4277 702 4332 lateeC.F.Hermanno:Gottesdienstl.

156 4351 277 4402 Alterth.
296 4354 321 4414 θ.
338 4350 380 4402 35.
394 4355 452 4401 not.
469 4350 486 4399 2
503 4365 579 4414 seqq.
599 4349 704 4414 praeei-

156 4437 212 4487 pue
225 4425 283 4472 not.
294 4421 320 4471 6.
332 4448 366 4456 -
376 4421 417 4470 De
427 4417 529 4485 duplici
542 4419 702 4469 accusativo

158 4485 224 4557 (τὸν
244 4484 308 4555 ἱρέα
328 4479 435 4539 ἐκέλευε
451 4484 519 4546 τοὺς
540 4484 656 4546 εἵλωτας
671 4515 704 4524 -

193 4594 363 4638 ΗΕΒΟΒΟΤ.
383 4594 432 4637 ΙΙΙ.

743 1663 750 1677 ·
784 1638 866 1727 πρὸς
888 1633 936 1711 ὦν
955 1646 1058 1710 ταῦτα
1082 1639 1122 1711 οῦ
1142 1647 1295 1713 δικαιοῦν

753 1846 941 1915 μαστιγοῦσαι)
966 1850 1073 1900 monuit
1092 1849 1220 1902 Kuehner
1247 1852 1293 1905 Gr.

754 1921 800 1971 Gr.
814 1923 838 1981 5.
852 1920 913 1971 llll.

912 2110 978 2160 (ise.
999 2109 1138 2161 LXXXII.

787 2220 900 2294 ὑπῆγον
910 2256 943 2265 -
954 2221 1012 2277 ῦπὸ
1023 2219 1090 2285 τοῦς
1104 2219 1238 2293 ἐφόρους]
1252 2229 1293 2280 De

752 2298 890 2349 locutione
905 2298 1021 2348 diximus
1036 2298 1072 2347 ad
1081 2298 1129 2358 VI,
1142 2299 1183 2347 72.
1213 2299 1293 2360 Quod

751 2369 787 2417 ud
801 2373 1005 2433 argumentum,
1029 2366 1097 2416 bene
1111 2366 1174 2416 hinc
1193 2367 1294 2417 intelli-

752 2440 841 2503 gitur,
861 2437 949 2502 quelis
969 2440 1022 2485 inm
1039 2435 1087 2485 ills
1098 2439 1191 2486 aetate
1210 2436 1293 2487 fuerit

751 2507 922 2572 Ephorerum
935 2510 1058 2570 potestus
1069 2505 1098 2554 in
1110 2503 1191 2555 rebus
1204 2506 1294 2570 publi·

752 2576 1011 2641 eisSpurtsnornm,
1026 2574 1169 2639 postmodo
1185 2575 1293 2626 velme-

751 2648 794 2712 gis
812 2652 908 2708 aucte,
927 2649 958 2694 ut
979 2645 1027 2711 qui
1042 2645 1118 2709 ipses
1137 2659 1215 2708 reges
1229 2652 1294 2695 ante

752 2715 871 2766 tribuual
889 2730 968 2765 suum
986 2728 1087 2766 vocare
1103 2727 1204 2779 eosque
1223 2730 1294 2764 com-

751 2785 917 2851 prehendere
937 2789 964 2833 et
983 2783 1156 2835 senatoribus
1173 2784 1208 2833 ad
1224 2783 1294 2835 sele-

753 2871 812 2906 mns
832 2855 962 2905 iudicium
983 2853 1098 2903 adscitis
1112 2853 1295 2903 condemnare

752 2926 900 2990 potuerint.
935 2922 1020 2973 Plura
1037 2922 1090 2974 huc
1112 2922 1146 2973 de
1164 2938 1193 2972 re
1212 2921 1242 2973 C.
1261 2922 1294 2973 Ο.

752 2993 882 3045 Mueller:
901 2995 968 3044 Dor.
984 2992 1023 3042 11.
1045 3009 1071 3058 p.
1096 2990 1158 3054 118,
1179 2992 1294 3043 Wacha·

753 3063 842 3113 muth:
861 3062 967 3113 Hellen.
980 3061 1176 3112 Alterthumsk.
1191 3062 1213 3112 1.
1231 3078 1293 3128 pag.

753 3134 812 3183 end.
827 3134 893 3193 691,
908 3131 937 3185 C.
954 3133 986 3182 F.
1002 3132 1153 3181 Hermann:
1183 3131 1292 3182 Griech.

753 3202 959 3253 Staatssllertlr.
980 3204 1004 3264 ς.
1023 3203 1067 3252 44.
1086 3206 1144 3251 not.
1157 3200 1186 3265 6,
1205 3200 1295 3251 Luch-

754 3288 849 3321 menn:
863 3272 992 3337 Sparten.
1004 3269 1215 3322 Stuatsverlass.
1228 3286 1292 3336 psg.

753 3342 804 3392 216
823 3358 898 3407 seq,
917 3340 1040 3391 Gabriel:
1066 3342 1107 3390 De
1126 3341 1291 3406 magistrati.

753 3411 948 3462 Lacedaemon.
966 3424 1026 3476 pag.
1043 3408 1082 3460 13.
1109 3410 1228 3460 Verbum
1240 3407 1294 3457 δω-

754 3478 886 3544 ροδοκεῖν
898 3482 1039 3544 attigimus
1054 3478 1089 3527 ed
1104 3479 1157 3539 VI,
1179 3480 1226 3541 72,
1247 3478 1293 3528 ubi

754 3551 836 3600 etiam
860 3551 894 3600 de
913 3563 980 3601 voce
1000 3541 1117 3609 παρεόν.
1149 3538 1222 3597 έλεῖν
1250 3538 1293 3612 (τὸ

747 3613 855 3685 Ἄρρος)
869 3634 929 3669 cnm
942 3616 1077 3667 Bredovio
1092 3632 1152 3681 pag.
1166 3618 1217 3668 325
1230 3617 1295 3666 scri-

755 3692 797 3754 psi
809 3687 971 3739 eSuncrofti
981 3686 1049 3736 libro
1060 3702 1107 3750 pro
1117 3686 1189 3752 vulg.
1198 3676 1293 3749 ἑλέειν,

753 3759 833 3825 idque
852 3775 884 3808 eo
902 3757 1004 3822 magis,
1026 3771 1087 3806 cum
1104 3757 1232 3807 continno
1251 3770 1293 3806 se-

754 3834 866 3892 quatur:
886 3817 994 3889 παρεόν
1009 3852 1041 3861 -
1059 3815 1073 3874 ε’
1078 3824 1132 3874 ies*
1136 3841 1152 3874 ν
1168 3827 1197 3875 in
1211 3826 1295 3876 omni·

753 3899 805 3949 bus
821 3898 900 3949 codd.
913 3902 987 3947 recte
1001 3894 1159 3948 exhibitum.

783 3991 816 4050 ‘0
827 3996 859 4050 δέ
875 4013 924 4062 σφι
941 3992 1025 4063 ἔλεξε]
1047 4001 1124 4062 Quae
1136 3999 1198 4064 ipsa
1215 3998 1296 4065 pluri-

753 4071 804 4120 bus
824 4070 937 4121 vocibus
961 4071 1113 4120 interiectis
1140 4084 1201 4119 mox
1220 4083 1295 4133 repe·

754 4145 849 4191 tnnlnr
867 4140 957 4189 verbis
974 4132 1070 4199 ἔλεξε
1089 4130 1118 4186 δ’
1132 4125 1173 4186 (δν
1189 4129 1295 4202 φῦμα·

755 4224 828 4269 νος,
849 4210 881 4260 de
894 4225 948 4274 que
969 4208 1076 4259 dicendi
1089 4206 1205 4259 formula
1221 4205 1294 4256 conf.

754 4285 824 4332 nott.
842 4280 876 4328 ad
891 4279 928 4339 V,
944 4280 976 4330 18
991 4283 1019 4330 et
1035 4279 1069 4328 de
1081 4292 1132 4327 usu
1147 4274 1296 4341 particule-

754 4365 813 4400 πω
828 4339 856 4397 s'
876 4335 916 4397 ὠν
934 4349 971 4399 ef.
991 4352 1060 4398 non.
1074 4346 1110 4396 ae
1127 4345 1187 4405 111,
1205 4344 1247 4394 so.
1261 4345 1295 4403 v,

754 4420 797 4472 50.
827 4418 868 4468 Ad
881 4408 1079 4481 ἐξεληλυθέναι
1092 4413 1163 4465 conf.
1180 4417 1250 4464 nott.
1261 4414 1296 4463 ad

754 4490 804 4556 vl,
816 4488 864 4550 80,
885 4492 913 4539 et
925 4487 959 4539 ad
974 4481 1101 4535 desereris
1113 4483 1162 4545 VI,
1179 4484 1221 4535 73.

1058 4568 1099 4631 22
