2970 5128
461 365 639 428 ERATO.
667 364 722 429 Vl.
744 373 786 431 76.
810 372 854 430 77.

240 525 317 596 Ἀλλ’
334 528 406 596 ὅταν
421 527 441 613 ἡ
458 532 568 613 θήλεια
583 528 633 596 τὸν
652 531 761 616 α’ἱρσενα
779 531 925 615 νικήσασα
1027 556 1030 560 ’

244 632 378 722 ἐξελάσῃ,
399 635 451 697 καὶ
466 637 557 711 κῦδος
572 636 604 698 ἐν
622 629 797 720 Ἀργείοισιν
811 628 933 716 ἄρηται,

128 799 192 854 Ἀλλ’
205 796 275 854 ὅταν
288 796 419 870 ήθήλεια
428 821 453 855 ιι.
465 822 490 860 τ.
503 805 540 872 1.]
561 808 630 857 Tres
680 811 725 856 tus
740 804 812 855 haud
824 806 1091 865 commemoraverit,
1109 804 1222 855 difficile

101 879 196 941 priores
215 891 312 926 versus
326 876 432 926 oraculi
445 875 509 927 hinc
521 877 631 927 exhibet
680 877 774 940 ntique
796 875 885 925 dictu:
910 877 973 925 odio
992 878 1020 925 in
1038 879 1155 939 Argivos
1174 876 1223 924 du·

101 948 174 997 Pana.
190 946 231 1006 11,
247 947 290 995 20.
304 948 329 1008 ς.
346 946 377 1005 8,
397 946 517 1010 itemque
531 946 631 997 Suidss
680 951 770 1007 ctum,
792 947 839 1008 qui
860 945 929 996 male
946 947 1083 1009 gesserint
1108 950 1136 994 et
1160 960 1221 994 cum

101 1031 121 1065 s.
132 1031 156 1064 r.
172 1013 319 1063 Terretur«
333 1016 386 1065 111.
400 1031 427 1079 p.
447 1018 508 1070 442.
534 1018 631 1066 Acau-
679 1016 771 1065 Persis
785 1017 1004 1079 conspiraverint
1018 1015 1146 1066 bellorum
1157 1015 1223 1064 Per·

101 1085 205 1149 prelll,
221 1083 252 1134 19
270 1083 385 1135 alteram
402 1084 508 1136 oraculi
525 1091 631 1151 partam
681 1088 798 1135 sicornm
818 1086 984 1149 temporibus
1007 1085 1074 1150 (rid.
1088 1084 1221 1135 Herodot.

101 1155 131 1203 ad
155 1154 275 1205 Milesios
305 1160 476 1220 spectantem
507 1156 629 1219 legimns.
681 1154 743 1217 Vll,
758 1153 807 1205 148
821 1156 920 1219 seqq),
936 1155 1063 1205 Nostrum
1076 1153 1144 1204 haec
1158 1169 1222 1204 con·

100 1222 243 1289 adscripsit
271 1223 360 1276 adh.
387 1223 405 1274 l.
433 1226 631 1289 Wesselinpius:
681 1223 754 1275 auito
778 1223 902 1275 omisisse
928 1227 1085 1289 suspicatur
1107 1225 1145 1274 Le
1166 1224 1221 1272 Bas

101 1293 255 1356 „Caeterum
270 1292 389 1359 Pythiae
404 1292 456 1345 hoc
472 1310 632 1359 responsum
683 1293 871 1358 (Monuments
896 1293 1061 1358 dantiquitei
1085 1293 1162 1358 figur.
1188 1293 1222 1342 de

101 1363 270 1413 exHerodoti
284 1364 444 1413 narratione
458 1364 567 1443 planum
578 1379 633 1414 non
682 1360 773 1413 Mores
790 1361 828 1411 ΙΙ.
850 1378 874 1427 p.
890 1364 1009 1429 litaeqq
1030 1362 1117 1427 notr)
1134 1377 1222 1426 neque

100 1437 143 1481 est.
181 1432 317 1513 Quorsum
346 1435 417 1482 eninr
441 1425 551 1482 drev‘
537 1448 554 1497 η
578 1426 633 1496 θή·

100 1502 151 1550 Ιεια
162 1496 210 1550 ιὸα
223 1492 332 1565 ἄρσενα
345 1495 483 1566 νικήσασα
491 1495 632 1568 Εξελαίσῃ.

100 1572 244 1622 Praeterita
259 1571 479 1623 snatTelesillae
490 1572 633 1622 documen

100 1647 125 1690 ta
135 1641 241 1691 virtutis
251 1646 280 1691 et
292 1640 461 1706 prudentiae,
471 1641 567 1707 quibus
578 1658 634 1691 ma-

100 1715 182 1760 tronas
189 1713 364 1776 Argivorum,
379 1717 409 1760 ut
419 1712 534 1776 sumptis
549 1714 632 1760 armis

100 1780 182 1829 urbem
208 1786 389 1846 protegerent
409 1779 633 1846 Cleomenemque

100 1856 123 1901 et
133 1849 450 1914 invadentestlpartanos
463 1850 633 1915 repellerent,

100 1920 234 1983 animavit,
252 1921 375 1986 petenda
391 1935 424 1969 ex
437 1921 577 1970 Pausania
593 1921 632 1983 11,

100 1988 155 2039 ²0.“
173 1990 305 2040 Tradunt
318 1990 389 2039 euim
403 1990 557 2040 Pausanias
570 1990 588 2039 l.
604 1991 632 2052 1,,

100 2057 186 2109 Suidas
196 2058 214 2111 l.
222 2058 399 2121 l.,Plutarch.
408 2060 449 2109 De
460 2060 566 2110 virtutt.
576 2075 635 2109 mu·

100 2128 162 2177 lierr.
178 2129 209 2178 T.
222 2129 261 2182 Il.
278 2144 346 2194 pag.
361 2130 451 2190 2451),
467 2130 491 2179 E
505 2127 565 2195 (nbi
577 2129 632 2179 vid.

100 2198 301 2262 lllyttenbachii
318 2199 521 2250 Animadversa.
545 2199 588 2259 ΙΙ,
608 2199 631 2249 1.

99 2282 152 2332 pag.
164 2268 201 2333 7),
215 2269 352 2334 Polyaen.
367 2268 443 2331 Vlll,
456 2268 498 2328 33,
510 2268 633 2318 Clemens

98 2336 234 2390 Alexandr.
250 2340 401 2389 Strumatt.
414 2338 469 2400 lv,
488 2337 533 2402 19,
556 2336 634 2388 Cleo-

100 2421 180 2457 nenss
203 2423 265 2459 cum
298 2407 333 2457 ad
356 2409 450 2458 urbem
481 2406 634 2469 accederet,

100 2478 208 2540 quamsi
218 2482 401 2542 expugnaret,
414 2481 470 2526 tum
478 2476 634 2527 Telesillam

99 2548 232 2609 poetrianr,
245 2547 433 2612 virishrgivis
444 2548 473 2595 in
485 2561 578 2611 pugna
588 2561 634 2596 oc-

682 1439 773 1481 tamen
787 1431 850 1481 inde
863 1433 895 1482 de
906 1434 1023 1483 veritate
1036 1448 1137 1494 eorum,
1150 1447 1222 1496 quae

681 1502 716 1551 de
731 1501 859 1552 Telesilla
875 1501 1222 1566 traduntu1,dubitandnm

682 1585 752 1632 esse,
759 1576 833 1620 recte
843 1572 941 1621 statuit
950 1573 1021 1623 idern
1027 1572 1066 1620 Le
1074 1574 1128 1620 Bas
1137 1576 1221 1635 atque

682 1641 715 1692 F.
728 1641 824 1690 Neue'
817 1656 844 1689 m
860 1642 1009 1691 Commeat.
1029 1641 1062 1689 de
1076 1640 1222 1691 Telesiltae

682 1712 802 1775 Argivae
811 1710 933 1776 reliquiis
945 1709 1074 1776 (Dorpat.
1087 1708 1176 1773 lere.)
1192 1726 1220 1775 p.

682 1782 710 1829 4:
736 1780 832 1843 quibus
848 1796 957 1845 prorsus
970 1780 1094 1846 equidem
1110 1779 1221 1843 accedo,

683 1863 805 1911 causam,
819 1864 850 1899 ex
863 1866 917 1915 qua
932 1851 1001 1900 talia
1014 1849 1087 1915 apud
1099 1849 1222 1899 Herodo-

682 1922 739 1967 tum
760 1927 872 1969 narrata
891 1920 964 1970 haud
983 1921 1174 1984 inveniantur,
1192 1921 1222 1969 in

684 1987 1222 2055 mediorelinquendamesserstns,cum,

683 2058 737 2106 nisi
749 2059 841 2108 omnia
851 2075 892 2109 me
903 2059 1011 2123 fallunt,
1022 2060 1179 2110 Herodotus
1192 2060 1221 2108 in

683 2127 735 2177 hac
760 2133 819 2176 tota
843 2132 999 2181 narratione
1025 2129 1058 2181 de
1078 2128 1222 2180 Cleomene

683 2202 767 2262 atque
780 2198 888 2263 Argivis
900 2201 980 2263 plane
995 2198 1071 2250 aliud
1086 2200 1150 2264 quid
1162 2215 1223 2264 spe·

682 2269 814 2330 ctaverit,
834 2269 867 2319 de
885 2284 937 2333 quo
957 2271 1013 2321 vid.
1037 2273 1105 2318 nott.
1124 2269 1160 2318 ad
1174 2270 1222 2331 Vl,

682 2338 725 2389 84.
750 2337 848 2387 Moneo
865 2339 899 2387 ob
913 2339 944 2390 C.
959 2338 991 2387 0.
1004 2338 1127 2389 Mueller.
1142 2337 1219 2402 (Dor.

682 2406 706 2456 Ι.
720 2422 747 2470 p.
763 2407 812 2457 173
827 2406 888 2459 coll.
904 2409 941 2457 ll.
958 2424 983 2472 p.
996 2406 1069 2469 375),
1084 2408 1131 2471 qui
1144 2408 1223 2456 labu-

682 2475 770 2525 losam
785 2475 908 2539 perhibet
924 2478 1108 2527 narrationem
1124 2476 1157 2527 de
1171 2477 1223 2526 Te·

682 2544 770 2595 lesilla
789 2550 873 2610 atque
887 2561 990 2597 omnem
1005 2546 1075 2595 hanc
1089 2545 1224 2595 Herodoti

99 2616 164 2680 cisia,
174 2617 296 2682 Argivas
309 2616 433 2667 mulieres
447 2618 590 2679 excitasse,
603 2621 633 2665 ut
681 2614 824 2665 historiam
837 2615 904 2664 dicit
917 2617 1020 2677 mbam,
1032 2630 1082 2665 nec
1094 2615 1147 2664 sibi
1159 2630 1223 2664 con·

100 2700 166 2734 aram
184 2690 320 2751 caperent
331 2686 535 2751 Spartanosque
548 2684 634 2750 repel-

88 2751 188 2816 ‘lerent3
210 2756 299 2822 idque
320 2761 404 2805 etiam
420 2755 562 2806 mulierum
579 2756 634 2805 vir-

100 2828 151 2875 tute
167 2824 299 2876 effectum
317 2840 387 2875 esse.
410 2826 565 2876 Herodotus
576 2823 635 2875 nul-

100 2892 146 2942 lam
163 2894 230 2945 iacit
243 2896 414 2945 mentionem
430 2895 508 2945 huius
526 2895 583 2956 rei,
599 2892 634 2943 ad

100 2978 172 3045 quem
185 2965 296 3015 oraculi
307 2965 392 3015 rerba
403 2969 528 3029 spectare
541 2930 635 3012 viden·

100 3040 145 3095 tur,
158 3035 185 3083 in
197 3036 301 3100 quibus
312 3053 330 3097 ή
320 3025 448 3098 ’θήλεια
462 3035 556 3099 utique
569 3033 635 3083 licet

99 3102 239 3183 intelligere
268 3102 308 3153 de
332 3102 461 3154 Telesilla
480 3109 563 3168 atque
583 3095 634 3151 τὸν

98 3184 192 3235 acerra
203 3174 236 3224 de
250 3173 401 3224 Cleomene
412 3173 534 3223 mulieris
547 3173 636 3222 consi-

101 3240 135 3291 lio
147 3249 173 3293 et
186 3245 293 3294 virtute
310 3243 435 3293 devicto:
464 3259 534 3325 quae
552 3243 635 3292 tertio

101 3312 387 3393 rersnPythiaedicit:
395 3310 501 3369 πολλὰς
509 3306 635 3375 Ἀργείων

102 3373 295 3446 ἀμφιδρυφέας
316 3376 380 3431 τότε
400 3374 501 3446 θήσει,
526 3397 559 3431 ea
574 3397 635 3446 spc-

102 3455 167 3503 etare
183 3458 315 3517 poterunt
330 3450 366 3501 ad
380 3451 483 3501 luctum
490 3465 564 3516 ,quo
579 3450 637 3500 affi-

103 3520 199 3572 cientur
220 3522 353 3573 mnlieres
371 3522 503 3586 Argivae,
524 3535 636 3587 quorum

103 3591 193 3655 mariti,
206 3598 319 3656 patres,
331 3592 432 3642 fratres
446 3591 474 3640 in
489 3606 580 3656 pugna
593 3605 638 3640 oc-

104 3659 147 3710 cisi
159 3661 271 3712 luerunt
285 3661 452 3712 aOleomene
466 3661 638 3726 atqucSpar·

104 3730 177 3782 tanis.
207 3733 280 3784 Utut
297 3732 398 3783 statuis
414 3730 447 3780 de
464 3730 575 3780 oraculo
590 3745 638 3778 an-

103 3797 187 3863 cipiti,
210 3816 284 3867 quae
301 3801 336 3851 de
348 3798 478 3851 Telesilla
493 3800 638 3850 memoriae

103 3869 201 3930 prodita
209 3878 284 3934 suut,
297 3885 331 3921 ea
343 3869 448 3920 demum
458 3875 520 3935 post
533 3870 638 3920 cladem

102 3937 256 4004 Argivorum
287 3940 407 3991 virorum
433 3940 468 3990 ab
493 3940 636 3991 Herodoto

103 4021 157 4072 cap.
178 4010 295 4062 tta-82
320 4016 475 4059 enarratam
502 4010 637 4060 accidisse

103 4078 217 4139 putanda
229 4083 320 4140 erunt,
333 4094 394 4129 cum
406 4080 467 4145 ipsa
483 4079 532 4129 illa
544 4078 638 4128 clades

104 4145 252 4199 Telesillam
260 4149 396 4199 excitaret
404 4149 639 4214 mulieresqneAr

103 4215 184 4280 giras,
200 4224 318 4269 uterina
331 4225 460 4283 caperent
473 4224 556 4284 atque
564 4217 641 4269 Cleo

104 4284 200 4337 nehem
212 4288 307 4338 urbem
324 4288 514 4353 adgressmnm
528 4287 640 4353 repelle-

103 4362 167 4403 rent.
193 4357 274 4418 Qnod
289 4357 434 4408 Telesillae
452 4365 536 4422 atqne
549 4359 640 4407 mulie·

104 4438 158 4474 rum
167 4426 331 4494 Argirarum
342 4427 452 4480 facinus
461 4443 509 4479 cur
518 4427 641 4479 Herodo-

683 2699 777 2749 gruam
798 2684 841 2735 vel
864 2701 911 2746 eo,
932 2687 1004 2750 quod
1021 2685 1101 2750 primi
1120 2684 1223 2734 oraculi

683 2769 779 2805 versus
787 2769 875 2818 ‚quos
889 2723 923 2805 sd
939 2771 994 2805 rem
1012 2754 1148 2820 quandam
1163 2769 1224 2819 spe-

683 2830 759 2874 ctare
773 2829 878 2889 pateat,
893 2825 1132 2905 nonexplicentur.
1156 2824 1224 2874 Inde

683 2894 755 2943 idem
768 2894 888 2959 quaerit,
910 2911 973 2944 num
990 2911 1008 2959 η
1000 2886 1126 2960 θήλεια
1142 2893 1225 2944 1οιιί-

684 2970 733 3013 tan
747 2965 780 3013 ad
790 2964 920 3015 Iunonem
931 2970 1052 3029 spectet:
1065 2966 1098 3015 de
1106 2979 1160 3029 quo
1169 2979 1225 3013 me·

683 3034 737 3083 rito
751 3033 861 3082 dubitet
873 3035 912 3085 Le
926 3035 980 3083 Bas
994 3034 1012 3083 l.
1026 3034 1043 3084 l.
1068 3034 1167 3084 Adl
1122 3035 1167 3084 Tel
1167 3035 1224 3084 esil-

684 3105 733 3153 lcm
745 3103 847 3153 referre
857 3103 1025 3169 probabilius
1037 3108 1111 3153 certe
1120 3103 1226 3154 videbi·

684 3177 737 3222 tur.
768 3173 811 3222 De
822 3173 884 3237 ipsa
896 3173 1025 3224 Telesilla
1039 3175 1152 3239 eiusqne
1164 3188 1225 3224 car-

684 3240 802 3291 minibus
814 3249 943 3293 accurate
955 3242 1108 3309 disputavit
1119 3245 1194 3294 Neue
1205 3242 1224 3293 1.

684 3312 719 3371 1.;
742 3311 805 3362 add.
819 3312 918 3362 Ulrici:
944 3313 1041 3364 Gesch.
1061 3314 1108 3364 der
1126 3313 1224 3365 hellen.

685 3348 853 3432 chhtkuust
864 3384 901 3433 ΙΙ.
913 3398 976 3447 pag.
992 3385 1042 3434 567
1054 3389 1122 3447 not,
1136 3382 1224 3433 Bode:

687 3450 782 3501 Geseh.
798 3450 825 3502 d.
839 3451 937 3503 hellen.
948 3453 1061 3507 Dichtlr.
1073 3455 1111 3515 11,
1123 3455 1147 3504 2.
1160 3468 1225 3517 pag.

688 3522 728 3572 ll.
748 3520 797 3571 118
807 3536 863 3587 seq.
883 3523 1006 3572 Pertinet
1022 3523 1084 3573 inde
1097 3522 1226 3572 Telesilla

687 3591 722 3640 ad
735 3589 844 3657 Olymp.
861 3592 979 3654 LXVII,
994 3592 1010 3643 3
1026 3594 1085 3643 sive
1096 3593 1149 3643 510
1162 3596 1226 3640 ante

687 3658 749 3710 Chr.
774 3676 815 3719 ιι.,
840 3676 893 3726 quo
912 3676 983 3711 anno
1005 3661 1073 3713 haec
1091 3660 1228 3711 accidisse

688 3732 798 3780 omnino
814 3730 937 3795 putanda
959 3737 1030 3782 sunt.
1069 3733 1147 3794 Quae
1170 3729 1226 3779 alia

686 3800 722 3849 ad
756 3800 860 3850 oraculi
897 3815 1006 3851 sensum
1038 3801 1228 3866 explicandum

687 3875 854 3920 commentus
866 3869 1022 3921 estSehoell
1033 3871 1073 3935 (in
1085 3878 1155 3921 nott.
1169 3885 1228 3920 ver·

689 3940 804 3989 naculae
815 3941 949 3990 versionis
958 3941 1090 3991 Herodot.
1100 3941 1135 3991 ad
1145 3940 1171 3993 h.
1184 3938 1227 4005 1.),

688 4025 787 4059 escum
798 4010 942 4059 obscurum
953 4011 1058 4061 oraculi
1067 4026 1174 4061 sensum
1184 4008 1230 4060 rel

688 4080 869 4130 obscuriorem
882 4078 994 4131 reddere
1005 4081 1160 4144 videantur,
1172 4093 1229 4129 ma-

688 4148 735 4198 lim
748 4148 845 4214 apud
837 4164 925 4228 ipsum
936 4149 999 4215 legi.

734 4216 871 4275 κῦδος-
835 4208 1000 4284 —cqqrarl
1027 4219 1173 4269 Homerica
1190 4217 1229 4267 lo·

688 4290 778 4351 cutio,
796 4304 865 4354 quse
879 4288 954 4340 valet
943 4292 1071 4354 tploriam
1084 4295 1229 4350 reportare,

689 4358 810 4421 esserra·
835 4358 868 4409 de
889 4374 943 4423 qua
959 4359 1015 4411 vid.
1028 4357 1165 4407 Dnucanii
1178 4356 1229 4405 Le-

689 4429 743 4479 xic.
758 4443 775 4477 a
789 4429 866 4480 Rost.
879 4428 980 4478 editum
995 4427 1016 4477 1.
1038 4444 1063 4492 p.
1078 4429 1122 4480 42.
1150 4425 1230 4481 Cous.
