2998 5138
434 388 806 492 TERPSIOHORs.
830 393 866 451 V.
889 403 915 455 3.
938 410 962 454 4.
1249 401 1267 458 7

124 566 258 631 ποιεῦσι
279 560 410 630 τοιάδε·
439 560 497 631 τὸν
518 562 580 651 μὲν
599 561 779 652 γινόμενον
792 562 1016 654 περιιζόμενοι
1036 575 1072 638 ol
1081 569 1265 661 προσήκον-

123 783 191 861 Iord:
202 784 355 834 aditionem
367 784 462 834 nescio
476 784 548 834 unde
563 785 675 850 irrepsit
725 800 809 837 saeue
826 787 855 837 in
868 789 997 855 Epitaph.
1012 792 1139 857 Procopii
1153 810 1215 861 pag.
1232 798 1262 846 21

122 867 294 918 γενομενον,
308 869 368 903 cum
381 857 457 903 recte
467 856 627 919 impressum
637 856 674 904 sit
725 855 767 905 ed.
788 857 967 923 Boissoned.‚
994 864 1181 928 transscripsit
1203 866 1265 917 Sto-

122 915 349 986 ιὶιιογινόμενον.
387 925 511 990 Namque
530 925 556 972 in
570 924 622 974 hec
634 923 674 975 le·
723 925 808 975 basus
821 927 904 991 CXX,
916 928 958 981 33.
970 945 1033 995 pag.
1047 933 1108 983 603.
1122 935 1154 983 T.
1169 936 1221 985 III.
1236 952 1262 999 p.

121 994 213 1044 ctione
229 1008 325 1043 omnes
339 992 404 1042 libri
422 999 449 1042 et
467 994 563 1059 scripti
583 999 611 1045 ct
625 995 671 1043 im·
723 995 1263 1068 472Geisf.‚eodenrqrrepertinent‚quae

121 1065 210 1128 pressi
222 1065 404 1113 conveniunt.
724 1081 757 1114 ex
769 1066 908 1131 Euripidis
921 1068 1087 1135 Cresphonte
1098 1073 1126 1122 in
1133 1074 1262 1123 Latinum

156 1133 236 1195 Quod
246 1132 335 1183 totius
345 1132 398 1183 loci
408 1136 595 1197 argumentum
605 1132 672 1181 atti·
723 1150 873 1186 sermonem
886 1154 1019 1189 conversa
1033 1143 1156 1193 servavit
1166 1143 1261 1194 Cicero

120 1208 176 1267 net,
189 1203 351 1253 Herodotee
362 1203 458 1267 attigit
468 1201 608 1252 Chorieius
617 1202 671 1253 Ga·
722 1203 843 1257 Tusculi.
858 1208 882 1269 1,
895 1208 938 1260 48.
952 1212 975 1272 §-
989 1211 1053 1261 tlt:

380 1301 450 1347 „Nem
465 1311 505 1339 uos
520 1298 621 1349 decebat,
637 1305 711 1340 coctus
725 1301 871 1351 celebrantes,
888 1305 977 1347 domum

379 1352 476 1402 Lugcrc,
491 1350 526 1391 ribi
541 1356 598 1391 essct
611 1351 689 1403 uliquis
703 1353 724 1391 iu
740 1353 808 1395 lucem
824 1354 906 1406 editus,

377 1403 489 1442 lluursnae
504 1403 561 1442 ritae
575 1404 636 1442 veris
649 1410 775 1463 reputantes
790 1406 855 1447 mele:

379 1456 419 1501 m,
434 1454 471 1505 qui
486 1453 571 1493 labores
584 1460 654 1493 morte
668 1456 751 1496 linisset
764 1469 854 1507 graves,

377 1504 440 1545 liuns
454 1505 513 1544 omni
530 1504 611 1545 etnicos
624 1505 688 1546 laude
703 1511 724 1547 cl
738 1508 821 1549 laetitia
835 1510 950 1561 exsequi.¹‘

116 1595 173 1645 Ubi
183 1593 241 1643 vid.
254 1593 354 1644 Duris.
373 1591 443 1643 hauc
453 1591 592 1656 Euripidis
609 1607 668 1642 seu·
719 1594 754 1643 bu
782 1595 1039 1655 inconsentiens,
1073 1615 1090 1648 a
1112 1602 1259 1651 Lactantio
1346 1612 1350 1618 “

118 1665 236 1714 tendam
245 1663 370 1728 pluribus
379 1662 569 1714 illustrantem.
585 1662 669 1712 Gree-
718 1662 794 1727 (Uir.
808 1665 901 1715 lussit.
911 1667 964 1725 111,
979 1668 1017 1716 lli.
1030 1673 1055 1729 ς.
1067 1670 1107 1718 14.
1120 1684 1182 1734 pag.
1195 1670 1259 1734 304)

9 1763 15 1781 .
117 1734 306 1798 aaEuripidis
327 1732 412 1782 rerba
430 1732 581 1782 attuleruut
601 1732 667 1782 Sex·
717 1737 841 1783 serrata:
859 1736 940 1796 „Non
952 1737 1118 1801 usscilonge
1127 1742 1260 1803 optimum

118 1810 162 1854 tus
175 1804 350 1867 Empiricos,
369 1802 493 1852 Clemens
505 1800 665 1852 Alexandri·
716 1803 810 1852 necin
826 1802 876 1854 hos
895 1805 1021 1869 scopulos
1038 1807 1157 1858 incidere
1174 1810 1259 1872 ritae,

116 1888 184 1935 uua,
212 1873 281 1935 alii,
306 1887 419 1937 quorum
439 1873 512 1923 locos
532 1873 665 1922 excitavit
716 1873 866 1936 proximum
879 1882 971 1924 autem
989 1877 1013 1925 si
1028 1880 1109 1926 natus
1124 1878 1162 1928 sis
1177 1894 1258 1943 quam

116 1943 219 1994 Nauck
240 1945 270 1992 iu
286 1944 457 2005 Fragmentt.
477 1942 601 2007 Euripid.
623 1957 663 1990 nr.
715 1942 831 2006 primum
846 1946 916 1994 mori
928 1950 955 1995 et
968 1951 1099 2010 tauquam
1115 1964 1148 1998 ex
1165 1950 1257 1999 incen-

116 2014 178 2064 452.
193 2029 222 2076 p.
235 2012 289 2063 395
307 2011 454 2076 (Fragrmn.
471 2011 583 2062 Graeco.
597 2013 666 2060 'rra-
717 2011 762 2062 dio
779 2012 896 2078 effugere
914 2016 1073 2066 violentiam
1093 2017 1255 2069 fortunae.“

114 2082 218 2147 giem),
245 2082 294 2146 qui
318 2080 389 2130 idem
412 2083 456 2131 sir
476 2082 574 2131 doctus
594 2080 665 2131 alias
718 2081 795 2142 Quae
817 2099 850 2133 ex
867 2084 973 2135 Graeco
996 2086 1071 2136 fonte
1089 2088 1173 2137 ducta
1196 2104 1256 2139 esso

115 2168 228 2218 quoque
240 2150 381 2215 Euripidis
395 2152 546 2202 sententias
560 2150 664 2201 similes
714 2166 793 2202 uerno
810 2168 865 2203 nou
880 2154 972 2205 videt:
1000 2156 1073 2206 unde
1090 2156 1159 2208 haec
1173 2160 1255 2209 etiam

115 2223 215 2272 attulit
234 2223 263 2270 in
281 2221 458 2271 Praelatione
477 2219 591 2271 alterius
609 2220 664 2269 edi·
715 2223 883 2289 transierunt
903 2226 931 2273 iu
955 2241 1014 2275 eam
1033 2225 1255 2278 Consolationem

115 2293 200 2343 tionis
220 2290 346 2353 Euripid.
364 2291 452 2356 (Lips.
472 2292 501 2340 Β.
521 2291 553 2340 G.
574 2290 663 2340 Teub-
714 2291 812 2340 incerti
831 2296 967 2357 auctoris,
991 2311 1072 2359 quem
1089 2296 1158 2347 salso
1180 2298 1256 2348 Cice-

115 2377 171 2413 nsr.
189 2360 273 2424 1356)
284 2362 318 2409 Τ.
330 2361 351 2409 I.
368 2376 429 2425 pag.
440 2360 539 2409 xxxi.
552 2364 609 2409 not.
619 2360 662 2419 56,
714 2362 774 2408 roni
796 2360 1002 2426 adscripserunt
1024 2381 1086 2428 cup.
1106 2367 1157 2416 III.
1182 2371 1206 2430 §-
1226 2370 1252 2421 8.

116 2432 216 2497 quibus
239 2429 303 2480 add.
323 2430 463 2494 Euripidis
480 2429 661 2493 fragmentum
714 2429 762 2479 lx.
776 2433 801 2492 ξ.
813 2430 859 2481 36.
892 2431 1189 2497 Aclongeanteaiam
1201 2438 1254 2486 Ec-

116 2517 148 2551 ex
168 2498 330 2563 Antigone,
362 2500 433 2564 quod
457 2500 577 2550 servavit
601 2500 663 2549 Sto·
714 2497 856 2549 clesisstss
880 2501 1018 2551 cecinerat
1036 2502 1104 2563 VII,
1123 2506 1150 2553 l:
1177 2522 1254 2568 „me-

115 2571 199 2622 bseus
213 2568 371 2631 CXXV‚6·
403 2569 663 2635 AtqueipseHero-
713 2568 765 2617 lior
778 2574 821 2619 est
832 2569 1006 2621 hominidies
1019 2573 1114 2622 mortis
1128 2574 1184 2635 die,
1202 2589 1255 2637 quo

114 2642 196 2691 dotus
222 2639 395 2689 Artabanum
422 2642 532 2690 Persem
563 2638 664 2688 similia
715 2636 760 2687 ille
785 2639 949 2701 nescitur,“
973 2639 1035 2691 coll.
1059 2640 1118 2691 Iob.
1139 2641 1253 2703 x1v,1

114 2713 288 2776 eloquentem
299 2708 523 2770 inducitVlI,⁴lii‚
533 2707 661 2758 ubicoul.
713 2722 789 2771 seqq.
824 2706 922 2757 Patres
935 2708 1068 2759 ecclesIae
1084 2711 1196 2773 quidde
1212 2711 1256 2762 his

114 2786 186 2831 nott.
219 2779 279 2829 Nec
294 2778 440 2828 dissimilis
459 2783 567 2829 exstare
583 2781 663 2827 notat
713 2776 864 2837 senserint,
884 2792 918 2827 ex
932 2779 966 2827 iis
984 2783 1062 2842 patet
1078 2778 1165 2840 locis,
1186 2795 1255 2843 quos

115 2849 251 2901 Valcken.
269 2849 343 2913 apud
356 2848 486 2902 Aeschiu,
505 2849 533 2897 iu
547 2845 661 2897 Asioch.
712 2845 809 2897 attulit
820 2847 942 2897 Lasaulx
951 2863 977 2912 p.
986 2848 1046 2897 487.
1058 2854 1116 2900 not.
1126 2849 1184 2911 140,
1196 2851 1255 2914 qui·

114 2937 139 2985 p.
154 2920 207 2970 142
223 2916 260 2980 [ξ.
270 2920 295 2968 4.
306 2933 369 2983 psg.
383 2918 441 2969 Ill.
453 2914 584 2982 Boeckh.]
598 2916 661 2966 Plu·
711 2915 762 2966 bus
782 2918 925 2968 subiiciem
942 2918 1078 2983 egregium
1098 2919 1253 2970 iunocentii

113 2988 204 3040 tercii.
223 2987 263 3036 Il.
282 3003 310 3052 p.
322 2987 399 3038 tes.
422 2988 505 3037 Dion.
520 2987 660 3051 Chrysost.
711 2986 764 3036 III.
789 2988 956 3037 seutentiam
981 2989 1009 3037 iu
1030 2987 1100 3038 libro
1127 2990 1169 3038 De
1188 3005 1253 3039 con-

113 3076 139 3124 p.
149 3058 205 3108 ’276
215 3058 252 3107 D.
265 3057 379 3106 Aristid.
388 3058 481 3110 'r.111.
490 3073 517 3121 p.
525 3057 576 3109 32ss
588 3056 658 3120 [Vol.
711 3060 816 3120 temptu
833 3056 926 3106 mundi
948 3072 971 3107 s.
990 3057 1022 3107 de
1037 3058 1147 3108 miseria
1161 3057 1253 3108 huens-

113 3130 151 3179 ll.
164 3144 194 3192 p.
208 3126 263 3177 264
277 3125 426 3191 Dindorf.].
452 3125 659 3178 Pertinenthuc
711 3141 762 3175 nse
774 3127 943 3176 conditionis
958 3127 981 3175 Ι.
995 3142 1055 3190 cap.
1067 3127 1092 3177 6.
1110 3125 1165 3193 (ed.
1178 3128 1200 3178 I.
1215 3129 1250 3177 Η.

113 3212 224 3263 quoque
245 3195 318 3245 eliae
339 3211 502 3246 summorum
524 3195 659 3245 Graeciae
710 3193 875 3245 Achterlald.
898 3195 1107 3258 uonn.1855.):
1131 3196 1252 3259 „felioes

114 3269 260 3332 poiitsruru
269 3267 423 3317 sententiae
431 3264 594 3326 consimiles,
610 3264 659 3314 So·
710 3262 750 3313 illi
766 3266 812 3330 qui
829 3267 979 3315 moriuntur
996 3271 1143 3329 antequam
1163 3267 1253 3317 orien-

114 3336 222 3402 phoclis
240 3335 270 3384 in
288 3335 385 3401 Oedip.
405 3336 497 3386 Colon.
515 3335 582 3385 1225
601 3331 659 3399 (ubi
710 3340 768 3398 tur,
787 3335 863 3400 prius
876 3341 988 3385 mortem
1004 3330 1156 3387 sentientes⁴
1170 3352 1251 3401 quam

113 3407 228 3456 chorum
251 3411 393 3457 canentem
414 3406 483 3456 lacit
503 3406 531 3454 in
549 3403 660 3453 fabulae
709 3406 795 3456 vitam
814 3406 963 3456 scientes.“
1001 3404 1135 3454 Herodoti
1154 3407 1251 3466 locum,

113 3477 177 3528 fine:
209 3467 250 3540 μὴ
271 3472 362 3538 φῦναι
385 3467 435 3524 τὸν
456 3465 570 3524 ἅπαντα
592 3470 660 3540 νικᾷ
709 3478 741 3523 ut
753 3475 788 3524 ad
802 3474 873 3524 hunc
885 3475 1009 3537 redeam,
1028 3474 1123 3538 attigit
1134 3490 1251 3539 quoque,

113 3542 215 3608 λόγον·
234 3536 268 3593 τὸ
283 3537 312 3593 δ’
324 3537 384 3595 ἐπεὶ
397 3542 490 3609 φανῇ,
503 3541 589 3609 βῆναι
602 3543 660 3591 κεί·
710 3548 837 3594 mouente
849 3545 914 3605 012,
933 3543 1126 3608 Wytteubech.
1143 3545 1178 3594 ad
1190 3544 1252 3595 Plu-

113 3614 168 3664 θεν
187 3605 315 3676 ὅθενπερ
335 3602 412 3679 ἥκει,
433 3609 506 3662 πολι)
526 3606 659 3673 δεύτερον
711 3611 796 3663 tarch.
809 3612 905 3663 Moral.
920 3613 942 3673 1,
953 3614 979 3666 2.
993 3628 1056 3678 pag.
1069 3614 1129 3665 800.
1159 3615 1199 3664 Ae
1211 3615 1252 3665 vi-

111 3679 150 3742 dc
163 3677 305 3748 τάχιοτα),
319 3682 494 3747 Bacchylidis
504 3681 660 3747 (epudSto-
711 3681 790 3731 detur
805 3683 907 3733 Nostro
924 3682 993 3733 haec
1010 3684 1162 3745 sententis,
1179 3684 1251 3735 inter

112 3755 214 3805 haeum
236 3753 368 3814 XCVIII,
388 3754 436 3804 27:
466 3752 602 3801 θνατοῖσι
619 3742 658 3815 μὴ
710 3749 846 3815 Graecos,
861 3759 892 3801 ut
910 3752 1252 3805 ellstatestimonisoom·
1280 3795 1283 3803 .

113 3821 207 3886 prieur
226 3820 362 3886 (pistores
374 3814 444 3886 μηδ’
460 3816 556 3871 ἀελίου
572 3833 659 3882 noos-
706 3822 1251 3887 monstrent,valdereceptsstquehaud

113 3891 189 3943 ideis
209 3884 315 3955 φέγγος
333 3907 359 3943 ιι.
374 3906 400 3943 τ.
419 3891 470 3957 t),
491 3891 659 3956 Theognidis
710 3893 767 3942 scio
780 3908 815 3942 an
829 3892 1013 3956 sophistarum
1027 3908 1134 3958 quoque
1149 3893 1250 3944 scholis

35 3987 42 4001 ·
112 3964 165 4015 425
184 3977 261 4028 seqq.
291 3955 418 4027 (πάντων
437 3957 490 4025 μὲν
511 3954 549 4025 μὴ
568 3956 659 4023 φῦναι
710 3966 847 4023 tractate,
870 3960 950 4013 valde
972 3960 1122 4026 placuisse:
1149 3964 1250 4028 quippc

114 4024 329 4096 ἐπιχθονίοισιν
338 4019 466 4093 ἄριστον,
475 4028 543 4095 μηδ’
553 4020 659 4080 ἐσιδεῖν
710 4031 803 4081 sedem
822 4031 880 4081 fere
897 4031 1027 4094 redeunt,
1050 4048 1121 4098 quea
1139 4032 1210 4082 dixit
1226 4033 1250 4092 Ι,

114 4092 204 4166 αὐγὰς
222 4095 303 4162 ὀξέος
320 4091 417 4166 ἠελίου
433 4117 458 4152 ιι.
472 4117 495 4152 τ.
512 4101 568 4166 1,),
589 4101 657 4150 alio·
708 4100 1251 4167 3‘tetVlLilicumlroolocoeompoueu·

114 4188 188 4234 rum,
216 4172 251 4221 de
281 4172 379 4236 quibus
404 4172 461 4221 vid.
478 4170 600 4222 Lesaulx
628 4170 657 4218 in
708 4170 796 4232 da,ad
805 4185 883 4233 quem
893 4171 974 4222 etiem
985 4172 1168 4234 pertinebunt,
1180 4184 1250 4235 quae

115 4242 297 4292 Commentst.
304 4240 338 4291 de
346 4243 442 4292 mortis
452 4241 595 4291 dominatu
603 4244 656 4290 ete.
709 4256 791 4306 supra
802 4240 837 4290 ed
854 4241 903 4303 IV,
916 4241 958 4292 95.
971 4255 1033 4305 pag.
1042 4242 1102 4293 486.
1116 4243 1148 4290 T.
1155 4240 1191 4288 11.
1205 4253 1250 4286 er·

115 4327 173 4378 pag.
182 4313 218 4363 45
228 4327 306 4376 seqq.
317 4309 444 4375 (Studien
457 4310 504 4361 des
517 4309 657 4362 elassisch.
709 4312 847 4374 posuimus
867 4310 900 4361 de
916 4311 1110 4375 antiquissime
1119 4307 1249 4369 Thracis,

114 4382 281 4433 Altcrtlrmne
299 4396 362 4446 pag.
382 4380 543 4445 sse-487).
574 4381 659 4448 Equi·
709 4381 739 4430 in
753 4396 806 4446 qus
826 4380 1042 4431 immortulitatis
1060 4378 1185 4429 doctmns
1201 4392 1249 4426 an-

113 4452 170 4503 dam
180 4453 227 4504 hic
236 4450 341 4516 addspr
353 4451 439 4517 ipsius
450 4451 590 4503 Ciceronis
600 4467 659 4503 vera
709 4451 870 4516 tiqurssrmrs
884 4467 937 4503 ram
951 4448 1118 4514 temporibus
1126 4446 1250 4498 floruisse
