3008 5128
432 396 802 461 TERPSICHORE.
822 397 861 459 V.
885 405 929 462 75.
948 406 992 464 76.

1219 396 1278 458 143

84 591 237 659 τιοτεροι
251 576 404 641 εἵποντο·
431 574 688 663 παραλυομένου
710 573 746 643 δὲ
765 571 893 642 τούτων
911 574 972 641 τοῦ
992 573 1106 661 ἑτέρου
1126 578 1278 640 καταλεί-

140 684 268 744 πεσθαι
288 677 347 745 καὶ
359 679 429 745 τοῖν
447 679 685 765 Τυνδαριδέων
704 672 764 746 τὸν
777 681 906 766 ἕτερον·
929 671 994 766 πρὸ
1008 678 1068 744 τοῦ
1088 671 1152 762 γὰρ
1167 672 1209 762 δὴ
1222 677 1278 742 καλ

138 769 235 847 οὗτοι
248 774 448 868 ἀμφότεροι,
470 784 641 868 έττίκλητοί
659 801 719 869 σφι
742 781 869 864 ἐόντες,
891 784 1032 848 εἵποντο.
1077 775 1157 847 Τότε
1181 776 1221 865 δὴ
1241 782 1278 847 έν

138 884 183 969 τῇ
202 878 365 953 Ἐλευσῖνι
382 879 544 971 ὁρέοντες
564 889 599 953 ολ
615 886 723 953 λοιποὶ
742 888 811 954 eolo
829 882 1012 971 συμμάχων
1030 879 1108 960 τούς
1127 908 1163 950 τε
1181 889 1276 969 βασι-

138 988 219 1064 λέας
245 989 313 1054 τῶν
339 993 617 1076 Λακεδαιμονίων
643 984 705 1056 οὐκ
734 984 972 1078 ὁμολογέοντας
996 988 1053 1056 καὶ
1071 991 1277 1073 Κορινθίους

138 1087 338 1169 ἐκλιπόντας
369 1088 431 1178 τὴν
468 1092 560 1174 τάξιν
597 1101 726 1179 οἴχοντο
759 1094 832 1161 καλ
851 1086 946 1158 αὐτοὶ
980 1086 1275 1177 ἀπαλλασσόμενοι.

142 1195 312 1282 Τέταρτον
333 1191 485 1283 δήτοῦτο
504 1197 559 1265 ἐπὶ
577 1193 639 1284 τὴν
655 1193 803 1284 Ἀττικὴν
825 1189 1019 1283 ἀπικόμενοι
1034 1196 1199 1282 Δωριέες,
1223 1197 1321 1273 dcere

137 1392 279 1458 signorum
290 1393 377 1444 forma
394 1392 440 1460 (de
456 1409 509 1462 qua
521 1413 551 1448 re
564 1396 600 1447 ei.
614 1394 684 1445 zoe-

137 1479 176 1528 ga
187 1464 231 1514 De
244 1463 371 1514 obelisco.
386 1479 448 1529 pag.
461 1463 524 1530 225)
541 1467 684 1530 conspicu-

138 1549 185 1583 am
198 1534 297 1584 merito
316 1534 424 1584 attendi
440 1534 530 1599 iubet,
551 1535 685 1601 Tyndari-

138 1603 246 1668 dosque
257 1603 359 1653 utaliis
374 1605 402 1653 in
417 1620 505 1656 rerum
518 1605 684 1657 discrimini-

138 1674 205 1736 bus,
220 1674 261 1722 ita
272 1675 300 1722 in
312 1671 444 1724 bellorum
456 1690 561 1740 quoque
577 1678 683 1741 pericu-

136 1741 174 1793 lis
187 1741 322 1794 salutares
335 1743 419 1794 fnisse
430 1743 540 1796 habitos
553 1746 628 1808 deos,
641 1760 684 1795 sa-

138 1814 178 1863 tis
202 1812 266 1863 hinc
291 1813 386 1879 colligi
415 1829 496 1879 posse
525 1815 683 1865 arbitratur.

138 1884 218 1945 Quae
230 1898 292 1933 oum
306 1883 347 1933 ita
359 1884 430 1944 siut,
452 1885 481 1933 in
492 1884 683 1950 Xenophontis

137 1951 201 2001 loeo
215 1953 259 2002 De
273 1952 376 2018 republ.
388 1954 489 2004 Lacon.
501 1955 580 2017 XlII,
595 1956 622 2017 2,
636 1954 684 2004 ubi

137 2037 187 2073 rer
206 2021 244 2070 ad
260 2022 360 2073 bellum
379 2023 550 2088 proficiscens
567 2025 684 2089 primum

139 2092 250 2157 quidem
271 2092 344 2143 domi
367 2109 446 2144 sacra
467 2094 558 2144 facere
584 2093 684 2144 dicitur

139 2162 197 2211 Iovi
204 2164 305 2224 operari
315 2161 360 2226 (de
373 2178 425 2228 quo
438 2163 492 2212 vid.
510 2163 539 2213 C.
554 2163 585 2213 0.
597 2163 684 2214 Muel-

137 2230 180 2282 ler
190 2230 210 2283 l.
226 2230 244 2283 1.
258 2231 297 2284 Il.
313 2247 374 2297 pag.
389 2232 432 2284 99.
444 2233 496 2283 240
508 2232 570 2284 coll.
585 2234 607 2285 l.
620 2249 682 2299 pag.

137 2300 203 2364 408)
216 2295 356 2358 καὶτοῖς
375 2295 438 2350 συν
459 2295 567 2369 αὐτῷ,
587 2318 621 2353 ac
638 2303 683 2354 de-

138 2370 204 2420 inde
214 2371 262 2420 uhi
272 2370 374 2436 litavit,
385 2371 496 2422 adfines
506 2374 593 2431 exire;
608 2374 683 2438 equi·

138 2439 201 2491 dem
217 2439 291 2490 haud
307 2442 366 2491 seio
384 2456 420 2492 an
440 2457 500 2492 cunr
517 2442 683 2493 Schneidero

138 2508 293 2575 intelligam
316 2511 478 2577 lpndaridaa
499 2513 560 2563 sive
580 2513 684 2565 Dinaea·

137 2596 191 2635 rae.
204 2581 342 2630 indicatos
354 2579 405 2632 hae
417 2581 444 2629 in
458 2597 486 2632 re
500 2582 623 2633 omnibus
637 2598 684 2633 uo-

137 2650 249 2700 tissima
283 2650 373 2701 verbis
414 2652 475 2707 τοῖς
502 2642 556 2699 adv
587 2645 665 2719 αὐτῷ
675 2668 682 2710 ;

138 2721 269 2785 quamvis
283 2720 315 2768 1..
330 2719 455 2772 Dindorf.
469 2718 601 2785 (Prasiai.
617 2737 681 2787 pag.

136 2789 249 2852 XVIII,
265 2789 312 2838 uhi
326 2790 476 2845 Herodotei
491 2789 546 2840 loci
565 2807 618 2842 uon
632 2794 682 2843 im-

138 2874 243 2908 memor
270 2858 350 2922 luit),
383 2865 595 2911 commonstrare
625 2867 681 2911 stu·

138 2928 242 2989 doerit,
268 2928 351 2978 Iouem
372 2930 483 2995 deaeque
506 2939 608 2981 canetae
629 2930 683 2981 hae

137 2998 250 3049 dicendi
269 2997 384 3048 formula
402 2998 559 3064 significari.
603 3000 682 3062 Quod

137 3067 204 3118 mihi
238 3067 346 3132 quidem
379 3070 498 3120 nondum
534 3071 682 3136 persuasit.

137 3166 172 3173 —
189 3138 231 3187 Ut
252 3137 289 3186 ad
308 3138 476 3189 Herodotum
497 3143 525 3191 et
544 3139 630 3205 legem
648 3140 682 3189 ab

136 3222 171 3257 eo
193 3206 221 3255 h.
244 3205 263 3255 l.
287 3207 422 3271 proditam
446 3215 583 3271 revertar,
614 3210 682 3259 bene

137 3277 271 3328 observat
295 3276 326 3328 C.
355 3277 387 3327 0.
416 3278 531 3329 Mueller
555 3279 592 3331 11.
620 3295 682 3346 pag.

140 3347 205 3408 105,
227 3346 280 3396 hac
300 3345 359 3412 lege
376 3363 468 3413 regum
489 3348 683 3414 Spartanorum

135 3421 315 3482 potestatem,
329 3433 409 3483 quam
426 3418 537 3469 inbelle
552 3434 684 3469 summam

136 3501 188 3537 nee
202 3485 267 3536 ullis
285 3485 388 3551 legibus
401 3493 580 3553 temperatam
599 3489 682 3539 fuisse

137 3556 306 3621 accepimus,
315 3556 387 3607 haud
398 3558 568 3621 diminutam,
579 3558 626 3609 sed
637 3574 684 3608 au·

136 3633 213 3676 ctam
227 3625 330 3691 fuisse,
347 3641 409 3677 cum
421 3627 535 3678 eandem
547 3627 622 3678 illam
636 3627 683 3678 ali·

136 3698 162 3746 is
183 3696 322 3745 institutis
348 3695 498 3747 diminuere
518 3698 682 3752 studuerint.

139 3767 313 3831 Quamquam
323 3765 412 3816 rarius
421 3768 529 3819 omnino
540 3772 683 3833 utrumque

136 3851 229 3901 regem
240 3836 343 3900 Sparta
356 3835 477 3889 abfuisse
490 3837 560 3888 idem
573 3837 653 3888 docet
669 3855 684 3889 e

136 3905 264 3971 Xenoph.
278 3904 384 3957 Hellen.
394 3907 427 3969 V,
441 3906 466 3971 3,
485 3907 524 3958 10.
550 3908 618 3958 add.
629 3907 684 3958 Ga-

136 3975 223 4026 briele
239 3975 282 4026 Dc
296 3977 462 4041 magistratt.
474 3976 635 4029 Lacedaem.
655 3994 681 4043 p.

139 4046 407 4177 12ἰτῧοῗραλυομέυου
432 4105 464 4162 dl
493 4107 602 4164 τούτων
633 4111 685 4165 τοῦ

137 4172 247 4250 ἑτέρου]
267 4186 286 4234 i.
302 4200 326 4234 e.
342 4190 457 4234 cessante
469 4187 565 4246 altero,
577 4194 684 4235 vacante

138 4271 156 4303 a
165 4255 260 4316 τάλίλία,
272 4269 322 4303 nec
335 4253 364 4302 in
374 4253 474 4305 bellum
484 4253 683 4321 proficiscente,

137 4323 186 4374 aed
200 4324 274 4374 domi
286 4328 424 4373 manente.
444 4324 487 4374 'Pu
498 4324 571 4375 coni.
581 4323 614 4374 de
625 4339 684 4376 rer·

138 4392 174 4444 bo
186 4387 387 4473 παραλύεσθαι
401 4392 455 4457 111,
469 4392 518 4445 105
533 4393 600 4459 ibiq.
612 4398 681 4445 nott.

140 4489 172 4501 -
181 4477 292 4516 τουτων
306 4462 408 4530 scripsi
420 4478 468 4529 pro
482 4459 613 4519 τουτέων.

901 1427 967 1479 Car.
985 1427 1110 1479 LXXVI.

771 1526 913 1594 Τέταρτον
928 1524 965 1595 δὴ
978 1527 1062 1578 τοῦτο
1074 1544 1099 1578 ιι.
1112 1543 1137 1580 τ.
1151 1525 1188 1594 λ.]
1203 1529 1275 1593 ,,Ρο-

734 1606 808 1652 terat
830 1598 959 1665 πέμπτου
977 1600 1047 1661 dici;
1065 1614 1143 1662 nam,
1167 1599 1277 1664 singula
1302 1603 1308 1614 “

734 1675 757 1723 si
770 1679 894 1737 reputes,
914 1674 1001 1736 quinta
1013 1669 1080 1719 haec
1100 1669 1153 1718 suit
1167 1670 1276 1733 expedi-

734 1744 783 1793 tio.
810 1743 851 1791 De
865 1743 961 1803 prima,
977 1755 1047 1805 quae
1059 1738 1148 1788 Codro
1161 1753 1276 1802 regnan-

735 1817 763 1862 te
785 1811 888 1862 aocidit
906 1809 938 1876 [i.
953 1826 977 1862 e.
991 1824 1063 1858 anno
1078 1807 1159 1869 1132,
1174 1805 1227 1870 vel,
1244 1811 1275 1857 ut

734 1883 782 1932 alii
791 1885 904 1946 ponunt,
918 1878 1065 1929 ann010-lh
1078 1883 1141 1927 ante
1150 1877 1213 1927 Chr.
1225 1874 1275 1942 n.]‚

734 1967 815 2018 quam
833 1965 887 2000 uuo
905 1949 991 2000 solum
1005 1947 1087 1997 verbe
1101 1948 1190 2011 tangit
1209 1951 1272 1997 scri·

733 2027 795 2087 pter
811 2025 917 2082 noster,
936 2018 1070 2070 videndus
1082 2027 1191 2082 praeter
1204 2017 1276 2067 aliea
1299 2063 1303 2072 ,

733 2092 885 2141 Pausanias
907 2091 933 2153 l,
952 2089 994 2140 39.
1031 2087 1184 2149 δασυντέον,
1206 2087 1274 2137 duce

733 2160 903 2212 Anchimolio
929 2173 1025 2224 purum
1050 2158 1125 2208 felici
1146 2172 1274 2207 successu

733 2237 889 2295 susceptam
903 2227 985 2294 [anno
999 2228 1047 2278 511
1068 2234 1133 2277 ante
1147 2227 1209 2279 Chr.
1223 2223 1275 2291 n.]‚

734 2303 860 2367 exposuit
876 2300 977 2350 Noster
998 2313 1058 2364 cap.
1079 2297 1121 2348 63.
1167 2297 1276 2347 Tertiam

734 2386 804 2436 quse
820 2371 907 2435 prima
928 2369 981 2419 fuit
994 2367 1146 2418 Cleomenis
1161 2368 1189 2416 in
1203 2367 1276 2415 Atti·

734 2456 794 2490 eam
806 2439 953 2505 expeditio,
968 2453 1021 2503 qua
1034 2453 1067 2487 ex
1078 2438 1171 2487 Attica
1182 2437 1275 2501 prosu·

733 2527 796 2576 gere
808 2511 899 2560 coacti
913 2514 977 2560 sunt
986 2507 1178 2558 Pisistratidas
1192 2504 1274 2570 [anno

734 2580 786 2631 510
798 2596 824 2631 a.
833 2579 896 2630 Chr.
910 2577 949 2644 n.]
962 2616 969 2641 ,
990 2578 1118 2642 exposuit
1130 2575 1200 2625 idem
1212 2590 1273 2639 cap.

734 2649 769 2700 64
793 2655 820 2699 et
841 2664 916 2715 seqq.
953 2648 1011 2697 Iam
1029 2654 1123 2712 quarta
1139 2646 1276 2697 numerari

733 2720 871 2784 expeditio
893 2718 995 2783 poterit
1012 2731 1059 2780 ea,
1085 2731 1154 2781 quae
1179 2726 1275 2766 secuu—

733 2789 768 2839 da
779 2788 931 2840 Cleomenis
944 2788 1014 2847 tuit,
1030 2801 1085 2853 qua
1096 2801 1184 2836 arcem
1194 2784 1276 2835 Athe-

732 2874 829 2909 narum
856 2858 1014 2908 Cleomenes
1041 2857 1186 2921 occupavit
1212 2853 1275 2920 [508

733 2935 797 2979 ante
817 2928 879 2979 Chr.
903 2925 956 2992 n.]:
989 2926 1037 2978 sed
1064 2928 1192 2991 quoniam
1218 2925 1275 2975 exi-

731 3014 814 3064 guam
832 2997 975 3048 admodum
996 3011 1103 3045 manum
1125 2995 1203 3060 (cap.
1225 2992 1275 3058 72)

734 3075 799 3119 tunc
827 3083 918 3119 aecum
945 3066 1102 3116 Cleomenes
1124 3065 1222 3115 hahuit
1249 3070 1276 3113 et

733 3155 837 3205 paucos
862 3143 925 3202 post
951 3135 1009 3186 dies
1034 3135 1164 3186 excedere
1181 3136 1275 3185 Attica

734 3214 848 3260 coactus
870 3209 926 3268 est,
946 3204 1021 3256 illius
1040 3221 1111 3256 nnnc
1127 3206 1276 3269 expeditio·

733 3279 776 3330 nis
797 3277 952 3328 Herodotus
972 3273 1211 3341 (quemadmodum
1236 3281 1275 3325 et-

735 3349 789 3398 iam
803 3347 956 3398 Pausanias
971 3346 1061 3410 111,4)
1076 3346 1209 3395 rationem
1222 3360 1276 3394 non

734 3418 834 3467 habet:
854 3425 878 3466 et
897 3424 1014 3482 ραατιανι
1025 3417 1181 3466 Dorieusiam
1196 3430 1277 3478 expe·

733 3489 850 3538 ditionem
865 3489 890 3536 iu
908 3485 1019 3537 Atticam
1034 3495 1174 3549 susceptam
1193 3484 1276 3551 [anno

732 3557 784 3609 500
808 3562 873 3606 ante
896 3556 958 3607 Chr.
983 3553 1023 3620 n.]
1050 3556 1125 3605 illam
1151 3560 1277 3605 numerat

733 3641 804 3695 qnae
825 3641 886 3691 cap.
906 3627 940 3676 74
959 3630 987 3676 et
1005 3627 1038 3678 75
1058 3626 1182 3690 exposita
1204 3627 1275 3675 est.“

734 3695 988 3761 Schweiplraeus.
1021 3697 1074 3758 Qui
1088 3703 1206 3760 quattuor
1220 3696 1277 3745 De·

733 3783 792 3816 rum
806 3766 975 3816 incursiones
996 3766 1025 3816 in
1040 3767 1160 3816 Atticam
1175 3770 1277 3816 terram

734 3837 824 3887 iactas
837 3840 1030 3886 commemorat
1047 3835 1074 3884 h.
1092 3834 1126 3898 l.,
1141 3837 1182 3898 is,
1204 3835 1277 3901 quod

734 3908 793 3958 iure
804 3906 920 3968 mireris,
928 3906 1030 3956 nullam
1037 3906 1105 3957 fecit
1112 3907 1277 3959 mentionem

734 3977 792 4026 eins
806 3976 983 4037 incursionis,
997 3992 1067 4042 quae
1079 3976 1148 4027 duce
1161 3977 1277 4027 Pliston-

733 4051 815 4097 nacte
829 4062 846 4095 a
858 4044 1064 4108 Peloponnesiis
1080 4047 1157 4096 iacta
1170 4051 1212 4097 est
1228 4062 1277 4096 an-

734 4131 769 4166 no
780 4116 831 4166 445
843 4119 909 4166 ante
921 4114 983 4165 Chr.
991 4132 1017 4166 n.
1035 4118 1130 4182 Neque
1144 4132 1192 4167 eas
1205 4132 1277 4166 coru·

735 4191 867 4235 memorat
879 4186 1062 4248 incursiones,
1079 4202 1146 4251 quas
1161 4186 1222 4237 inde
1241 4186 1275 4235 ah

736 4271 809 4305 anno
822 4255 870 4305 431
888 4255 982 4306 erebro
1000 4256 1028 4305 in
1042 4271 1121 4320 agros
1135 4256 1241 4305 Atticos
1259 4270 1276 4303 a

734 4325 941 4389 Peloponnesiis
956 4325 1047 4376 factas
1060 4342 1119 4376 esse
1131 4326 1275 4375 novimus:

735 4395 817 4461 idque
824 4388 861 4445 ¹eo
880 4396 968 4461 magis
983 4395 1090 4446 attendi
1100 4393 1161 4444 vult
1173 4394 1276 4445 Ullrieh

734 4466 808 4533 (Dar
822 4464 993 4533 Megarische
1006 4463 1176 4531 Psephisma.
1190 4464 1276 4519 Haur-
