3046 5134
288 377 350 444 498
726 380 991 446 HERODOTI

288 563 510 645 Πρωτεσίλεω
531 553 568 625 τὸ
583 556 657 646 λρδν
670 559 704 638 ἐς
720 553 914 627 Ἐλαιοῦντα
929 554 1144 647 ἀγινεόμενος
1157 574 1317 646 γυναῖκας
1329 556 1439 634 ἃδέ-ου

241 677 368 749 34μιτα
389 666 539 748 ἔρδεσκε.
574 658 623 741 Ἐς
636 661 762 750 ταύτην
777 651 826 730 τάν
843 659 906 750 τὴν
920 659 1024 751 ἀκτὴν
1040 667 1073 746 ἐξ
1094 660 1240 752 Ἀβύδου
1252 658 1404 752 ύρμεύμε-

288 792 341 834 νοι
361 766 572 869 ἐγεφύρουν,
591 781 676 835 τοῖσι
697 768 913 854 προσεκέετο,
933 764 995 854 τὴν
1009 767 1071 854 μὲν
1094 774 1292 837 λευκολίνου
1306 775 1406 836 Φοίνι-

288 962 378 1027 steph.
395 964 467 1017 Plut.
483 966 535 1017 944
552 969 580 1016 et
598 965 697 1016 Athen.
715 966 781 1019 VII.
801 982 828 1030 p.
881 981 973 1018 omnes
988 966 1066 1017 oodd.
1080 967 1213 1031 efferunt,
1230 984 1285 1019 uuo
1298 976 1407 1033 excepto,

287 1033 339 1085 290
348 1034 378 1087 Ε.
407 1036 485 1097 Quod
496 1050 560 1086 vero
574 1051 590 1084 u
609 1036 645 1086 nd
658 1036 778 1101 Hesyoh.
790 1036 829 1086 11.

286 1117 313 1168 p.
330 1102 396 1154 1150
407 1104 521 1170 legitur:
540 1053 621 1162 σανλς
631 1104 787 1155 -τίθεται
798 1099 831 1155 δὲ

286 1167 335 1221 καλ
350 1163 396 1220 int
411 1172 463 1224 τού
476 1172 616 1238 σταυροῦ,
632 1174 695 1227 hine
709 1176 742 1226 de
754 1191 830 1226 eruce

287 1243 377 1306 accipi
401 1260 483 1309 posse
500 1239 553 1310 τὴν
573 1242 676 1295 σανίδα
696 1253 760 1297 eunt
783 1246 829 1312 qni

287 1318 394 1378 putent.

322 1370 355 1439 ἀς
368 1377 415 1430 καλ
428 1370 455 1438 ἐς
466 1378 518 1431 τού
530 1380 709 1446 Πρωτεσίλεω
720 1375 751 1432 τὸ
764 1376 830 1445 ipos

287 1442 315 1509 le
334 1443 500 1500 Ἐλαιοῦντα
525 1445 709 1516 ἀγινεόμενος
732 1456 830 1518 γυναῖ-

284 1520 348 1587 κας]
369 1522 492 1585 „Abesse
504 1523 638 1573 meleburn
651 1519 713 1587 καλ,
730 1525 777 1574 sed
790 1523 830 1573 nil

284 1598 388 1643 norunt
403 1593 489 1643 mesti.
518 1593 612 1644 Fuerit
625 1596 709 1658 igitur
721 1593 830 1659 empliu-

284 1677 347 1714 seos
359 1662 444 1712 usust
456 1662 566 1714 adiecta
577 1662 647 1713 haee
659 1664 826 1730 particule.⁸‘

283 1731 512 1797 Selmeiplmeurer.
537 1734 670 1799 Equidem
689 1735 752 1785 inde
766 1749 828 1783 eum

284 1807 349 1854 cett.
362 1802 422 1855 edd.
434 1800 557 1853 voenlam
571 1804 741 1854 retinendam
754 1803 829 1865 duxi,

285 1873 403 1923 aeduum
416 1872 509 1922 eodem
520 1873 777 1939 Schweighaeusero
788 1888 829 1923 ιτ-

285 1942 399 1993 tioulnm
420 1933 450 1989 τύ
470 1947 532 2006 post
553 1934 618 2004 ἷρύν
638 1943 830 1994 iteratum'de·

284 2012 354 2073 levi,
382 2015 414 2061 ut
438 2027 515 2075 quem
538 2012 602 2062 libri
626 2014 722 2076 scripti
749 2014 829 2078 igno-

285 2087 358 2131 rant.
373 2081 477 2131 Tuetur
487 2080 632 2132 articulum
643 2076 674 2131 τὸ
682 2085 829 2148 repetitum

286 2150 416 2201 Sohseier
425 2152 529 2215 Appar.
540 2151 716 2202 Demosthen.
734 2152 767 2204 Τ.
779 2153 828 2203 lV.

286 2236 348 2286 pag.
363 2219 412 2270 119
424 2221 591 2286 eundemque
606 2222 668 2272 iude
678 2238 695 2272 a
705 2220 830 2273 Belrkero

285 2292 456 2342 retinuerunt
471 2297 584 2343 reeentt.
602 2292 663 2347 edd.
699 2293 740 2344 De
753 2292 830 2342 Elee-

286 2369 343 2411 unte
357 2361 423 2411 urbe
434 2361 489 2411 vid.
503 2361 550 2422 v1,
568 2362 623 2413 149.
639 2362 701 2421 VII,
715 2363 748 2411 22
760 2362 826 2427 ibiq.

286 2436 357 2483 nott.
388 2432 428 2481 De
443 2431 580 2481 Protesilai
596 2434 683 2482 saeris
705 2434 762 2497 ipse
776 2433 829 2481 llo·

286 2506 344 2551 ster
354 2501 439 2550 tradit
454 2500 587 2566 quaedam
598 2503 652 2565 IX,
668 2502 724 2553 llo.
753 2501 829 2553 Cele-

286 2572 417 2622 berrimus
437 2573 509 2621 euim
533 2571 578 2622 ille
600 2572 678 2623 heroe
701 2571 828 2638 idemque

285 2642 452 2692 fortissimus
472 2640 666 2692 Thessalorum
692 2642 827 2707 princeps,

285 2714 333 2778 qni
353 2727 413 2762 eum
433 2712 635 2777 qninquaginta
653 2712 769 2762 navibus
792 2712 827 2761 ad

286 2783 397 2832 Troiam
412 2781 552 2846 proiectus
564 2787 632 2845 erat,
644 2783 763 2832 omnium
774 2782 828 2846 pri·

286 2868 344 2903 mus
360 2852 394 2901 eb
406 2852 524 2902 Hectore
537 2854 658 2914 ooeisus,
674 2851 701 2900 iu
714 2850 829 2902 Cherso-

285 2938 353 2973 neso
366 2922 472 2973 divinos
484 2922 592 2986 aceepit
611 2921 728 2972 honores
740 2927 828 2971 tumn·

284 2991 394 3058 lumque
408 2991 596 3057 sepulcralem.
626 2992 667 3042 De
683 3006 734 3056 quo
750 3006 827 3055 prae·

286 3068 328 3111 ter
340 3062 450 3113 Homer.
468 3061 510 3112 lli.
525 3062 569 3125 11,
582 3060 633 3111 995
647 3077 722 3126 seqq.
745 3060 825 3121 Xlll,

285 3131 345 3181 931.
359 3132 423 3193 XV,
443 3130 493 3181 705)
514 3148 571 3195 seq.
590 3131 671 3192 XVl,
691 3130 743 3181 206
763 3129 824 3181 coll.

285 3201 364 3250 Pind.
376 3199 471 3250 lsthm.
483 3200 552 3263 1,·83
562 3201 688 3266 inprimis
701 3200 826 3251 cousula-

284 3277 328 3321 tur
338 3270 497 3323 Philostrot.
506 3271 633 3321 Heroiee.
649 3286 709 3336 pag.
722 3271 755 3322 38
767 3286 824 3336 seq.

283 3357 305 3390 s.
314 3340 364 3391 672
374 3356 441 3406 seq„
450 3341 497 3390 ubi
507 3340 669 3395 Boissonad.
680 3339 751 3406 (pag.
761 3338 824 3405 398)

283 3412 465 3461 recentiorum
483 3410 716 3476 peregrinatorum
731 3411 826 3461 attulit

282 3480 443 3532 testimonia
460 3480 493 3531 de
506 3480 651 3531 Protesilai
668 3496 825 3531 monumen·

282 3556 320 3609 to,
333 3550 410 3601 euius
420 3549 518 3601 rudera
529 3550 663 3615 quaedem
676 3553 754 3601 iuxta
765 3566 825 3601 eum

281 3620 386 3684 locum,
408 3620 436 3669 in
454 3636 507 3685 quo
520 3620 621 3671 Elaeus
634 3626 714 3672 retus
727 3621 825 3685 proba·

281 3690 375 3742 biliter
388 3694 529 3741 exstructa
540 3690 602 3753 luit,
617 3690 705 3741 adhue
716 3692 825 3756 conspi-

283 3761 401 3813 ciuntur.

318 3825 440 3893 ἀθέμιτα
450 3822 574 3893 ἔρδεσκε]
583 3829 615 3878 Ιιι
622 3827 754 3891 Medium,
763 3827 825 3879 Flo-

282 3901 397 3963 rentino,
410 3899 472 3950 eliis
483 3890 632 3961 ἀθέμιστα,
644 3898 672 3947 in
686 3897 825 3949 Seuerofti

281 3969 351 4020 libro
381 3969 497 4035 eliieqne
522 3961 646 4031 ἀθέμιτα
670 3960 751 4031 ἔργα,
778 3968 825 4018 ubi

284 4032 350 4104 ἔργα
371 4055 404 4090 ex
423 4040 665 4103 interpretamento
690 4038 824 4088 adscitum

284 4111 381 4160 merito
402 4109 580 4175 repudiarunt
595 4107 715 4158 editores
733 4122 824 4158 reuen-

282 4180 382 4235 timer.
403 4179 501 4244 quibua
519 4178 615 4229 iisdem
632 4176 738 4243 placuit
754 4171 824 4227 ἀθέ-

880 1038 929 1103 qui
941 1037 1024 1087 habet
1038 1030 1176 1102 ἀθέμιτα,
1196 1039 1267 1103 quod
1280 1053 1358 1088 unum
1371 1053 1407 1086 re·

880 1122 940 1157 rum
958 1121 1019 1158 esse
1033 1107 1128 1158 doonit
1146 1122 1253 1173 quoque
1263 1108 1372 1159 Bredor.
1385 1124 1405 1173 p.

880 1176 941 1229 299,
971 1177 1061 1241 Supra
1076 1179 1114 1240 V,
1127 1179 1160 1227 72
1175 1193 1269 1227 omnes
1280 1177 1355 1228 codd.
1368 1177 1406 1226 θι·

880 1238 973 1310 μιτόν.
999 1247 1091 1312 Ipsum
1104 1248 1243 1311 Artayotis
1259 1248 1407 1298 iaeinnsne·

879 1316 992 1366 feudum
1004 1316 1159 1367 declaratur
1169 1317 1218 1377 lx,
1230 1317 1282 1367 119
1291 1317 1345 1371 διε..
1357 1333 1405 1366 nan

879 1386 908 1435 in
929 1387 989 1452 ipso
1017 1386 1110 1451 templi
1129 1387 1290 1437 sanctuario
1320 1380 1359 1450 (ἐν
1376 1401 1404 1434 τι

878 1449 988 1523 ἀδύτῳ)
1001 1451 1115 1521 γυναιξὶ
1128 1446 1265 1520 ἐμίσγετο.

1046 1630 1113 1681 Cir.
1132 1629 1257 1679 XXXIV.

879 1723 1023 1867 ι”λῖλλῖ
1036 1723 1406 1869 tritinsium}

878 1874 981 1937 Attigit
996 1872 1064 1923 haee
1080 1871 1243 1923 Eustathius
1258 1872 1294 1923 ad
1308 1874 1407 1937 Dionys.

879 1944 985 2008 Perieg.
999 1958 1040 1994 rs.
1052 1944 1113 1994 912.
1136 1943 1209 1993 Hine
1221 1944 1307 1993 etiam
1317 1937 1406 1991 λινόδε-

879 2025 949 2074 σμος
967 2007 1065 2075 σχεδία
1080 2012 1207 2076 Aesehyl.
1221 2011 1298 2064 Pers.
1310 2012 1352 2066 68.
1376 2008 1408 2060 ii

878 2074 931 2146 τήν
940 2073 992 2146 pin
1001 2086 1029 2133 et
1038 2074 1091 2147 τήν
1101 2075 1133 2131 δὲ
1142 2098 1203 2132 enm
1211 2080 1409 2147 Schweighaeu-

877 2168 940 2203 sero
952 2156 980 2202 et
992 2151 1137 2202 Kuehriere
1149 2152 1280 2217 (Graium.
1292 2148 1408 2210 (inueni-

878 2224 940 2281 414,
953 2220 992 2287 4.)
1014 2236 1047 2271 ex
1059 2222 1120 2287 ipso
1132 2220 1311 2273 antecedenti
1327 2212 1408 2286 ἐγεφύ-

879 2306 950 2356 ρουν
963 2292 1104 2342 eommode
1116 2293 1203 2356 repeti
1216 2306 1299 2357 posse
1311 2286 1362 2355 τὴν
1375 2302 1408 2353 γε·

879 2356 977 2424 φύρην
990 2361 1127 2425 existimo,
1141 2362 1285 2412 dubitante
1299 2358 1408 2427 quamvis

878 2432 979 2481 Krusio
990 2428 1009 2480 l.
1020 2430 1038 2482 l.
1054 2447 1116 2496 psg.
1129 2432 1172 2493 84,
1185 2434 1346 2496 praesertim
1359 2444 1408 2480 eun

878 2502 972 2552 Trete.
993 2501 1029 2550 ad
1046 2500 1218 2567 Lycophrou.
1240 2500 1259 2549 l.
1285 2501 1303 2552 l.
1323 2500 1354 2550 de
1369 2513 1409 2547 κιο

877 2575 984 2621 tantum
1005 2570 1132 2636 loquatur
1146 2578 1237 2635 ponte.
1278 2573 1361 2634 Quem
1378 2568 1410 2615 ri·

877 2656 936 2691 rum
955 2641 1066 2691 doctum
1083 2641 1108 2690 si
1127 2641 1287 2702 audiamus,
1314 2656 1364 2690 nou
1383 2637 1409 2686 de

878 2711 983 2761 duobus
1009 2710 1131 2774 loquitur
1151 2710 1310 2761 Herodotus
1332 2708 1410 2775 ponti-

877 2781 943 2842 bus,
964 2780 1011 2831 sed
1031 2781 1064 2829 do
1077 2795 1131 2830 uuo
1144 2785 1266 2844 tantum,
1286 2782 1362 2831 ouius
1378 2777 1410 2827 el·

878 2856 963 2901 teram
983 2857 1088 2915 partem
1110 2849 1278 2912 Phoenices,
1306 2850 1409 2899 alteram

876 2921 1006 2985 Aegyptii
1025 2920 1188 2981 struxerint;
1212 2921 1252 2970 ita
1267 2926 1298 2970 ut
1317 2920 1350 2969 ad
1365 2911 1410 2979 τὴν

877 2983 929 3053 μὲν
945 2994 972 3039 et
984 2982 1038 3051 τὴν
1049 2982 1080 3038 δὲ
1090 2990 1237 3041 subaudias
1252 2987 1354 3053 μερίδα
1368 2982 1411 3050 τῆς

877 3051 1018 3122 γεφύρηςε
1046 3059 1118 3125 quod
1137 3058 1202 3109 mihi
1217 3060 1327 3126 quidem
1339 3057 1410 3110 veie

877 3135 981 3180 menter
995 3128 1134 3194 displicet,
1157 3131 1204 3194 qui
1222 3131 1292 3181 dnos
1314 3133 1411 3195 pontes,

877 3197 991 3250 alterum
1001 3199 1208 3250 aPhoenioibns
1222 3208 1249 3251 et
1261 3199 1366 3265 quidem
1374 3211 1411 3246 ru·

876 3270 1003 3321 dentibus
1026 3284 1040 3318 e
1060 3268 1116 3319 lino
1137 3270 1255 3319 candido
1277 3267 1410 3323 conlectis,

875 3338 991 3390 alterum
1004 3338 1038 3388 ab
1046 3338 1190 3405 Aegyptiis
1200 3354 1315 3404 eumque
1325 3337 1413 3388 inden-

876 3409 949 3459 tibns
960 3408 1081 3473 byblinis
1095 3412 1219 3460 iunctum
1231 3410 1266 3459 ab
1279 3407 1411 3459 Herodoto

876 3478 994 3530 iudicari
1015 3483 1121 3544 putem:
1148 3481 1240 3544 prouti
1264 3480 1320 3527 iam
1337 3488 1412 3542 supro

875 3548 975 3615 plurali
990 3564 1101 3599 numero
1116 3548 1216 3599 Noster
1233 3549 1342 3599 loeutus
1359 3552 1412 3596 erat

875 3619 938 3677 VII,
950 3619 997 3669 25:
1014 3612 1232 3683 παρεσκευάζετο
1244 3611 1275 3667 δὲ
1284 3614 1333 3667 καλ
1346 3609 1412 3666 ὅπλα

876 3681 911 3745 ἐς
931 3679 993 3745 τάς
1011 3680 1168 3752 γεφύρας
1185 3681 1305 3754 βύβλινά
1325 3701 1354 3735 τε
1369 3679 1410 3733 καὶ

875 3755 1052 3817 λευκολίνου,
1063 3749 1199 3817 ἐπιτάξας
1207 3754 1326 3818 Φοίνιξί
1333 3771 1360 3806 τε
1370 3750 1411 3803 καλ

876 3822 1067 3891 Αἰγυπτίοισι.
1081 3826 1143 3879 eoll.
1156 3828 1218 3891 Vll,
1229 3827 1276 3879 37:
1296 3820 1336 3885 ἀς
1345 3817 1412 3874 oiri

875 3910 905 3945 τε
918 3895 975 3946 τῶν
987 3896 1133 3962 γεφυρέων
1143 3890 1359 3948 κατεσκεύαστο.
1380 3895 1411 3944 Et

875 3968 945 4019 satis
959 3968 1073 4029 docent,
1087 3984 1157 4034 quae
1172 3968 1245 4018 inira
1256 3968 1321 4029 Vll,
1336 3967 1369 4018 39
1380 3965 1411 4015 le

876 4043 992 4102 guntur,
1011 4038 1094 4088 verba
1111 4031 1165 4101 τήν
1182 4030 1233 4102 μὲν
1251 4034 1410 4086 λευκολίνου

875 4112 959 4173 atque
974 4099 1028 4171 τὴν
1047 4098 1077 4155 δ’
1093 4098 1191 4173 ἑτέρην
1208 4099 1261 4171 τὴν
1280 4102 1410 4173 βυβλίνην

875 4179 916 4227 sie
929 4179 1091 4243 decipienda
1110 4194 1179 4227 esse.
1203 4177 1300 4242 ltaque
1313 4174 1409 4226 nullum

282 4265 358 4313 μιτα,
367 4247 705 4314 praeeunteValelienario
716 4252 743 4299 et
753 4262 824 4298 oom-
874 4247 999 4309 dubium,
1022 4249 1086 4313 quin
1111 4249 1174 4299 διιοε
1195 4252 1294 4312 pontes
1314 4247 1409 4297 Xerxes

282 4324 397 4384 perante
416 4310 536 4382 ἀχάριτα
552 4317 692 4380 Viuite.
726 4319 823 4382 ltaque
874 4317 1260 4379 struxerit‚siveuommotna
1277 4316 1409 4381 copiarum

281 4389 566 4439 hsudseioenetiem
578 4387 822 4451 VlIl,143reponi
874 4386 1075 4454 magnitudine,
1110 4386 1208 4453 quibus
1244 4384 1408 4436 traiieiendis

282 4459 381 4513 debeat
390 4450 514 4525 ἀθέμιτα
525 4474 575 4525 pro
588 4450 734 4524 ἀθέμιστα,
749 4458 821 4526 quod
872 4473 941 4510 unus
955 4474 1022 4525 pons
1039 4456 1163 4509 sufficere
1182 4457 1255 4508 haud
1273 4456 1349 4508 risus
1363 4459 1407 4517 est,
