3048 5130
269 348 329 416 186

697 354 968 420 HERODOTI

264 532 312 619 τῷ
326 526 481 617 Μιλήτου
500 526 670 624 τυρύννρι,
693 536 806 624 πολλῷ
821 537 868 601 ἔτι
889 533 1021 619 ἐγένετο
1035 534 1196 617 Κυψέλου
1209 536 1381 624 μιαιφονώ-

264 659 369 721 τερος.
402 636 531 721 πέμψας
553 631 615 723 γὰρ
640 632 730 723 παρὰ
752 635 995 725 Θρασύβουλον
1021 636 1158 727 κήρυκα.
1172 639 1381 725 ἐπυνθάνετο,
1476 674 1477 677 ’

264 731 380 805 ὅντινα
393 731 436 806 ἂν
450 736 572 825 τρόπον
591 733 842 825 ἀσφαλέστατον
855 740 1142 830 καταστησάμενος
1157 747 1225 811 τῶν
1242 744 1380 833 πρηγμά-
1476 826 1477 829 ¹

263 867 333 909 των
358 840 515 910 κάλλιστοι
535 839 595 931 τὴν
615 840 715 911 πόλιν
741 844 963 933 ἐπιτροπεύοι.
1009 844 1248 934 Θρασύβουλος
1270 848 1306 916 di
1324 845 1421 916 cdettt
1476 854 1477 937 ᾗ

264 944 406 1015 ἐλθόντα
422 942 510 1035 τιαρύ
523 950 580 1015 τού
593 945 807 1036 Περιάνδρου
821 951 916 1037 ἐξῆγε
933 952 994 1031 ἔξω
1007 953 1068 1018 τού
1081 944 1214 1029 ἄστεος·
1242 948 1337 1039 ἐσβὰς
1349 953 1381 1020 dl
1476 954 1477 971 ¹

263 1146 382 1200 Sosicles
400 1148 433 1198 de
447 1147 590 1198 Periandro
605 1152 679 1198 recte
696 1148 799 1201 iudica·

260 1219 342 1279 verit,
350 1218 400 1269 hoc
407 1219 560 1268 accuratius
569 1232 615 1282 per
626 1218 734 1281 singula
745 1220 800 1271 dis-

261 1289 346 1351 quirit
364 1288 393 1338 C.
407 1289 534 1353 Wagner.
554 1290 581 1338 in
601 1289 748 1352 scriptione
765 1289 798 1339 de

260 1358 410 1410 Periandro
423 1374 484 1423 pag.
503 1358 532 1409 13
545 1372 618 1422 seqq.
641 1357 703 1408 coll.
718 1358 747 1409 C.
762 1358 795 1412 Ο,

261 1428 384 1479 Mueller.
399 1429 463 1478 Dor.
474 1428 496 1480 I.
509 1442 569 1493 pag.
582 1427 629 1479 165
640 1442 714 1492 seqq.
735 1427 796 1489 Quo

259 1497 350 1549 iudice
364 1498 511 1548 Periander
525 1512 590 1548 sane
613 1512 645 1547 ea
666 1498 796 1561 instituit,

260 1582 330 1634 qnae
343 1584 454 1634 reguum
468 1570 533 1618 mite
546 1571 573 1616 et
582 1567 795 1630 'sapientissimis

260 1637 382 1688 consiliis
392 1637 605 1688 administratum
613 1637 795 1701 produnt,im-

259 1710 419 1759 munitatem
434 1708 494 1757 dico
512 1707 673 1757 tributorum
687 1708 794 1759 civibus

259 1792 431 1835 conceaaam.
446 1777 575 1827 luxuriam
593 1777 720 1827 ditiorum
739 1777 794 1826 edi-

258 1849 311 1898 ctis
324 1849 485 1909 coiecitam,
500 1846 553 1896 alia
569 1846 596 1896 id
611 1861 696 1910 genus
710 1846 781 1896 ad'
757 1863 793 1896 cr-

258 1918 355 1970 vitatis
373 1919 464 1967 florem
484 1932 562 1981 quam
580 1917 696 1966 maxime
710 1917 793 1980 perti-

258 1990 365 2038 nentia:
381 1985 452 2035 unde
463 1985 611 2046 laetum,nt
623 1984 669 2034 ilio
679 2001 793 2051 regnan·

257 2059 284 2106 te
304 2057 488 2106 ad'summum
504 2055 575 2105 floris
587 2055 727 2119 fastigium
741 2054 793 2106 Co·

255 2124 339 2175 rinthi
353 2141 396 2175 res
413 2125 566 2190 pervenisse
580 2125 715 2188 putandae
726 2125 790 2175 sint.

257 2196 310 2257 Qui
324 2195 394 2245 idem
407 2201 497 2245 tamen
511 2209 561 2259 quo
573 2209 614 2245 rea
627 2209 691 2245 snas
702 2201 790 2246 tuera-

256 2270 301 2313 tnr
315 2264 540 2331 tyrannidemque
554 2268 688 2327 narraret,
702 2264 737 2314 ab
752 2265 791 2315 in·

254 2334 325 2385 iuria
345 2335 529 2398 violentiaque
545 2349 597 2384 uon
613 2348 723 2399 prorsus
743 2335 790 2386 nb-

254 2403 391 2456 horruisse
404 2405 511 2456 videtur
522 2410 559 2465 et,
577 2419 644 2465 cum,
659 2404 789 2468 quidquid

253 2475 306 2524 sibi
321 2475 454 2537 libuisset,
469 2479 615 2540 peregerat,
628 2475 788 2537 praesertim

252 2544 331 2595 abeo
348 2547 411 2596 iude
425 2552 552 2608 tempore,
566 2559 617 2608 quo
631 2543 788 2595 domesticis

252 2614 456 2667 calamitatibus
469 2629 576 2677 prensus
589 2620 644 2674 est,
661 2612 788 2664 crudelis-

251 2686 337 2735 simua
350 2701 410 2735 mox
425 2685 530 2734 exstitit
540 2688 679 2746 tyrannus,
693 2685 737 2747 qui
747 2699 787 2733 re·

249 2754 296 2817 gni
311 2755 428 2819 speciem
443 2757 471 2803 in
486 2754 629 2803 terribilem
650 2755 787 2803 convertit

250 2825 403 2886 tyrannidis
425 2825 545 2873 sormam.
571 2825 661 2886 Aque
684 2822 786 2873 iudicio

250 2891 322 2942 band
337 2894 421 2944 lerme
431 2892 572 2942 discedunt
584 2906 624 2945 ea.
636 2906 706 2956 quae
718 2893 785 2941 Kor-

249 2964 303 3010 tiim
319 2962 426 3013 Griecb.
441 2961 601 3013 Gesohichte
615 2962 636 3011 I.
653 2976 716 3025 pag.
734 2963 784 3013 215

248 3046 305 3095 seq.
321 3033 354 3082 de
367 3033 417 3082 hoc
430 3035 505 3092 viro,
524 3036 637 3094 tyranno
649 3044 737 3094 aeque
750 3048 784 3082 ac

247 3101 381 3163 sapiente.
392 3101 533 3159 iudicavit,
541 3116 616 3163 quem
629 3099 662 3147 ob
673 3101 781 3150 nimiam

246 3171 354 3233 imperii
373 3177 400 3222 et
420 3171 557 3234 potentiae
579 3168 730 3231 cupidinem
748 3170 782 3219 ud

245 3255 332 3304 prava
346 3257 468 3306 quaeque
481 3240 599 3304 adeoque
609 3238 729 3289 crudelia
742 3239 782 3288 ia-

245 3310 338 3359 cinorn
360 3311 517 3373 perductum
542 3324 598 3358 esse
621 3309 691 3358 idem
713 3309 783 3358 Kor-

244 3381 309 3429 tiim.
323 3382 431 3431 statuit.
461 3380 553 3429 Mitior
567 3393 673 3441 quoqne
687 3376 720 3429 de
732 3379 782 3428 Pe·

244 3448 355 3499 riandro
380 3450 509 3499 indicium
532 3448 594 3497 tulit
611 3447 702 3497 Plasa:
729 3449 782 3500 Die

244 3520 380 3580 Tyrannio
397 3519 417 3569 l.
438 3534 498 3584 pag.
521 3521 566 3568 151
585 3533 641 3582 seq.
661 3518 780 3582 itemque

243 3588 385 3638 Dnnclrer:
403 3589 500 3639 Geach.
513 3589 538 3642 (1,
555 3586 671 3638 Alterth.
691 3588 737 3639 lV.
752 3605 778 3652 p.

244 3659 276 3708 17
286 3674 343 3723 seq.
354 3658 401 3709 29:
416 3675 483 3724 quos
493 3658 515 3709 τί
523 3658 658 3711 audimus.
671 3658 780 3707 iuPeri·

242 3728 327 3777 andro
341 3735 413 3780 recte
431 3728 603 3778 diiudicando
615 3726 688 3775 haud
704 3742 779 3791 prae·

240 3798 460 3859 termittendnm,
476 3798 546 3861 quod
567 3812 637 3862 qnae
657 3796 689 3846 de
704 3798 779 3847 Peri-

239 3867 319 3915 andri
331 3868 492 3918 crudelitate
513 3873 542 3917 et
559 3867 677 3917 saevitia
700 3881 777 3918 acce-

239 3936 328 4000 pimus
342 3938 453 3998 tradita,
465 3938 606 3986 traduntur
616 3936 671 3985 sore
686 3937 720 3985 ab
731 3938 776 3999 iia,

239 4006 287 4067 qui
297 4007 358 4056 odio
371 4008 399 4057 in
409 4008 578 4071 tyrannidem
591 4007 707 4056 maximo
720 4006 777 4057 fne-

237 4077 293 4125 rint
311 4076 402 4139 ducti,
420 4092 505 4139 neque
523 4093 588 4128 sane
600 4076 776 4125 Periandrnm

238 4160 255 4194 a
271 4145 370 4197 Solone
385 4148 530 4198 etPitteco
544 4147 677 4197 adscitum
691 4146 777 4196 inisse

238 4215 371 4266 arbitrum
404 4223 485 4282 atque
516 4219 543 4267 in
568 4218 656 4281 ipsum
684 4216 775 4266 decem

134 4340 145 4351 ε
239 4288 393 4348 sapientum
414 4301 549 4337 nnmerum
564 4289 702 4348 receptum
721 4285 775 4335 exi·

236 4355 358 4418 stimant,
373 4358 399 4406 ei
410 4361 488 4406 tanta
500 4355 660 4405 crudelitate
669 4370 775 4420 ,·quan

237 4428 294 4473 tam
311 4424 352 4475 illi
373 4426 470 4477 tribuit
484 4425 639 4477 Herodotus
663 4440 711 4488 pro
730 4439 772 4483 eo,

849 1164 902 1216 qno
917 1147 1015 1200 ductus
1024 1149 1088 1212 fuit,
1097 1148 1235 1202 libertatis
1245 1153 1333 1203 studio
1344 1157 1380 1217 ty-

848 1233 1049 1283 rannornmque
1073 1219 1154 1282 odio,
1177 1235 1272 1273 revera
1293 1221 1381 1273 inisset

849 1303 924 1343 usus.
953 1289 1086 1354 Equidem
1102 1294 1177 1341 certe
1190 1292 1219 1341 in
1231 1292 1267 1341 iie
1282 1292 1380 1356 acquie-

848 1373 923 1410 scere
934 1360 1034 1420 malim,
1048 1374 1117 1424 qnae
1126 1359 1274 1412 Muellerus
1286 1367 1313 1411 et
1320 1362 1379 1411 Kor-

847 1431 914 1479 tiim.
933 1427 967 1479 de
979 1428 1020 1479 his
1033 1434 1108 1481 recte
1122 1444 1239 1496 vereque
1252 1430 1379 1481 indicasse

847 1498 984 1555 videntur,
994 1514 1081 1563 neque
1093 1512 1135 1549 me
1148 1506 1240 1551 movet
1247 1500 1378 1551 Plutarchi

846 1568 997 1619 auotoritas
1009 1566 1095 1634 (Sept.
1106 1583 1184 1633 sapp.
1200 1572 1308 1620 conviv.
1323 1586 1377 1635 pag.
1476 1576 1477 1635 ᾖ

848 1640 896 1689 147
906 1635 948 1701 C),
964 1638 1010 1702 qui
1024 1653 1071 1701 pro
1087 1638 1202 1689 consilio
1215 1655 1266 1690 sno
1276 1641 1378 1692 Perian·
1476 1654 1477 1689 1

846 1708 889 1759 dri
900 1706 1072 1771 tyrannidem
1084 1722 1215 1759 excusare
1233 1710 1336 1769 studet3
1351 1716 1378 1759 tu
1476 1760 1477 1763 ,

845 1775 916 1827 conf
935 1775 1018 1827 adh.
1038 1777 1055 1827 1.
1071 1778 1278 1842 wyttenbachii
1295 1780 1377 1829 Anim-

845 1846 965 1897 adversa.
980 1861 1042 1912 pag
1057 1847 1118 1899 918.

879 1908 956 1977 παρὰ
973 1913 1177 1983 Θρασύβουλον
1192 1908 1314 1983 κήρυκα]
1340 1918 1377 1968 De
1476 1962 1477 1967 ,

844 1983 1017 2049 Thrasybulo
1030 1991 1114 2050 atque
1129 1987 1279 2037 Periandro
1295 1986 1378 2053 hospi-

844 2056 882 2105 tio
894 2057 995 2106 iunctis
1014 2055 1051 2106 ef.
1068 2056 1094 2120 I,
1108 2054 1150 2106 20.
1167 2081 1202 2092 -·
1214 2057 1258 2107 Ad
1273 2056 1326 2107 loci
1340 2073 1377 2107 ar·

842 2130 998 2189 gementum
1010 2125 1079 2176 haec
1093 2125 1123 2175 C.
1138 2125 1268 2191 Wagner.
1282 2126 1301 2176 l.
1315 2126 1333 2175 l.
1352 2142 1375 2191 p.

845 2196 885 2247 18,
902 2199 959 2245 not.
974 2194 1023 2246 63:
1051 2196 1155 2257 „Hanc
1167 2195 1302 2246 Herodoti
1321 2211 1376 2245 uar-
1476 2220 1477 2227 .

842 2266 974 2315 rationem
992 2265 1089 2315 Livius
1111 2265 1139 2327 I,
1160 2264 1195 2315 54
1216 2265 1252 2315 ad
1272 2266 1376 2317 Sextum

841 2334 1018 2397 Tarquinium
1044 2339 1072 2385 et
1088 2332 1209 2383 Gabinos
1230 2336 1373 2387 transtulit.

842 2404 884 2454 Cf.
899 2403 1030 2454 Niebuhr.
1038 2404 1130 2455 Roem.
1140 2403 1239 2455 Gesch.
1249 2404 1272 2455 1.
1283 2420 1309 2469 p.
1319 2403 1374 2455 513.
1476 2446 1477 2455 .

840 2474 900 2525 536.
927 2474 1077 2538 Utramque
1088 2473 1239 2538 Dionysius
1252 2474 1315 2524 Hal.
1327 2477 1375 2525 Au·

840 2544 907 2609 tiqq.
920 2544 1024 2592 Roman.
1036 2543 1083 2605 IV,
1094 2541 1128 2592 56
1139 2543 1261 2607 repetiit,
1275 2549 1302 2595 et
1310 2558 1374 2609 qnae

839 2611 956 2676 epistola
972 2611 1044 2675 apnd
1054 2613 1134 2676 Diog.
1151 2612 1172 2671 1,
1189 2613 1239 2663 100
1252 2611 1310 2678 [ubi
1323 2611 1374 2663 rid.

838 2680 959 2746 Menag.]
979 2682 1093 2744 legitur,
1113 2680 1182 2731 haec
1200 2697 1234 2731 ex
1249 2683 1374 2734 Herodoti

837 2753 930 2801 verbis
950 2751 1070 2801 conficta
1084 2765 1145 2801 esse
1159 2752 1278 2806 videtur.
1310 2752 1373 2802 Con-

838 2822 926 2873 silium
946 2822 1047 2884 ipsum,
1066 2821 1138 2885 quod
1157 2819 1259 2872 Thales
1278 2820 1374 2871 inPlu-

837 2892 924 2941 tarch.
946 2891 1060 2941 Conviv.
1078 2905 1139 2955 pag.
1164 2890 1241 2940 1470
1267 2891 1373 2942 Perian-
1476 2886 1477 2897 ¹

836 2962 884 3011 dro
906 2960 1095 3024 displicuisse.
1114 2960 1279 3010 Aristoteles
1292 2959 1369 3012 Polit.

835 3031 894 3092 lIl,
912 3029 951 3080 11.
966 3031 1004 3088 V,
1021 3030 1053 3079 16
1068 3027 1136 3093 [111,
1151 3028 1181 3090 8,
1196 3028 1213 3079 3
1228 3030 1289 3081 coll.
1305 3032 1334 3089 V,
1347 3029 1369 3091 Β,

834 3099 861 3165 7]
884 3115 901 3149 a
920 3099 1070 3149 Periandro
1088 3098 1261 3163 Thrasybulo
1283 3101 1370 3148 datum

835 3184 895 3219 esee
927 3168 1026 3230 tradit,
1059 3166 1219 3231 Apollonius
1248 3170 1370 3233 Tyaneus
1476 3214 1477 3217 ,

834 3236 979 3303 (Philostr.
995 3238 1028 3289 V.
1042 3236 1131 3302 Apoll.
1147 3237 1185 3301 V,
1198 3237 1249 3302 36)
1265 3241 1370 3287 damna·

833 3310 874 3357 vit
903 3309 1066 3372 poeticoque
1095 3322 1127 3356 ex
1148 3309 1231 3357 resait
1249 3307 1368 3373 Euripid.

832 3376 927 3441 Suppl.
942 3376 994 3427 445
1007 3378 1102 3441 aeqq.“
1128 3322 1259 3426 liuucher
1276 3377 1323 3432 1,1.
1344 3393 1367 3440 p.

835 3448 866 3497 18
881 3448 1073 3496 auctoritatem
1080 3445 1214 3496 Herodoti
1223 3447 1368 3496 Periandro

832 3516 860 3565 id
879 3516 1022 3567 consilium
1047 3531 1063 3565 a
1081 3514 1253 3579 Thrasybulo
1279 3516 1367 3566 datum

832 3601 892 3635 esse
905 3586 1044 3635 narrantia
1058 3587 1187 3649 postponi
1198 3586 1259 3636 vult
1268 3587 1368 3636 Aristo·

831 3655 894 3717 teli,
908 3657 952 3720 qni
966 3655 985 3704 l.
999 3654 1017 3705 l.
1030 3654 1202 3717 Thrasybulo
1220 3655 1248 3705 id
1261 3657 1369 3705 Perian-

830 3726 906 3774 drum
922 3726 1042 3775 suasisse
1054 3723 1147 3785 tradit,
1157 3741 1217 3774 cum
1223 3725 1367 3776 Periander

831 3796 889 3859 ipse
901 3799 957 3844 tam
972 3796 1082 3856 capiens
1095 3793 1194 3855 inerit,
1210 3800 1241 3843 ut
1257 3794 1366 3844 alterins

829 3865 943 3914 oonsilio
957 3863 1028 3913 haud
1044 3863 1200 3926 indiguerit,
1212 3864 1365 3926 Thrasybu-

828 3934 870 3983 lus
889 3943 994 3991 antem‚
1011 3935 1057 3998 qui
1076 3928 1170 3983 rdeena
1190 3933 1224 3983 ad
1246 3932 1364 3997 tyranni·

828 4003 888 4052 dem
900 4008 1012 4053 evectus
1022 4002 1121 4061 luerit,
1136 4002 1291 4052 huiusmodi
1303 4018 1364 4051 con·

828 4074 891 4122 silio
909 4073 1002 4136 potius
1021 4072 1127 4133 eguerit
1147 4072 1182 4122 ad
1207 4072 1363 4122 firmandam

826 4143 999 4207 tyrannidem
1018 4156 1113 4192 recens
1137 4148 1254 4205 partam.
1289 4142 1362 4203 Quae

826 4228 889 4262 unm
908 4211 1048 4263 sufficiant
1074 4210 1109 4261 ad
1127 4210 1260 4261 Herodoti
1283 4216 1362 4275 atque

825 4281 940 4332 aliorum
953 4281 1024 4330 idem
1036 4282 1203 4331 narrantium
1219 4279 1297 4330 fidem
1313 4279 1362 4329 tol·

824 4351 932 4402 leudam
934 4349 1075 4429 equidem
1084 4350 1360 4402 handat’firmaverrm

870 4410 970 4471 ὅντινα
989 4434 1026 4469 αν
1051 4410 1208 4483 τρόπον-
1230 4412 1360 4469 κάλλιστα
