3046 5134
508 404 949 468 POLerN1A.v11.re.

1232 398 1292 459 521

161 609 219 661 νος
241 579 277 649 dl
299 580 355 648 καὶ
375 578 567 668 πυθόμενος
586 583 726 648 ἐκείνων
740 581 862 648 ἕκαστα
884 582 925 666 τῇ
946 575 1110 665 Ἀθηναίη
1128 580 1168 664 τῇ
1182 571 1297 644 Ἰλιάδι

162 693 267 756 ἔθυσε
291 689 374 771 βοῦς
402 691 524 770 χιλίας·
559 681 637 770 χοὰς
665 684 702 752 <ll
727 688 761 752 οί
778 678 877 769 μάγοι
902 697 988 751 τοῖσι
1019 679 1124 770 ἥρωσι
1152 681 1295 766 ἐχέαντο.

87 849 90 853 ’
195 850 229 918 aq}
239 842 376 916 Ἀθηναίη
387 846 422 916 τῇ
430 842 518 901 'Ilroirl
521 866 530 899 ι
540 842 627 900 ἔθυσε
637 845 707 917 βοῦς

160 918 265 989 χιλίας]
283 920 334 971 Cui
346 921 431 972 eidem
445 921 526 982 deae,
542 921 705 972 observante

141 984 355 1056 iwesseltngto,
370 990 523 1040 Alexander
536 1006 642 1056 quoqne
651 990 707 1040 Ma·

165 1062 231 1113 cedo
243 1061 321 1110 Ilium
333 1060 442 1110 delatus
453 1075 532 1109 sacra
541 1060 616 1121 lecit,
630 1061 707 1110 testi·

165 1133 217 1181 bus
230 1133 347 1180 Arriano
360 1130 384 1192 1,
399 1131 426 1179 ll
442 1136 469 1179 et
483 1131 603 1181 Diodoro
616 1130 705 1191 XVII,

168 1202 209 1252 le.
246 1200 319 1250 Idem
340 1207 424 1251 antea
443 1200 546 1250 fecerat
563 1200 706 1250 Mindarus

164 1261 194 1318 ἐν
204 1262 276 1330 Ἰλίῳ
291 1264 375 1318 θύων
385 1266 421 1334 τῇ
432 1262 554 1335 Ἀθηνᾷ,
569 1274 598 1319 nt
610 1269 706 1319 scribit

164 1339 316 1405 Xenophon
334 1339 362 1388 in
382 1336 507 1390 Hellenn.
527 1341 558 1400 1,
579 1342 607 1401 l,
627 1343 658 1400 4,
679 1343 707 1388 et

164 1415 262 1473 postea
275 1409 342 1460 fecit
354 1408 384 1460 (l.
399 1409 506 1471 Livius,
523 1410 705 1460 Romanorum

165 1479 234 1543 dux,
264 1480 311 1544 qai
329 1484 400 1530 teste
421 1479 501 1528 Livio
522 1479 668 1540 XXXVII,
690 1477 707 1528 ll

165 1549 267 1613 „Ilium
282 1549 406 1598 ascendit
419 1551 594 1613 sacrificioque
609 1550 707 1598 Miner·

166 1636 233 1683 „one
253 1620 327 1683 facto
348 1617 501 1679 locationes
517 1619 648 1669 finitimas
672 1618 708 1667 ab

167 1688 320 1751 „Elaeunte
340 1694 367 1739 et
385 1687 515 1738 Dardano
537 1695 563 1737 et
576 1688 708 1746 Rhoeteo,

168 1757 329 1822 „tradentes
348 1760 376 1807 in
396 1757 473 1807 fidem
489 1758 618 1808 civitates
634 1773 707 1819 suas,

169 1829 304 1893 „benigne
317 1828 459 1882 audivir:“
477 1828 533 1878 alia
548 1830 580 1878 de
595 1828 646 1877 hac
658 1829 711 1877 Mi-

89 1907 92 1911 ’
166 1914 252 1949 nerra
275 1897 408 1948 excitarit
432 1898 549 1948 Creuner
564 1898 669 1948 Melett.
686 1898 708 1947 I.

167 1985 194 2033 p.
207 1968 241 2019 ‘23
256 1967 317 2017 coll.
331 1967 451 2030 Symbol.
464 1968 517 2018 ΙΙΙ.
530 1985 557 2032 p.
571 1968 632 2020 352.
658 1967 710 2017 Eis

167 2040 252 2103 igitur
272 2038 436 2088 testimoniis
452 2052 510 2088 cum
531 2039 598 2087 satis
612 2038 708 2099 proba-

167 2114 225 2157 tum
256 2107 400 2169 rideatur,
430 2108 571 2158 Minervam
596 2107 711 2168 Iliacam,

170 2193 252 2242 qnam
265 2178 388 2229 Graecam
405 2176 483 2227 deam
501 2177 583 2242 vulgo
599 2177 711 2236 habent,

168 2248 213 2312 pie
227 2246 350 2311 adeoque
361 2247 506 2311 insigniter
518 2247 570 2297 hoc
582 2247 643 2297 loco
656 2245 713 2297 cul‘·

170 2323 226 2366 tam
240 2331 316 2379 asse,
333 2317 390 2367 iure
401 2317 505 2367 miraris
519 2317 634 2367 Xerxem
649 2318 713 2367 Per·

169 2401 261 2436 aarum
276 2401 364 2452 regem
379 2386 491 2436 eraeeu
505 2386 604 2436 bellum
622 2386 713 2436 illatu-

169 2472 227 2505 rum
242 2454 306 2505 hnic
318 2456 385 2506 deae
402 2471 482 2506 sacra
494 2456 585 2506 tacere
598 2470 712 2519 aanqne

169 2526 220 2575 boc
232 2526 311 2575 modo
322 2527 467 2589 propitiam
478 2527 531 2575 sibi
544 2525 656 2577 reddere
667 2540 714 2574 ro-

168 2596 267 2645 lnisse:
297 2611 381 2661 quare
398 2596 519 2646 Graecae
543 2596 624 2646 huius
644 2595 712 2645 deae

169 2665 222 2733 boe¹
238 2663 298 2715 loco
314 2664 405 2716 cultae
424 2665 610 2730 appellatione
624 2664 713 2714 Persi-

170 2748 231 2785 cum
245 2736 341 2799 utique
354 2750 460 2794 numen,
474 2736 545 2799 quod
555 2737 658 2786 Xerxes
667 2750 713 2785 ve·

169 2810 282 2855 aeratus
305 2806 357 2865 sit,
382 2804 497 2869 intelligi
520 2805 628 2856 credam
651 2819 712 2854 snm

171 2874 252 2939 plane
275 2875 303 2923 in
322 2874 446 2933 modam,
468 2891 521 2940 quo
535 2876 713 2935 Artaxerxes,

170 2947 319 3008 antequam
345 2961 455 3008 regnam
484 2950 655 3009 capesseret,
682 2948 714 2993 ut

170 3015 336 3071 initiaretur,
344 3015 463 3066 intrasse
474 3014 575 3064 dicitur
585 3014 714 3079 tcmplnm

169 3084 255 3145 deae,
273 3072 309 3146 ἣν
321 3076 449 3153 Ἀθηνᾷ
461 3077 497 3132 ἄν
510 3100 552 3139 τις
566 3076 713 3145 efficeres,

170 3168 244 3219 qnae,
259 3153 342 3203 verba
363 3157 428 3221 qnnt
448 3153 589 3204 Plutarchi
608 3156 636 3204 in
653 3154 710 3207 Vit.

170 3225 316 3274 Artaxerx.
329 3239 389 3288 cap.
400 3226 425 3273 4.
445 3224 487 3274 De
498 3225 609 3273 Persico
621 3228 712 3274 autem

170 3294 282 3342 numine
297 3293 321 3343 ai
337 3297 498 3358 quaeratur,
520 3294 574 3342 iarn
593 3292 713 3344 Kleulrer

170 3362 295 3427 append.
309 3364 342 3413 ad
355 3364 519 3414 Zendavest.
535 3363 587 3413 111.
601 3379 664 3428 pag.
678 3363 713 3415 23

171 3433 347 3489 observarat,
362 3433 386 3482 si
398 3448 464 3483 vera
475 3438 582 3496 essent,
598 3448 668 3497 qnae
680 3432 713 3483 de

170 3504 262 3553 Xerxe
271 3502 414 3552 Minervae
426 3502 527 3553 iliacae
540 3502 715 3553 sacrificante

172 3572 329 3622 Herodbtas
342 3571 472 3636 tradidit,
487 3575 601 3624 Xerxem
617 3573 716 3635 proba-

170 3641 263 3692 biliter
278 3643 416 3706 cogitasse
429 3642 462 3692 de
473 3644 605 3704 Anaitide,
618 3643 716 3693 Persa·

170 3726 229 3760 rum
243 3710 308 3771 dea,
324 3722 404 3775 quam
421 3728 470 3776 pro
484 3713 649 3762 Graecorum
665 3712 715 3761 Mi·

172 3796 260 3831 nerra
282 3780 392 3845 qnidam
418 3778 572 3845 accipiant,
596 3782 643 3831 alii
665 3797 714 3845 pro

171 3852 265 3901 Diana
277 3850 392 3915 babent,
412 3868 471 3902 cnm
485 3852 565 3902 lunae
579 3851 717 3916 signitica-

172 3922 275 3971 tionem
299 3922 327 3970 iu
351 3937 384 3971 ea
406 3923 496 3972 inesse
518 3927 627 3986 putent3
658 3923 714 3974 vid.

172 3989 276 4044 lloeth:
296 3991 394 4041 deser.
406 3992 432 4043 d.
444 3990 634 4056 Philosophi.
646 3995 715 4041 nott.

173 4075 234 4125 pag.
249 4059 300 4111 282
319 4060 380 4112 coll.
396 4060 521 4114 Crenaer.
541 4060 661 4126 Symbol.
676 4061 712 4112 II.

172 4146 199 4194 p.
217 4128 277 4189 673.
314 4131 463 4194 Equidem,
490 4135 521 4180 ut
542 4132 631 4182 dicam
649 4132 714 4195 quid

171 4199 304 4257 sentiam,
322 4199 355 4249 de
374 4216 407 4252 ea
421 4200 472 4251 dea
490 4200 535 4250 hic
549 4202 594 4262 agi
610 4206 713 4264 putem,

171 4284 253 4334 quam
267 4268 369 4320 Persae
387 4271 525 4320 vocabant
540 4268 657 4329 Μίτραν
676 4274 715 4321 te-

172 4342 214 4389 ste
228 4338 369 4389 Herodoto
385 4340 413 4401 I,
428 4341 491 4400 132,
512 4341 560 4390 ubi
573 4341 629 4391 vid.
644 4357 714 4406 quae

172 4407 328 4458 attulimus:
347 4407 389 4459 his
404 4410 473 4460 adde
487 4410 713 4461 Windiacbmann

171 4478 216 4527 in:
235 4476 380 4533 Abhandll.
397 4480 422 4530 d.
437 4480 565 4531 Miincbn.
579 4480 666 4532 Akad.
687 4480 713 4532 d.

755 852 839 900 Wiss.
857 847 930 901 leet.
944 849 1021 911 VIlI,
1036 850 1048 900 l
1064 845 1218 915 (XXXIII).
1231 861 1296 910 pag.

758 920 807 972 103
816 934 892 984 seqq.
906 919 934 968 in
945 919 1146 970 Dissertatione
1157 916 1190 966 de
1200 918 1297 967 Persu-

755 1007 813 1041 rum
827 989 941 1049 Mithra,
958 988 1003 1038 ubi
1020 990 1104 1039 etiarn
1117 989 1150 1039 de
1162 988 1214 1037 dea
1225 987 1297 1035 dna·
1366 1042 1370 1049 .

756 1061 828 1123 bita,
849 1075 918 1124 quae
938 1074 1020 1123 prope
1033 1059 1160 1108 Mithram
1178 1055 1298 1121 appella-

756 1138 814 1193 tur,
828 1129 989 1193 disputavit.
1020 1130 1062 1179 De
1074 1129 1160 1178 Iliaca
1173 1128 1298 1177 Minerva

756 1201 887 1250 disseruit
919 1198 949 1251 C.
984 1197 1016 1252 Ο.
1044 1199 1159 1249 Mueller
1191 1196 1298 1260 (Kleiue

756 1268 887 1320 Deutscb.
903 1267 1015 1319 Sebriit.
1031 1268 1071 1320 11.
1088 1284 1114 1333 p.
1127 1267 1204 1333 205),
1226 1280 1298 1316 eam-

757 1355 810 1405 que
821 1338 915 1388 retulit
925 1337 959 1387 ad
971 1338 1111 1403 antiquam
1123 1337 1198 1388 illam
1211 1336 1297 1395 deam,

757 1409 886 1459 Troianis
902 1406 1018 1468 cultam,
1033 1408 1079 1458 cui
1092 1409 1228 1458 Troianae
1243 1421 1299 1455 mu-

756 1479 837 1530 lieres
851 1477 960 1543 peplum
975 1477 1091 1527 offerunt
1104 1478 1176 1543 apud
1185 1477 1298 1526 Homer.

757 1548 800 1600 Ili.
815 1550 862 1611 Vl,
877 1547 928 1598 rto
945 1562 1021 1612 seqq.

793 1616 862 1685 βοῦς
880 1614 982 1681 χιλίας]
1001 1616 1163 1667 Eustatlrius
1178 1631 1210 1666 eo
1229 1613 1299 1674 loco,

759 1704 836 1751 quem
850 1690 885 1737 ad
898 1703 958 1751 cap.
974 1688 1009 1736 42
1021 1687 1178 1746 citavimus,
1195 1677 1300 1749 χιλιόμ-

758 1756 813 1825 βην
826 1757 877 1807 hoc
890 1756 1053 1808 sacrificium
1069 1756 1141 1807 mille
1156 1756 1235 1806 boum
1253 1769 1301 1817 ap·

759 1829 856 1894 pellat:
876 1843 930 1892 quo
943 1826 1078 1877 sacrificio
1091 1826 1186 1891 epulas
1198 1823 1302 1876 exerci-

759 1904 804 1950 tus
819 1897 898 1948 simul
911 1898 1045 1947 contineri
1060 1896 1118 1947 vult
1130 1895 1225 1947 Rhode
1238 1892 1301 1957 (Dic

759 1967 853 2033 beilig.
866 1967 930 2032 Sag.
945 1967 972 2017 d.
985 1968 1060 2017 Pers.
1076 1981 1138 2031 pag.
1148 1962 1225 2030 507),
1241 1979 1301 2014 cum

760 2038 832 2104 apud
845 2038 944 2088 Persas
963 2053 1037 2087 more
1053 2041 1190 2100 receptum
1210 2033 1302 2086 luerit.

760 2112 791 2159 nt
804 2108 913 2158 hostiae
926 2111 1064 2158 mactatae
1078 2122 1174 2158 carnes
1185 2104 1219 2155 ad
1232 2119 1301 2163 enm,

762 2180 807 2244 qni
821 2175 985 2227 sacrificium
998 2178 1158 2240 obtulisset,
1172 2174 1303 2225 redierint

762 2254 790 2299 et
804 2248 839 2298 ab
853 2263 885 2298 eo
898 2247 957 2298 sive
972 2247 1029 2297 solo
1043 2248 1103 2298 sive
1114 2246 1169 2297 ant
1183 2260 1243 2295 cunr
1255 2242 1303 2292 bo-

762 2319 879 2383 spitibus
889 2321 937 2366 aut
949 2317 1092 2368 sodalibus
1102 2328 1227 2368 comesse
1236 2314 1302 2365 siut.

761 2390 805 2439 De
819 2402 871 2452 qno
887 2391 949 2436 utut
963 2388 1079 2449 statuis,
1100 2388 1161 2451 ipse
1175 2398 1303 2433 numerus

761 2457 835 2509 mille
852 2457 933 2506 bourn
949 2459 1083 2525 neminem
1099 2454 1232 2526 offendet,
1256 2453 1304 2517 qui

761 2526 941 2592 reputaverit,
949 2531 991 2576 ter
999 2525 1072 2576 mille
1081 2525 1187 2575 hostias
1198 2540 1214 2573 a
1223 2522 1303 2572 Croe-

762 2613 793 2648 so
813 2594 922 2647 oblatas
943 2594 1056 2660 (Herod.
1076 2597 1105 2658 I,
1124 2594 1159 2647 50
1179 2593 1226 2643 abi
1246 2592 1302 2641 vid.

763 2665 861 2733 nott),
891 2665 947 2715 alia
973 2665 1133 2716 uniusmodi
1159 2652 1303 2723 sacrificia}

762 2753 833 2801 qnae
847 2737 1070 2786 commemoravit
1081 2732 1215 2785 Lasaulx:
1238 2732 1303 2782 Stu-

763 2808 825 2857 dien
841 2807 867 2888 d.
878 2805 959 2858 class.
974 2805 1090 2881 Altertb.
1103 2820 1130 2869 p.
1143 2803 1196 2854 269
1206 2818 1264 2881 αξη.

763 2868 1305 3010 attttdildttitdetuit?

763 3023 807 3066 cte
824 3016 933 3080 accepit
951 3032 1000 3081 pro
1021 3006 1168 3077 Murcum
1193 3012 1227 3062 de
1251 3026 1304 3075 quo

763 3087 846 3137 verbo
859 3086 915 3137 rid.
932 3091 1002 3136 nott.
1014 3084 1048 3134 ad
1062 3086 1085 3144 1,
1098 3083 1157 3139 litt.
1184 3084 1242 3133 Nec
1254 3080 1305 3130 ali·

763 3162 806 3207 ter
827 3155 995 3206 intellexisse
1013 3155 1093 3204 video
1112 3153 1249 3218 Heyninm
1270 3150 1305 3199 ad

762 3225 947 3277 Lechevalier.
962 3225 979 3277 l.
992 3224 1009 3275 l.
1023 3241 1050 3288 p.
1063 3223 1098 3275 58
1109 3228 1176 3273 nott.
1197 3221 1252 3272 Sub
1262 3221 1304 3271 lra-

762 3297 848 3346 roilms
863 3299 953 3346 autem
966 3295 994 3348 h.
1006 3294 1023 3344 l.
1035 3294 1155 3344 chulrer
1173 3291 1191 3341 l.
1204 3291 1220 3341 l.
1240 3307 1303 3355 pag.

763 3369 796 3417 24
818 3364 936 3430 intelligi
960 3366 1020 3415 vult
1040 3364 1131 3415 beroea
1149 3363 1304 3423 Horaericos,

763 3452 833 3498 cum,
848 3435 1029 3499 Xenophonte
1042 3449 1149 3499 quoque
1160 3437 1240 3492 teste,
1252 3431 1305 3493 Cy-

764 3522 809 3556 rus
829 3505 999 3569 atquelllagi
1018 3504 1231 3565 rrniuscuinaque
1252 3505 1304 3550 ter·

764 3591 821 3638 rae,
832 3592 911 3641 qnam
923 3578 1102 3639 permearent,
1113 3572 1210 3622 herotis
1221 3570 1305 3620 advo·

765 3661 829 3696 care
847 3644 1040 3696 consueverint
1053 3643 1215 3707 indigenas,
1236 3654 1305 3704 quos

765 3716 817 3765 sibi
831 3715 966 3780 propitios
978 3713 1131 3775 redderent.
1155 3714 1249 3774 Neque
1263 3716 1306 3759 ta-

763 3785 802 3835 lia
818 3784 964 3835 abborreie'
978 3788 1059 3849 putat
1072 3799 1088 3832 a
1101 3783 1228 3833 Persicae
1243 3779 1307 3829 reli-

765 3856 853 3921 gionis
869 3854 973 3913 indole3
994 3854 1017 3904 si
1030 3853 1137 3918 quidem
1149 3853 1250 3901 Persae
1261 3850 1307 3900 bs·

765 3927 826 3976 reiis
844 3940 898 3975 non
915 3929 1046 3989 tanquam
1064 3923 1129 3973 deos
1147 3923 1236 3986 ipsos,
1258 3919 1305 3970 sed
1386 3960 1391 3972 .

765 4000 796 4044 ut
809 3997 904 4060 genios
915 3994 1002 4044 bonos
1012 3994 1070 4045 sive
1080 3993 1176 4043 summi
1187 3990 1251 4040 boni
1261 4005 1307 4054 ge·

766 4065 804 4113 nii
816 4065 956 4115 ministros
969 4068 1052 4127 atque
1064 4063 1219 4122 adiutores,
1239 4075 1305 4125 qua-

764 4133 804 4185 les
813 4138 949 4185 vocantur
959 4133 1064 4190 Feruor,
1079 4132 1212 4182 coluerint
1225 4136 1307 4195 atque

765 4204 964 4255 invocaverint.
988 4202 1024 4250 At
1035 4201 1113 4252 Gallo
1125 4202 1216 4261 docto,
1227 4199 1308 4250 Choi-

765 4271 981 4329 seul-Goufder,
1005 4273 1119 4336 Voyage
1136 4271 1307 4335 pittoresqne

766 4349 819 4395 etc.
836 4343 872 4393 ll.
886 4358 949 4407 pag.
964 4340 1015 4391 385
1028 4342 1076 4391 vix
1089 4339 1218 4391 credibile
1231 4340 1308 4389 ride·

764 4416 824 4474 tur,
844 4414 941 4475 Magos
955 4411 983 4459 in
1002 4410 1140 4475 peregrini
1154 4408 1245 4460 herois
1261 4409 1306 4457 lro-

765 4498 856 4533 norem
868 4482 1016 4532 libationes
1027 4481 1138 4539 tecissc3
1150 4480 1245 4545 itaque
1254 4479 1308 4529 He-
