2986 5130
455 410 728 476 pontinum.
751 410 823 477 vll.
849 424 905 479 ni.
931 424 990 480 ιιι.
1226 410 1287 480 659

155 585 298 677 πόλεμος
318 587 441 668 συστὰς
463 594 567 660 ἔσωσε
587 590 661 660 τότε
682 588 744 679 τήν
763 585 919 677 Ἑλλάδα,
946 587 1138 677 ἀναγκάσας
1157 600 1286 660 θαλασ-

155 699 248 771 σίους
262 694 421 778 γενέσθαι
440 689 651 782 Ἀθηναίους.
686 699 723 762 nl
735 694 789 779 δὲ,
811 699 844 774 ἐς
858 692 895 763 τό
908 694 970 781 μὲν
985 695 1209 783 ἐποιήθησαν,
1225 692 1286 763 οὐκ

154 793 383 883 ἐχρήσθησαν·
414 800 446 875 ἐς
461 799 540 865 δέον
563 798 601 866 δὲ
615 794 702 866 οὕτω
717 803 758 885 τῇ
773 793 904 867 Ἑλλάδι
918 801 1083 884 ἐγένοντο.
1127 788 1239 866 Αὗταί
1250 826 1286 867 τε

143 895 195 985 «δή
211 903 248 967 αλ
259 902 333 980 νέες
346 916 432 969 τοῖσι
444 897 652 988 Ἀθηναίοισι
667 912 927 989 προποιηθεῖσαι
941 898 1109 990 ὑπῆρχον,
1125 904 1238 986 ἑτέρας
1251 930 1286 971 τε

152 1007 225 1070 ἔδει
240 1006 589 1091 προσναυπηγέεσθαι.
614 1007 708 1086 ἔδοξέ
718 1032 753 1074 τε
768 1026 828 1092 σφι
841 1003 924 1092 μετὰ
939 1003 977 1074 τό
991 1005 1190 1093 χρηστήριον
1204 1012 1285 1092 βον-

151 1107 376 1193 λεοομὲνοισι,
405 1106 541 1175 ἐπιόντα
556 1109 610 1176 ἐπὶ
626 1105 689 1197 τήν
703 1103 842 1176 Ἑλλάδα
865 1107 925 1178 τόν
938 1109 1111 1196 βάρβαρον
1125 1111 1286 1178 δέκεσθαι

149 1212 224 1298 τῇσι
246 1211 347 1297 νηυσί
371 1213 557 1298 πανδημεὶ,
584 1216 631 1303 τῷ
657 1215 729 1303 θεῷ
757 1213 998 1298 πειθομένους,
1027 1209 1094 1298 ἅμα
1119 1207 1285 1299 Ἑλλήνων

149 1326 235 1379 τοῖσι
256 1315 499 1400 βουλομένοισι.
536 1311 577 1383 τοὶ
596 1315 659 1404 μὲν
680 1312 722 1402 δή
743 1315 924 1403 χρηστήρια
944 1320 1047 1384 ταῦτα
1068 1330 1153 1385 τοῖσι
1179 1313 1282 1403 Ἀθη·

148 1421 271 1483 ναίοισι
286 1418 449 1503 ἐγεγόνεε.

231 1521 497 1608 Σνλλεγομένων
517 1519 554 1588 δὲ
575 1522 607 1598 ἐς
626 1515 734 1588 τιόυτό
752 1524 820 1588 των
841 1521 918 1609 περὶ
931 1516 993 1607 τήν
1009 1514 1149 1589 Ἐλλάδα
1167 1516 1280 1610 Ἐλλή-
1294 1541 1350 1601 145

148 1649 219 1714 νων
234 1628 302 1690 τῶν
324 1623 363 1691 τα
385 1622 511 1712 ἀμείνω
534 1621 765 1711 φρονεόντων,
800 1626 855 1691 καὶ
878 1622 1044 1692 διδόντων
1065 1631 1160 1711 σφίσι
1181 1623 1282 1710 λόγον

150 1820 263 1893 συστὰς)
279 1829 317 1878 cl.
331 1827 432 1881 Herod.
445 1829 530 1892 vm,
549 1831 606 1880 142.
625 1832 690 1881 Dio·
744 1831 800 1880 102.
827 1830 906 1889 Vlll,
926 1828 969 1880 34.
993 1831 1040 1888 ἵξις
1069 1830 1104 1879 ad
1127 1832 1211 1881 verba
1235 1828 1282 1881 καλ

149 1898 208 1950 dor.
222 1899 277 1949 Sic.
291 1899 321 1961 1,
335 1902 360 1947 4.
377 1900 441 1961 XV,
457 1900 490 1950 61
510 1900 572 1951 coll.
588 1902 687 1951 Herod.
741 1892 881 1948 διδόντων
906 1898 986 1961 σφίσι
1009 1892 1095 1962 λόγον
1119 1896 1167 1950 καλ
1186 1900 1282 1953 πίστιν

149 1966 341 2029 v11,152fin.
360 1968 500 2022 Plutarch.
518 1970 687 2020 Aristium.
741 1967 772 2033 (i.
787 1984 809 2018 e.
831 1984 882 2018 curn
900 1984 1027 2018 sermones
1048 1972 1115 2019 inter
1135 1986 1163 2021 re
1182 1973 1283 2035 confer·-

149 2038 241 2087 Lexic.
256 2036 427 2103 Polyhpug.
443 2038 503 2089 597.
539 2039 689 2089 Vereheec
740 2039 992 2103 renteibiqneruutuo
1003 2038 1191 2104 fldenrdnrent)
1208 2042 1280 2091 conf.

149 2108 222 2156 tradi
237 2109 363 2157 observet
374 2106 565 2158 Wachemuth:
581 2109 688 2159 Hellen.
740 2108 858 2158 united
875 2108 931 2170 111,
948 2109 981 2157 25
1000 2113 1027 2156 et
1045 2108 1080 2157 ud
1097 2109 1153 2170 111,
1172 2111 1212 2159 74,
1250 2112 1282 2160 ln

89 2232 94 2241 ι
148 2175 342 2227 Alterthnmeh.
357 2178 380 2227 1.
392 2194 453 2242 pag.
463 2178 515 2228 550
524 2194 596 2243 seq„
610 2178 689 2242 plura
740 2177 844 2227 Isthmo
856 2183 945 2227 nutem
961 2176 1003 2242 (ut
1015 2182 1091 2241 putet
1104 2194 1136 2227 en
1148 2180 1209 2241 Vll,
1223 2180 1281 2230 172.

91 2270 100 2281 υ
148 2247 250 2296 addens
265 2246 298 2295 de
310 2247 537 2311 Atheniensibus,
555 2249 602 2313 qui
621 2263 687 2298 eene
743 2248 800 2297 115.
826 2247 941 2296 Diodor.
966 2247 1051 2297 Sicut.
1073 2248 1112 2296 xl
1137 2248 1211 2313 init.)
1237 2250 1281 2301 hie

148 2316 244 2365 mirum
270 2317 298 2365 in
323 2317 430 2366 modum
454 2316 516 2366 hinc
541 2320 687 2379 creverint,
738 2317 903 2367 Graecorum
924 2322 1076 2367 conventus
1102 2316 1211 2369 habitus
1229 2325 1282 2382 est,

148 2401 208 2435 cum
228 2386 308 2436 rebus
326 2386 514 2450 praesentibus
534 2389 635 2451 optime
651 2386 687 2437 cd
738 2403 817 2450 quem
839 2384 1040 2449 Amphictyonum
1062 2384 1147 2437 inleso
1170 2389 1281 2438 coniicit

148 2471 198 2505 cue
211 2456 352 2505 commoda
363 2456 404 2506 uti
414 2457 563 2520 potuerint.
576 2484 610 2494 -
622 2459 687 2507 Ver·
738 2456 892 2506 Tittmnnn.
907 2454 997 2516 (Bund
1011 2455 1036 2504 d.
1050 2456 1239 2521 Amphictyon.
1254 2474 1279 2521 p.

148 2524 210 2575 bum
229 2516 411 2588 ἐχρήσθησαν
431 2525 464 2574 oh
485 2527 590 2589 poenivi
607 2542 686 2576 unnim
740 2527 785 2575 121
800 2521 862 2576 coit.
881 2530 949 2573 nott.
964 2524 999 2573 ed
1012 2525 1112 2574 Herod.
1128 2528 1190 2588 Vll,
1203 2528 1279 2591 213),

149 2594 211 2644 inde
228 2597 331 2645 excitet
347 2595 462 2647 Bredove
483 2611 545 2659 pag.
564 2596 630 2653 3133
648 2597 685 2646 of.
738 2596 763 2643 ni
775 2592 883 2658 quidem
893 2593 1121 2658 Amphictyonum
1135 2610 1279 2646 consensus

147 2664 267 2715 Bocchh.
282 2665 316 2713 ed
330 2663 474 2727 Sophoclis
483 2666 611 2730 Antigon.
623 2682 685 2731 pag.

147 2733 199 2783 2111
210 2740 237 2782 et
249 2734 347 2785 Herod.
356 2733 404 2795 ΙΙΙ,
414 2736 462 2794 91;
476 2734 510 2783 ed
520 2737 605 2785 verbe
617 2749 687 2799 προ-

147 2802 317 2866 ποιηθεῖσαι
338 2796 470 2866 όπήρχον
494 2806 565 2853 conl.
585 2805 687 2856 Herod.

148 2874 171 2933 1,
190 2874 245 2923 192.
271 2872 312 2921 Ad
325 2870 490 2923 locutionem
505 2865 533 2931 ἐς
546 2870 614 2924 δέον
630 2874 687 2927 vid.

147 2945 234 2992 citata
246 2943 282 2992 ed
295 2941 333 3005 11,
351 2943 407 2994 173.
437 3002 445 3015 1
477 2988 485 3007 ,

324 3115 389 3166 Cur.
411 3113 515 3165 CXLV.

180 3214 238 3266 triv
256 3212 321 3279 περ)
338 3209 391 3281 τὴν
411 3206 530 3267 Ἑλλάδα
546 3207 688 3280 Ἐλλήνων

146 3288 204 3336 τῶν
222 3284 256 3336 τὰ
278 3279 385 3350 ἀμείνω
404 3278 597 3349 φρονεόντων]
616 3288 688 3337 Bek-

147 3357 229 3406 kerne
246 3373 360 3421 eumque
375 3361 485 3407 cerutus
496 3355 620 3406 Dietech.
641 3373 689 3407 vo-

147 3442 193 3476 cee
206 3418 348 3491 Ἑλλήνων
357 3423 415 3474 τοῖν
426 3427 503 3476 uncie
520 3425 689 3476 incluserunt

145 3502 338 3560 uteuepectue.
359 3495 463 3545 Contra
471 3495 599 3544 librorum
611 3501 689 3546 vetu-

146 3570 249 3617 storum
262 3567 455 3617 auctoritatem
468 3564 630 3615 Scheeferue
642 3581 688 3615 ex-

146 3636 271 3687 hibuerat
295 3635 352 3683 ταῖν
373 3627 517 3699 Ἑλλήνων
541 3631 598 3682 τῶν
622 3630 687 3696 περ)

145 3696 304 3758 antima
324 3719 349 3753 ιι.
372 3718 396 3757 τ.
417 3705 455 3765 1,,
481 3704 529 3753 nbi
554 3705 687 3755 immerito

145 3774 243 3825 vocula
259 3771 317 3823 τῶν
338 3774 478 3839 displicuit
492 3773 684 3827 Valckenario.

145 3846 214 3897 Num
228 3845 371 3909 utrobique
384 3850 457 3896 recte
473 3849 530 3893 stul
543 3844 686 3907 articulus,

145 3920 177 3964 ut
200 3921 273 3965 recte
298 3920 389 3963 monet
412 3910 518 3964 Schwei
537 3913 686 3964 heeueeruc

145 3983 215 4034 haec
237 3984 354 4035 uddenc:
383 3976 445 4045 „Oi
468 3929 537 4043 περΙ
552 3978 604 4046 τήν
627 3976 688 4031 Ἐλ-

143 4046 217 4102 λοίδα
225 4045 359 4116 Ἕλληνες
369 4054 572 4118 distinguuntur
581 4069 597 4102 a
604 4052 688 4103 Grue-

145 4124 284 4173 cinAeium
294 4128 322 4173 et
331 4123 476 4173 Thraciam
489 4123 685 4173 incolentibuez

146 4184 344 4257 ο1τά,ἆμείνω
362 4188 532 4255 φρονέοντες
546 4209 686 4258 opponun-

145 4267 191 4312 tur
207 4263 263 4326 cie,
281 4263 328 4327 qui
342 4263 377 4312 ed
387 4264 527 4313 Medorum
542 4267 633 4327 portes
648 4264 687 4312 in-

145 4331 315 4383 ctinobont.“
344 4333 442 4398 Itaque
455 4334 490 4382 uh
506 4334 579 4382 omni
592 4333 687 4383 sruude

145 4417 250 4452 vecutus
264 4403 372 4452 videtur
391 4402 477 4453 locun.
512 4402 554 4452 nd
572 4402 687 4452 locutio·

146 4464 256 4521 nemeti
273 4465 380 4536 α’μείνω
398 4474 520 4537 φρονεῖν
538 4473 610 4524 cons.
624 4474 687 4533 Vll,

737 2663 885 2728 aliquoties
913 2669 1064 2713 conventus
1093 2663 1153 2713 eive
1181 2667 1279 2716 concio

739 2732 903 2783 Graecorum
915 2732 1079 2797 appelletur,
1094 2740 1124 2781 ut
1138 2733 1208 2785 idem
1220 2750 1280 2800 pro·

739 2803 786 2852 het
797 2804 948 2852 Tiumann.
963 2801 1008 2851 1.1.
1022 2818 1084 2867 cap·
1094 2803 1118 2853 3.
1130 2806 1155 2866 ἕ.
1169 2805 1209 2855 ll.
1221 2810 1278 2856 not.

741 2874 764 2923 1.
786 2888 845 2936 pag.
863 2870 905 2922 62.
924 2887 984 2935 cup.
1006 2873 1031 2921 5.
1048 2875 1073 2934 ξ.
1090 2872 1115 2924 6.
1136 2888 1201 2939 peg.
1218 2875 1277 2928 119.

738 2948 795 2995 not.
812 2942 835 2992 1.
866 2940 997 3006 Equidem
1010 2940 1090 2990 aliter
1102 2944 1206 2994 sentio:
1233 2960 1279 2995 ne-

737 3027 789 3076 que
807 3011 880 3061 enim
894 3012 959 3060 mihi
979 3010 1031 3060 hoe
1044 3009 1104 3061 loco
1117 3011 1150 3061 de
1166 3013 1279 3078 Amphi·

737 3088 867 3146 ctyonum
899 3080 1030 3141 concilio,
1056 3080 1128 3146 quod
1157 3081 1278 3146 legitime

740 3152 916 3201 constitutum
937 3150 991 3199 fuit
1008 3156 1143 3200 certorum
1163 3169 1279 3217 quarun-

738 3220 800 3270 dcm
816 3221 958 3270 civitatum
977 3219 1138 3280 concilium,
1160 3225 1279 3288 cogitari

739 3305 820 3354 poseo
835 3290 954 3349 videtur,
974 3290 1022 3339 ned
1043 3289 1076 3340 de
1093 3291 1148 3340 alio
1162 3294 1277 3356 quodem

739 3365 889 3420 conventu,
914 3365 1010 3423 reponte
1026 3363 1105 3424 quani
1124 3367 1152 3410 et
1169 3377 1216 3426 per
1233 3379 1280 3413 ne-

737 3431 895 3479 cessitatem
916 3436 991 3488 orto,
1022 3444 1098 3492 enm,
1124 3433 1219 3481 nuntio
1245 3433 1277 3481 de

738 3499 825 3549 Xerxe
836 3499 980 3550 Graeciam
1000 3499 1128 3550 invasum
1148 3501 1183 3549 ed
1196 3502 1279 3551 Grac·

739 3584 785 3617 coe
800 3570 875 3632 ipsos
895 3566 992 3621 dileto.
1009 3568 1044 3618 ab
1060 3570 1094 3619 iis
1107 3571 1277 3633 civitatibus,

737 3652 806 3702 quue
824 3639 908 3687 Xerxi
929 3652 959 3686 ee
983 3637 1081 3687 dedere
1101 3639 1217 3701 nollent,
1241 3640 1278 3690 le·

737 3709 796 3772 goti
809 3707 843 3756 ud
860 3707 911 3756 hoc
925 3707 1014 3772 ipsum
1026 3708 1123 3758 delecti
1138 3711 1277 3763 mitteren-

737 3784 782 3826 tur
800 3777 834 3826 ud
848 3776 995 3837 isthmum,
1020 3779 1067 3841 qui
1087 3779 1120 3828 de
1143 3780 1278 3829 communi

737 3847 902 3897 Graecorum
919 3847 1078 3896 reconcilia
1097 3850 1234 3912 agitarent
1250 3855 1278 3899 et

737 3916 770 3966 de
783 3919 867 3967 Perea
877 3916 1063 3967 communibus
1075 3918 1178 3968 viribus
1193 3919 1278 3983 repel-

736 3984 816 4037 lendo
827 3986 1021 4037 deliberarent:
1036 3987 1065 4035 hi
1077 3988 1161 4052 igitur
1170 4004 1230 4038 curn
1242 3989 1277 4038 ad

737 4054 870 4106 Isthmum
889 4057 1095 4119 convenissent,
1120 4058 1217 4108 foedus
1238 4062 1278 4107 in·

737 4132 804 4174 eunt
816 4124 857 4175 vel
878 4126 1030 4174 iuramento
1050 4128 1186 4177 sancitum
1201 4128 1276 4191 (Vll,

739 4194 814 4259 132),
830 4194 907 4243 cuiue
920 4194 1038 4246 foederis
1050 4197 1172 4261 cingulus
1183 4197 1278 4247 eondi-

738 4266 825 4313 tionce
836 4280 1000 4328 quemquem
1016 4280 1070 4314 non
1082 4266 1159 4316 effert
1168 4268 1278 4328 Noster,

738 4350 793 4384 una
810 4350 843 4382 en
857 4339 986 4398 exceptu.
1007 4349 1076 4399 quae
1088 4336 1122 4385 nd
1135 4352 1181 4385 ens
1194 4334 1277 4385 Grae„

739 4419 786 4454 cos
806 4404 939 4467 pertinet,
964 4404 1010 4467 qui
1029 4405 1113 4455 Xerxi
1132 4421 1230 4471 οηιιιιω
1250 4410 1277 4455 ct

740 4478 839 4525 terrem
856 4473 994 4524 dedissent
1007 4475 1082 4538 (Vll,
1097 4474 1173 4541 132),
1187 4481 1278 4526 tamen

1012 4559 1078 4621 42*
