3048 5130
221 362 282 437 ott
657 364 926 434 uunouout

221 548 341 638 λόγους
354 552 509 618 ἐδέκοντο
522 550 557 617 oi
567 546 708 636 Σάμιοι,
730 562 807 628 παῖς
826 547 888 636 μὲν
908 537 951 636 ήν
965 548 1186 625 Συλοσῶντος
1198 547 1257 614 τοῦ
1272 542 1359 613 Αίά·

221 680 311 738 κεος,
332 651 496 740 τύραννος
511 651 547 719 δὲ
562 649 628 720 έῶν
641 651 760 739 Σάμου
773 646 841 721 ὑπὸ
854 657 914 720 τοῦ
929 657 1102 738 Μιλησίου
1116 647 1360 736 Ἀρισταγόρεω

222 754 425 843 ἀπεστέρητο
439 751 500 842 τήν
514 751 637 843 άρχήν,
658 755 806 842 κατάπερ
819 760 854 824 οί
864 751 959 823 ἄλλοι
972 759 1030 842 τῆς
1048 750 1174 840 Ἰωνίης
1186 750 1359 839 τύραννοι.

179 866 216 925 14
306 858 387 928 Τότε
402 849 450 926 ῶν
471 860 543 926 ἐπεὶ
557 862 731 928 έπέπλωον
744 864 779 928 οἱ
792 865 962 944 Φοίνικες,
988 861 1022 926 οί
1030 853 1142 936 Ἴωνες
1161 852 1412 943 άντανήγονιιε

222 963 279 1032 καὶ
293 958 388 1030 αὐτοὶ
405 959 463 1039 τάς
483 965 560 1041 νέας
578 962 633 1030 ἐπὶ
650 966 758 1050 κέρας.
786 956 830 1042 ῶς
850 961 888 1030 δὲ
908 962 962 1029 καὶ
985 957 1090 1048 άγχοῶ
1111 963 1279 1047 έγίνοντο,
1303 961 1362 1026 καί

223 1066 425 1153 συνέμισγον
439 1061 627 1151 άλλήλοισι,
650 1063 687 1134 τό
703 1067 867 1134 ἐνθεῦτεν
879 1061 942 1133 οὐκ
956 1068 1019 1151 έχω
1034 1061 1197 1151 ἀτρεκέως
1210 1061 1359 1149 συγγρά-

222 1185 302 1254 ψαι,
326 1172 448 1247 οἵτινες
460 1173 529 1235 τῶν
545 1165 666 1236 Ἰῶνων
680 1171 834 1255 ἐγένοντο
847 1165 970 1256 ἄνδρες
983 1169 1080 1235 κακοί
1094 1160 1115 1255 ή
1128 1163 1253 1253 άγαθοί
1268 1169 1307 1234 έν
1319 1170 1362 1253 τῇ

224 1278 391 1360 ναυμαχίη
419 1268 539 1360 ταότη·
570 1267 733 1360 ἀλλήλους
758 1268 823 1360 γάρ
844 1276 1089 1340 καταιτιῶνται.
1131 1272 1297 1356 Δέγονται
1323 1268 1361 1336 δὲ

224 1373 348 1462 Σάμιοι
366 1377 516 1442 ἐνθαῦτα
537 1372 621 1442 κατὰ
634 1372 675 1443 τά
689 1383 891 1462 συγκείμενα
911 1372 994 1462 πρὸς
1006 1372 1066 1442 τόν
1080 1372 1225 1457 Αἰάκεα,
1245 1369 1361 1460 άειρά-

225 1504 320 1567 μενοι
335 1474 375 1545 τὰ
391 1482 496 1563 ίστία,
514 1474 711 1547 ἀποπλῶσαι
732 1480 768 1548 ἐκ
783 1482 841 1567 τῆς
856 1478 964 1558 τάξιος
986 1480 1019 1556 ές
1039 1474 1102 1564 τήν
1115 1475 1250 1564 Σάμον,
1273 1471 1363 1561 πλήν

224 1584 347 1650 ἕνδεκα
366 1585 465 1649 νεῶν.
505 1583 652 1651 τουτέων
667 1581 705 1651 ot
724 1587 758 1651 οἱ
775 1580 968 1670 τριήραρχοι
982 1582 1171 1668 παρέμενον
1190 1579 1246 1646 καὶ
1260 1581 1363 1646 ἐναυ-

224 1682 364 1774 μάχεον,
378 1681 686 1772 ἀνηκουστήσαντες
699 1701 784 1754 τοῖσι
798 1699 1025 1773 στρατηγοῖσι·
1047 1688 1107 1750 καί
1118 1704 1179 1769 σφι
1193 1679 1231 1751 τὸ
1245 1678 1364 1751 κοινὸν

224 1792 293 1856 τῶν
306 1793 448 1875 Σαμίων
466 1791 572 1857 ἔδωκε
593 1786 649 1857 διά
669 1792 768 1857 τοῦτο
785 1785 822 1857 τό
844 1793 979 1876 πρῆγμα
993 1789 1031 1854 έν
1044 1785 1148 1873 στήλη
1161 1783 1361 1873 ἀναγραφῆ-

225 1919 282 1960 ναι
307 1891 497 1977 πατρόθεν,
529 1886 573 1970 ῶς
591 1887 735 1978 άνόράσι
761 1888 922 1977 ἀγαθοῖσι
948 1893 1174 1977 γενομένοισι·
1206 1890 1262 1957 καί
1293 1894 1364 1956 ἔστι

227 1988 353 2079 αὕτηή
380 1991 482 2080 στήλη
509 1995 547 2062 ἐν
576 1999 617 2082 τῇ
642 1991 758 2083 ἀγορῇ.
800 1993 959 2082 ’ίόόμενοι
984 1993 1021 2062 tt
1045 1994 1099 2061 καὶ
1123 1996 1259 2079 Λέσβιοι
1284 1990 1365 2070 τοὺς

229 2096 408 2183 προσεχέας
428 2095 616 2182 φεύγοντας
639 2094 747 2166 τῶυτό
772 2100 910 2185 ἐποίευν
929 2112 1015 2167 τοῖσι
1037 2102 1214 2184 Σαμίοισι·
1251 2089 1296 2174 ῶς
1326 2094 1365 2163 ot

182 2212 220 2271 15
229 2200 283 2268 καί
298 2201 332 2267 oi
343 2203 485 2278 πλεῦνες
498 2203 567 2267 τῶν
577 2196 697 2269 Ἰῶνων
712 2203 849 2270 ἐποίευν
862 2199 903 2269 τά
917 2197 1001 2269 αὐτὰ
1011 2205 1125 2269 ταῦτα.
1156 2204 1233 2268 Τῶν
1246 2198 1284 2267 δέ
1298 2225 1364 2266 πα-

229 2301 462 2390 ραμεινάντων
476 2306 513 2372 έν
525 2306 567 2391 τῇ
581 2310 748 2393 ναυμαχίη
763 2309 999 2394 περιέφθησαν
1008 2301 1197 2393 ’τρηχύτατα
1212 2310 1306 2388 Χῖοι,
1321 2298 1367 2381 ῶς

229 2483 271 2534 ed.
283 2482 445 2550 wesseling.
457 2491 485 2535 et
497 2485 604 2537 inreoo.
616 2486 677 2536 edd.
691 2488 771 2537 omis·
821 2484 922 2539 ἕνδεκα
936 2482 1010 2536 νεῶν
1023 2486 1077 2536 dno
1087 2484 1165 2536 codd.
1183 2479 1269 2533 δέκα
1282 2480 1366 2544 νεῶν,

229 2570 289 2616 sss,
308 2555 433 2618 quemvis
454 2556 617 2620 scriptorum
640 2555 770 2607 librorum
822 2555 1074 2609 secedenteVslla.
1107 2557 1144 2605 At
1161 2554 1219 2605 vid.
1241 2554 1365 2604 Peneon.

229 2625 397 2674 auetoritste
430 2624 569 2689 probatus.
615 2626 656 2676 Ad
688 2626 771 2678 verbu
821 2615 1367 2690 V11‚10.§.l.-Ad‹ivnsoourr1'oorr-

227 2685 402 2757 ἀπεστέρητο
415 2686 468 2758 τήν
481 2688 574 2757 ἀρχήν
589 2697 624 2746 ct.
639 2696 688 2758 VI,
703 2698 728 2757 9,
744 2702 772 2745 et
821 2712 866 2754 τες
880 2697 954 2746 τοῖσι
972 2696 1153 2758 στρατηγοῖσι
1168 2693 1224 2742 rid.
1244 2693 1279 2743 ob
1296 2691 1366 2741 deti·

230 2764 262 2813 de
278 2765 373 2813 Ionios
384 2765 508 2841 tyronnis
522 2765 608 2844 pulsis
620 2766 674 2815 rid.
685 2768 716 2829 V,
727 2767 770 2817 38.
822 2769 851 2818 vi
866 2781 944 2816 usum
957 2766 1093 2815 Kuehner.
1107 2764 1153 2813 Gr.
1167 2764 1214 2814 Gr.
1229 2765 1254 2825 §-
1266 2760 1364 2823 575,d.

231 2833 309 2883 Dixit
319 2834 419 2883 Noster
427 2846 599 2896 απεστερητο
608 2831 661 2899 τήν
670 2827 773 2899 άρχήν,
821 2862 855 2874 -
867 2836 909 2886 Ad
924 2826 956 2882 τό
971 2828 1072 2883 κοινὸν
1085 2833 1122 2885 ot.
1136 2838 1207 2882 nott.
1219 2831 1294 2883 edV.
1304 2830 1364 2882 loo.

231 2908 354 2980 utsupra
364 2903 417 2962 111,
427 2904 474 2952 oo:
491 2895 529 2966 μή
542 2897 706 2969 ἀπαιρεθέω
718 2897 770 2968 τήν
851 2895 882 2954 έν
893 2897 980 2969 στήλη
991 2897 1193 2967 ἀναγραφῆναι
1204 2894 1365 2964 πατρόθεν]

229 2986 336 3034 αρχην,
353 2973 540 3023 accusativum
555 2975 615 3039 peri
632 2975 711 3024 ruodo
723 2974 771 3023 ed·
821 2976 840 3025 i.
854 2991 877 3025 e.
894 2982 922 3024 ut
937 2978 1064 3023 columnae
1081 2973 1280 3024 inscriberentur
1291 2972 1366 3019 storri-

231 3048 340 3090 struens
357 3041 440 3090 verbo
460 3043 585 3106 passivo,
602 3043 703 3109 dequo
719 3059 771 3093 usu
821 3062 863 3103 rra,
877 3045 976 3095 adiecto
985 3047 1070 3107 putris
1083 3047 1186 3101 nomine,
1210 3041 1303 3092 Petris
1316 3055 1367 3089 no-

230 3110 336 3159 monuit
360 3110 488 3161 Kuehner
512 3111 557 3161 Gr.
581 3112 627 3162 Gr.
661 3116 686 3176 §-
709 3115 770 3166 561.
822 3131 884 3164 uren
900 3113 1086 3163 edieetumed
1103 3112 1233 3163 honorem
1245 3109 1367 3175 dignita·

231 3184 288 3229 not.
306 3180 332 3230 5.
822 3184 1094 3249 temqneeugeudum
1110 3181 1276 3247 pertinebat.
1301 3180 1366 3229 Vid.

420 3281 485 3337 Off.
505 3283 579 3336 XIV·
821 3252 1011 3304 Waehsnruth.
1035 3251 1142 3335 Hellen.
1164 3249 1364 3301 Alterthumsk.

266 3375 428 3449 ἀντανῆγον
443 3413 478 3424 -
499 3376 545 3435 ἐπὶ
569 3379 669 3450 κέναι]
706 3388 769 3438 vid.
822 3324 923 3441 ίῑιξέῶε
934 3323 1247 3443 ngecffiusruueivnifftffl
1259 3324 1303 3451 ξεί,
1317 3335 1367 3454 gir}

232 3460 303 3505 nott.
320 3454 413 3517 st1‚
429 3456 470 3506 12.
489 3457 554 3506 Mox
566 3472 626 3507 oum
637 3457 772 3522 Schweig-
822 3462 855 3511 de
867 3462 1008 3525 republica
1024 3462 1091 3511 bene
1104 3462 1194 3511 meriti
1206 3466 1307 3521 esseut,
1321 3475 1367 3508 eo-

231 3523 327 3575 hoens.
345 3530 373 3575 et
390 3525 476 3576 Getes.
496 3525 558 3575 dedi
576 3517 703 3589 ἐγίνοντο
721 3543 770 3592 pro
821 3532 927 3582 lumnes
936 3531 1046 3582 honoris
1054 3546 1138 3581 osuss
1147 3538 1252 3581 ereotus
1261 3544 1368 3580 eorum-

231 3586 371 3656 ἐγένοντο,
382 3594 453 3659 quod
465 3594 596 3645 librorum
608 3597 770 3661 scriptorum
822 3616 875 3666 que
893 3602 1003 3652 nornine
1022 3601 1063 3651 his
1080 3598 1212 3651 columnis
1229 3599 1366 3663 inscriptus

231 3663 261 3713 in
273 3654 401 3726 έγίνοντο
414 3665 642 3716 consentientium
654 3667 773 3716 auotori-
823 3687 893 3722 esse.

232 3736 292 3783 tote
304 3732 465 3783 destitutum
477 3734 565 3785 denuo
578 3737 683 3799 recepit
694 3736 773 3786 Diet-
857 3736 905 3788 καὶ
918 3733 975 3789 ἔστι
990 3727 1063 3801 αὕτη
1077 3729 1095 3802 ή
1109 3735 1194 3802 στήλη
1208 3726 1238 3786 ἒν
1250 3733 1286 3802 τῇ
1301 3727 1367 3799 ἆγο-

233 3802 324 3852 εοΙιίιιε
336 3802 533 3869 eWesselingii
546 3804 675 3856 editione.
688 3806 773 3869 Equi·
824 3806 877 3874 ρη]
906 3810 1037 3860 Consulto
1051 3807 1102 3859 hoo
1117 3808 1224 3858 videtur
1244 3805 1367 3857 addidis-

233 3871 294 3920 dem
308 3886 369 3922 oum
383 3872 508 3924 Bekkero
524 3879 552 3924 et
565 3873 708 3925 Diudorfio
723 3875 774 3925 hoo
824 3894 853 3931 se
864 3880 904 3928 rei
914 3879 1124 3929 fidemieoturus
1133 3876 1267 3928 historiae
1276 3882 1366 3940 pater,

233 3956 266 3992 eo
282 3942 371 4007 mugio
390 3944 569 4007 spernendum
587 3960 647 3995 esse
667 3947 773 4009 putari,
823 3950 913 4014 utqui
928 3948 1021 4014 proeul
1036 3948 1118 3997 dubio
1131 3948 1199 4012 ipse,
1213 3947 1288 3998 Semi
1302 3947 1366 3996 dum

234 4011 307 4075 quod
336 4012 418 4062 etiam
447 4015 569 4077 sequitur
594 4010 772 4077 συνέμισγον,
823 4019 1043 4068 commorabatur
1060 4016 1171 4082 (dequo
1190 4018 1226 4067 os.
1245 4016 1366 4070 nottsd

234 4086 381 4146 utrumque
392 4096 457 4133 vero
467 4083 655 4148 imperfectum
666 4089 773 4133 seuten-
822 4089 878 4152 111,
892 4087 949 4153 60),
965 4088 1034 4138 hane
1049 4086 1200 4137 columnam
1214 4086 1342 4137 vidisset.

234 4151 292 4200 tine
303 4152 358 4215 ipsi
376 4151 473 4202 melius
491 4153 637 4203 convenire
654 4152 772 4203 videtur.

268 4212 430 4282 ἀειράμενοι
450 4213 485 4269 τά
503 4215 595 4287 ἱστία]
625 4223 644 4272 i.
668 4226 776 4273 erclis
1026 4260 1047 4309 C
1104 4260 1154 4311 XV

233 4288 355 4340 sublatis:
371 4289 399 4339 id
409 4289 482 4355 quod
491 4306 605 4355 propere
618 4292 775 4342 obeuntium
1048 4276 1092 4310 ΔΡ·
1156 4297 1162 4307 “

235 4363 286 4409 est.
312 4360 420 4409 Monuit
432 4359 582 4425 Schweigh.
599 4362 628 4411 in
638 4362 704 4412 Lex.
719 4363 775 4412 He·
859 4355 1061 4426 περιέφθησαν
1072 4353 1242 4426 τρηχύτατα]
1262 4360 1366 4411 Eodem

234 4427 304 4493 sod„
318 4430 364 4480 ubi
377 4428 473 4480 attulit
481 4429 559 4495 VIII,
572 4430 615 4481 56.
629 4431 774 4482 tin-1³10
824 4431 881 4482 iere
894 4436 975 4498 poeto
992 4433 1024 4494 V,
1044 4434 1075 4497 1,
1088 4433 1135 4483 ubi
1148 4431 1204 4484 vid.
1221 4435 1292 4483 nott.
1321 4429 1366 4481 Au
