2970 5128
491 411 668 474 ERATO.
692 414 747 473 VI.
770 422 813 476 61.
836 420 878 475 θ’).
1191 406 1253 472 309

130 594 285 677 Φοιβηίου
310 592 396 675 ίροῦ.
424 584 509 667 ὅκως
531 586 568 655 δέ
589 589 728 656 ἐνείκειε
750 583 922 674 ἡτροφός,
944 583 1025 671 πρός
1046 612 1080 653 τε
1095 581 1252 672 τῶγαλμα

128 698 196 762 ἰ’στα
210 694 265 761 καὶ
279 694 426 760 ἐλίσσετο
440 689 501 779 τὴν
515 687 616 774 θεὸν,
632 687 816 772 άπαλλάξαι
831 695 888 777 τῆς
903 695 1114 776 δυσμορφίης
1126 686 1162 755 τό
1173 715 1249 757 παι·

128 802 205 865 δίον.
235 795 290 863 καί
314 795 355 883 δή
376 821 451 863 κοτε
471 791 616 882 ἀπιούσῃ
636 797 672 862 ἐκ
691 800 750 862 τού
765 797 839 880 ίρού
854 797 894 881 τῇ
908 797 1022 884 τροφῷ
1035 806 1180 878 γυναῖκα
1196 794 1249 861 λέ-

126 926 210 986 γεται
225 901 447 986 ἐπιφανῆναι,
470 899 693 984 ἐπιφανεῖσαν
712 897 749 966 δὲ
770 899 969 982 ἐπείρεσδαί
980 923 1053 981 μιν.
1078 891 1140 963 ὅτι
1155 900 1250 980 φέρει

126 1007 159 1072 ἐν
172 1007 210 1091 τῇ
221 999 369 1090 ἀγκάλη·
390 1003 445 1069 καὶ
461 998 521 1088 τὴν
535 998 677 1087 φράσαι,
698 997 741 1080 ὦς
754 1004 891 1069 παιδίον
908 1001 1033 1085 φορέει.
1064 995 1126 1086 τὴν
1140 999 1177 1067 δὲ
1194 1026 1249 1067 κε-

125 1111 238 1174 λεῦσαί
255 1110 291 1174 οί
310 1108 417 1186 δέξαι·
449 1102 511 1191 τὴν
533 1104 569 1172 δέ
584 1100 625 1171 ού
645 1103 766 1191 φάναι·
787 1099 991 1189 ἀπειρῆσθαι
1005 1095 1069 1188 γάρ
1086 1106 1121 1171 oi
1132 1105 1168 1172 ἐκ
1181 1107 1250 1170 τῶν

124 1215 325 1297 γειναμένων
345 1209 465 1296 μηδενί
487 1206 734 1276 ἐπιδεικνύναι·
769 1204 829 1294 τὴν
851 1206 888 1274 δέ
910 1204 1041 1284 πάντως
1063 1207 1171 1294 ἑωυτῇ
1192 1232 1247 1274 κε-

124 1311 228 1382 λεύειν
242 1316 403 1395 ἐπιδέξαι.
436 1306 569 1397 ὁρῶσαν
592 1310 629 1378 δὲ
653 1307 713 1398 την
735 1325 879 1395 γυναῖκα
894 1309 970 1389 περὶ
986 1313 1113 1377 πολλοῦ
1132 1337 1248 1389 ποιευ-

123 1420 219 1504 μένην
233 1419 388 1497 ἰδέσθαι,
411 1410 499 1483 οὕτω
522 1419 542 1481 δ
546 1411 563 1501 η
583 1412 644 1500 τὴν
658 1411 784 1498 τροφὸν
800 1414 889 1493 δέξαι
904 1410 941 1479 τὸ
956 1416 1108 1479 παιδίον·
1136 1411 1198 1499 τὴν
1212 1413 1250 1482 δὲ

124 1524 319 1600 καταψῶσαν
338 1522 398 1586 τοῦ
415 1522 553 1585 παιδίου
573 1514 634 1603 τὴν
647 1512 799 1602 κεφαλὴν
821 1514 928 1597 εἶπαι,
952 1509 996 1592 ὧς
1017 1515 1249 1585 καλλιστεύσει

123 1625 247 1692 πασέων
261 1627 332 1690 τῶν
346 1623 383 1688 ἐν
393 1620 531 1707 Σπάρτῃ
548 1623 727 1704 γυναικῶν.
750 1614 815 1686 άπδ
830 1619 893 1706 μὲν
907 1615 949 1706 δὴ
964 1617 1084 1705 ταύτης
1097 1623 1154 1707 τῆς
1167 1614 1245 1706 ἡμέ-

123 1754 174 1812 ρης
191 1739 392 1813 μεταπεσεῖν
417 1722 454 1792 τό
476 1720 574 1801 εἶδος.
617 1725 738 1807 Γαμέει
760 1721 797 1790 δέ
822 1721 863 1810 δή
887 1750 946 1808 μιν
966 1724 999 1800 ἐς
1024 1721 1133 1808 γάμου
1155 1718 1247 1811 ὤρην

122 1826 323 1917 ἀπικομένην
340 1825 479 1915 ’Ἄγητος
498 1821 515 1893 ὁ
533 1822 727 1909 Ἀλκείδεω,
749 1814 845 1904 ούτος
866 1822 908 1913 δὴ
928 1819 946 1891 ὁ
967 1829 1027 1892 τού
1049 1821 1246 1911 Ἀρίστωνος

81 1939 225 2019 sospites.
276 1930 345 2001 Τόν
360 1929 396 1998 δέ
412 1926 593 2015 Ἀρίστωνα
613 1933 720 2012 ἐκνιζε
740 1923 804 2014 ἄρα
825 1934 882 2015 τῆς
904 1924 1062 2015 γυναικὸς
1081 1928 1202 2018 ταύτης
1227 1924 1293 1998 662

121 2115 192 2175 teque
204 2109 318 2176 singula
329 2106 474 2170 descripsit
485 2106 596 2156 Curtius
610 2107 637 2155 in
648 2122 654 2154 :
705 2114 793 2159 morat
806 2109 908 2168 fanum,
921 2109 949 2159 ia
967 2124 1020 2173 quo
1033 2109 1150 2173 Enysiio
1166 2126 1246 2161 ssora

120 2181 291 2245 Peloponnes.
312 2178 347 2227 ΙΙ.
366 2191 427 2241 pag.
444 2174 495 2227 239
508 2190 584 2240 seqq.
604 2174 654 2227 316
706 2179 812 2228 iaciant
825 2179 932 2243 ephebi.
957 2178 1026 2228 Add.
1042 2179 1102 2229 Liv.
1120 2181 1245 2243 xxxlv,

120 2245 407 2317 seqq.addiifliabulss
419 2246 452 2295 X.
479 2246 588 2295 Etenim
601 2245 655 2294 Eu·
704 2247 746 2299 38,
787 2249 828 2298 Ad
849 2248 1028 2299 locutionem:
1056 2239 1086 2296 έν
1104 2246 1140 2315 τῇ
1157 2248 1247 2312 0de-

120 2327 199 2369 rotsm
213 2325 403 2380 transgressus
416 2314 450 2364 ab
466 2314 528 2378 ipsa
543 2316 654 2379 Sparta,
704 2333 762 2383 πνῃ
786 2315 941 2382 καλεομένῃ
960 2317 995 2380 (i.
1016 2333 1039 2367 e.
1058 2320 1244 2385 praedicitur)

120 2403 191 2453 quam
203 2389 237 2438 od
254 2391 359 2437 rectam
376 2384 452 2434 flavii
469 2386 556 2449 ripam
570 2385 656 2435 fuisse
703 2385 1244 2453 (ἕνεκα.οοηλοιελει.ιδΡΙοιοο.Βεοψ.

120 2453 566 2515 sitamconstat‚meridiemversus
576 2455 654 2503 iuxta
703 2458 752 2515 Vi,
763 2460 788 2508 7.
803 2473 829 2521 p,
843 2457 901 2507 540.
916 2458 993 2505 -In
1008 2472 1084 2520 seqq.
1103 2456 1135 2505 de
1148 2459 1247 2507 aoristi

120 2530 220 2578 fluvium
230 2530 258 2575 in
266 2525 417 2575 iaevaeius
428 2528 505 2588 parte
513 2525 536 2573 si
544 2524 655 2574 descen·
703 2526 838 2576 infinitivo
854 2516 1014 2583 ἀπαλλάξαι
1037 2526 1141 2575 monuit
1155 2527 1246 2577 Kueh-

120 2598 261 2659 deris,mox
273 2594 429 2659 pervenies,
440 2595 544 2644 nonita
555 2609 654 2657 magno
704 2611 753 2646 nor
765 2596 810 2646 Gr.
824 2596 871 2645 Gr.
888 2598 913 2657 ξ.
926 2596 985 2643 445.
999 2600 1056 2643 not.
1070 2597 1096 2644 2.

120 2665 255 2716 intervallo
269 2666 427 2723 interiecto,
438 2663 471 2711 od
482 2679 543 2713 eum
555 2662 654 2723 locum,
739 2657 829 2729 δέξαι]
859 2665 1023 2727 Scripsimus
1037 2658 1126 2723 δέξαι
1140 2668 1167 2716 et
1182 2682 1244 2716 mox

120 2736 309 2800 quoParnonis
323 2732 423 2782 montis
438 2732 472 2780 ad
483 2733 590 2782 laevam
600 2732 654 2781 Eu·
703 2727 843 2795 ἐπιδέξαι
865 2750 914 2798 pro
928 2732 1003 2797 vulg.
1025 2730 1117 2794 δεῖξαι
1136 2738 1164 2783 et
1185 2726 1244 2784 ἐπι-

120 2810 186 2853 rotse
194 2812 302 2870 partem
312 2802 482 2866 exsurgentis
492 2817 556 2866 pars
567 2806 656 2852 extre·
704 2801 812 2866 δεῖξαι,
837 2819 909 2869 quae
931 2803 1049 2864 formae,
1071 2809 1102 2853 ut
1124 2804 1246 2855 ostendit

120 2890 158 2922 ma
169 2874 201 2924 ad
214 2875 305 2938 ipsum
320 2874 432 2922 fluvium
449 2887 532 2936 prope
545 2870 654 2921 accedit
704 2874 819 2926 Bredov.
835 2889 861 2936 p,
872 2871 929 2935 153,
942 2872 976 2922 ab
985 2872 1126 2923 Herodoto
1137 2873 1243 2924 alienae

120 2958 222 3008 eumque
242 2944 305 2993 iere
319 2940 444 3005 attingit:
468 2941 495 2990 in
513 2941 594 2991 huius
611 2956 655 2990 ex·
703 2949 774 2993 sunt.
798 2970 831 2980 -
856 2942 898 2992 Ad
910 2940 1074 2991 locutionem
1089 2933 1245 3006 άπειρῆ-

120 3014 189 3062 tremi
210 3012 290 3064 soliis
319 3011 431 3076 fastigio
455 3010 653 3061 extendebatur
705 3000 1242 3075 σθαι-μηδενλέπιδεικνύναιολ.

121 3082 333 3147 quaeThsrapne
345 3084 469 3141 vocatur,
482 3080 575 3144 ibique
587 3085 654 3129 tem·
703 3083 760 3141 111,
779 3083 835 3132 128.
879 3082 945 3131 Mox
965 3095 1013 3144 pro
1031 3078 1204 3143 καταψῶσαν
1215 3083 1244 3134 in

120 3150 183 3213 pium
195 3158 221 3202 st
234 3151 356 3202 Menelai
377 3154 405 3199 et
422 3149 557 3211 Helenae,
575 3149 652 3199 euius
704 3153 802 3202 Glosss
814 3151 972 3202 Herodotes
985 3147 1155 3209 estromenta·
1174 3144 1245 3200 θάλ-

120 3218 164 3270 too
179 3222 237 3272 loeo
255 3220 360 3271 mentio
376 3218 419 3279 fit,
438 3218 493 3269 nisi
504 3219 652 3284 'utriusque
704 3233 826 3283 πουσαν,
838 3224 857 3269 Ι.
871 3236 894 3270 e.
905 3221 1093 3277 demulcentem·
1112 3220 1243 3271 sedidem

120 3290 226 3340 numinis
245 3286 378 3354 templdm
394 3292 542 3338 icommune
567 3288 653 3337 faisse
703 3291 815 3341 verbum
835 3289 1013 3352 compositum
1035 3289 1086 3339 hoo
1109 3305 1191 3341 sensu
1215 3291 1244 3341 in

120 3359 273 3411 credideris:
307 3360 376 3410 satis
399 3357 558 3417 ostendunt,
583 3371 653 3420 quae
703 3357 1108 3424 Xenophour.dp010g.§.ts.
1134 3359 1242 3410 Platon.

120 3442 196 3491 nuper
206 3430 243 3480 ibi
254 3430 367 3479 detecta
380 3433 458 3488 sunt,
477 3427 533 3477 vid.
545 3427 654 3476 L.Ross
703 3429 806 3483 Phaed.
821 3445 847 3494 p.
862 3428 925 3478 8913
945 3425 1061 3492 aliisque
1073 3427 1157 3489 loeis,
1176 3445 1243 3494 quos

121 3497 183 3549 Hali.
196 3501 247 3549 Lit.
258 3499 348 3549 -Zeit
361 3495 562 3556 Intelligenzbi.
576 3496 652 3546 1837.
703 3499 759 3551 sid.
779 3500 807 3548 in
825 3498 908 3548 Thes.
929 3497 1009 3560 Ling.
1028 3498 1124 3548 Graec.
1145 3498 1177 3547 Τ.
1194 3499 1242 3549 IV.

121 3570 208 3619 arti.
240 3566 653 3628 Hicoeverocoiiis,inouius
704 3585 730 3632 p.
747 3568 893 3619 idliedit.
907 3564 1080 3617 Dindori.—
1101 3568 1154 3617 Pro
1168 3567 1243 3633 τοῖς.

121 3635 220 3703 fastigio
232 3638 363 3702 templum
376 3635 430 3686 fuit
443 3636 534 3697 situm,
550 3637 589 3684 ita
603 3635 652 3683 im·
703 3637 882 3701 μεταπεσέειν
899 3636 996 3699 scripsi
1011 3637 1192 3698 μεταπεσεῖν,
1211 3642 1243 3687 ut

122 3706 196 3757 minet
206 3709 288 3758 durio
303 3711 329 3757 et
346 3706 472 3772 planitiei
482 3705 517 3753 ad
529 3705 652 3755 dextram
702 3709 742 3768 V,
762 3709 811 3767 so,
830 3707 878 3758 ubi
897 3705 953 3758 vid.
973 3710 1041 3758 nott.
1068 3705 1110 3756 Ad
1127 3708 1244 3771 genitivi

122 3776 188 3826 fluvii
197 3779 283 3842 ripam
296 3781 425 3828 extensae
436 3780 463 3825 et
473 3774 594 3824 Phobaei
605 3789 653 3838 ap·
702 3793 780 3828 nsum
801 3778 829 3826 in
843 3774 934 3825 verbis
953 3765 1143 3823 καλλιστεύσει
1158 3769 1242 3825 πασέ·

123 3844 257 3906 peitatione
269 3846 440 3912 designatae,
450 3851 481 3894 ut
491 3850 564 3893 recte
578 3858 653 3894 vera·
703 3861 744 3895 ων
762 3844 819 3895 τούν
837 3874 869 3882 -
885 3840 1031 3907 γυναικοῖν
1054 3844 1090 3895 oi.
1115 3845 1242 3896 Kuehner

123 3918 277 3968 onerosior
299 3916 443 3981 scripsisse
462 3914 600 3978 putandus
616 3913 653 3962 sit
703 3915 749 3967 Gr.
763 3916 809 3969 Gr,
828 3920 852 3980 ς.
868 3913 929 3966 539,

123 3976 222 4044 ὕπερθε
239 3982 290 4035 τού
311 3980 451 4050 Φοιβηίου
471 3977 551 4045 iperi:
579 3982 651 4046 quod

124 4052 201 4115 ipsum
218 4055 331 4106 inferius
353 4055 388 4104 ab
409 4053 475 4104 urbe
494 4055 593 4115 Sparta
616 4051 651 4101 ad
886 4084 942 4135 cst
972 4086 1049 4136 ,XII

124 4122 226 4175 eandem
244 4125 320 4175 fluvii
342 4128 448 4190 partem
467 4122 588 4171 dextram
615 4121 652 4170 si·
946 4124 952 4135 ‘
984 4114 994 4134 ¹
1053 4121 1059 4134 '

125 4195 173 4240 tum
186 4210 216 4243 ex
228 4195 343 4244 adverso
356 4193 515 4254 Therapnes
528 4190 596 4240 suit:
619 4183 650 4239 τὸ
741 4178 800 4236 Τὸν
816 4180 847 4236 δέ
856 4177 1006 4248 Ἀρέστωνα
1017 4179 1115 4251 ἔκνιζε]
1140 4186 1244 4243 „Istius

125 4251 152 4307 δέ
163 4254 298 4325 Φοιβαῖόν
315 4253 390 4311 ἐστιν
407 4251 485 4316 ἐκτὸς
503 4256 553 4324 τῆς
572 4253 653 4308 πόλε-
703 4259 812 4307 mulieris
825 4273 894 4308 amor
904 4258 1045 4307 Aristonem
1055 4255 1188 4320 μαυμιῠαί.
1210 4255 1243 4304 In

127 4343 172 4387 ωε,
189 4322 337 4395 Θεράπνης
355 4321 391 4380 ού
408 4322 481 4380 πολύ
493 4320 654 4392 άφεστηκός
704 4326 825 4378 Glossar.
844 4325 969 4392 [Herod]
991 4331 1019 4377 et
1035 4325 1120 4374 Suida
1136 4317 1243 4381 ἔκνιζεν

127 4398 214 4448 scribit
226 4400 306 4452 Paos.
320 4402 372 4464 ΙΙΙ,
388 4402 428 4461 ΙΙ,
440 4399 457 4449 9
470 4399 531 4450 ooli.
546 4400 598 4458 ΙΙΙ,
611 4397 654 4459 20,
704 4396 827 4447 redditur
850 4390 963 4455 ἔδακεν,
985 4393 1135 4444 adhibitum
1159 4392 1242 4440 etiam

130 4466 156 4531 l,
173 4468 218 4518 ubi
238 4471 318 4520 etiam
332 4471 526 4522 Dioscurorum
541 4483 655 4520 comma·
705 4466 768 4529 Vll,
782 4467 821 4516 12.
842 4465 904 4529 Sed,
916 4468 946 4514 ut
958 4463 1013 4526 hio,
1026 4475 1106 4527 saepe
1117 4460 1244 4526 designat
