3008 5128
454 360 823 423 TERPSIOHORE.
845 364 885 424 V.
905 370 1026 426 49-51.
1266 361 1306 422 79

162 528 298 621 Ἀσίην,
318 533 409 621 λέγει
431 530 466 602 δ’
481 525 530 604 σόν
544 539 647 623 τριων
659 538 776 625 μηνοῖν
789 532 856 623 φάς
870 533 957 604 εἶναι
973 532 1035 622 την
1048 532 1181 603 ἀνοδον.
1220 528 1256 600 ‘O
1270 533 1307 602 δὲ

165 633 371 727 ὑπαρπάσας
394 634 454 707 τὸν
474 642 648 708 ἐπίλοιπον
668 638 786 727 λόγον,
809 636 868 708 τὸν
888 634 1155 727 δἈρισταγόρης
1176 633 1307 726 ὥρμητο

165 743 282 829 λέγειν
302 744 455 831 περὶτῆς
475 738 574 830 ὁδοῦ,
597 742 685 812 εἷπε·
707 733 748 810 Ὦ
762 746 850 827 ξεῖνε
863 738 1025 831 Μιλήσιε,
1046 738 1256 811 ἀπαλλάσσεο
1271 743 1307 809 ἐκ

165 845 329 934 Σπάρτης
351 842 416 935 πρὸ
437 844 557 926 δύντος
578 842 693 935 ἡλίου·
720 843 844 916 οάδένα
864 843 928 934 γάρ
950 844 1051 932 λόγον
1066 842 1186 916 εὐεπέα
1200 846 1306 933 λέγεις

164 954 480 1037 Λακεδαιμονίοισι.
507 951 637 1019 ἐθέλων
661 953 766 1037 σφέας
790 947 856 1019 ἀπὸ
876 947 1047 1037 θαλάσσης
1068 952 1171 1038 τριῶν
1190 953 1306 1038 μηνοῖν

164 1048 251 1120 ὁδόν
271 1049 419 1141 ἀγαγεῖν.
454 1048 548 1142 ὁμὲν
569 1050 610 1140 δη
630 1057 821 1143 Κλεομένης
839 1057 944 1122 ταῦτα
964 1062 1059 1133 είπας
1077 1051 1129 1142 ἤϊε
1149 1054 1182 1133 ἐς
1201 1049 1242 1120 τά
1255 1058 1303 1121 ol-

164 1163 235 1226 κία.
270 1151 306 1224 Ὁ
321 1157 358 1226 δέ
378 1153 627 1246 Ἀρισταγόρης,
648 1154 763 1245 λοβόν
783 1161 970 1246 ἱκετηρίην,
993 1154 1046 1246 ἥτε
1067 1160 1101 1237 ἐς
1119 1161 1180 1225 τοῦ
1197 1162 1349 1229 Ruso-51

164 1261 303 1348 μένεος·
334 1257 484 1330 ἐσελθὼν
505 1261 541 1329 δὲ
564 1270 659 1347 εἰσω,
689 1257 747 1329 ἀτε
766 1260 942 1347 ἱκετεύων,
967 1263 1151 1330 ἐπακοῦσαι
1171 1262 1303 1330 ἐκέλευε

163 1360 229 1432 τὸν
240 1367 450 1453 Κλεομένεα,
466 1360 708 1453 ἀποπέμψαντα
723 1362 759 1433 τὸ
773 1369 923 1434 παιδίον·
951 1363 1172 1454 προσεστήκεε
1185 1361 1249 1452 γάρ
1264 1360 1305 1451 δὴ

163 1471 218 1559 τῷ
230 1462 453 1556 Κλεομένελη
472 1466 646 1557 θυγάτηρ,
669 1473 711 1558 τῇ
731 1465 859 1557 οὕνομα
880 1459 923 1557 ἦν
936 1467 1069 1556 Γοργό·
1097 1472 1194 1537 τοῦτο
1216 1469 1256 1536 δέ
1274 1471 1310 1535 οἱ

162 1569 226 1641 καὶ
244 1574 371 1660 μοῦνον
385 1574 504 1641 τέκνον
523 1570 683 1660 ἐτύγχανε
701 1570 757 1642 ἐὸν
778 1575 880 1642 ἐτέων
901 1567 987 1640 όκτώ
1008 1568 1031 1660 ἢ
1052 1574 1150 1641 ἐννέα
1165 1566 1304 1659 ἡλικίην.

163 1677 361 1764 Κλεομένης
382 1675 418 1745 δέ
438 1677 549 1763 λέγειν
568 1704 628 1764 μιν
647 1679 779 1746 ἐκέλευε
798 1673 838 1745 τά
858 1673 1032 1764 βούλεται,
1059 1675 1143 1764 μηδὲ
1157 1677 1306 1761 ἐπισχεῖν

162 1783 230 1848 τοῦ
244 1784 381 1849 παιδίον
396 1784 517 1848 εἵνεκα.
545 1782 694 1849 ἐνθαῦτα
710 1778 750 1868 δὴ
764 1775 782 1848 ό
798 1776 1029 1869 Ἀρισταγόρης
1042 1775 1159 1868 ἤρχετο
1174 1780 1211 1847 ἐκ
1226 1778 1305 1846 δέκα

164 1881 345 1953 ταλάντων
366 1878 641 1973 ὑπισχνεόμενος,
669 1880 766 1972 ἦνοί
784 1885 955 1973 ἐπιτελέσῃ
975 1888 1043 1953 τῶν
1063 1884 1182 1953 ἐδέετο.
1221 1876 1303 1949 ἀνα-

162 2088 240 2154 quod
251 2088 353 2139 iustum
365 2092 447 2151 esset,
457 2088 546 2141 dicere
556 2090 709 2155 oportebat,
762 2104 815 2155 gno
833 2087 913 2139 affert
927 2087 957 2139 O.
970 2088 1001 2140 F.
1020 2088 1174 2139 Hermann:
1196 2088 1304 2140 Gottes·

161 2158 279 2208 minime
290 2173 367 2210 suern
376 2159 463 2225 ipsius
473 2161 637 2211 sententiam
646 2176 711 2225 ope·
763 2159 872 2212 dieustl.
880 2158 996 2209 Altertb.
1005 2158 1030 2209 d.
1040 2159 1148 2209 Grieob.
1157 2158 1181 2221 ᾗ.
1189 2159 1232 2209 24.
1244 2161 1302 2211 not.

162 2228 255 2291 riens,
271 2245 339 2294 quae
355 2245 372 2278 o
390 2227 531 2280 mendacio
548 2246 615 2282 seue
631 2246 711 2297 quem
763 2229 796 2281 14
802 2247 809 2289 ;
822 2228 989 2293 quibueudd.
997 2233 1127 2279 accurate
1134 2229 1166 2279 de
1174 2227 1305 2295 hisoxpo-

161 2300 287 2348 maxime
299 2297 473 2349 abhorrebat.
490 2299 547 2351 Neo
561 2302 647 2366 magis
658 2299 711 2350 hue
762 2302 870 2348 nentem
878 2298 1112 2350 Arn.Steudenor:
1125 2299 1182 2349 Dus
1194 2297 1304 2363 Symbol

161 2368 711 2435 pertinet,quodperperumstetuitHoff-
762 2365 1301 2433 d.Zweigseetc.(Helle1857)p.28.sq.

161 2438 280 2489 meister
299 2438 318 2490 1.
332 2438 351 2490 1.
369 2455 394 2503 p.
412 2440 461 2502 64,
482 2439 551 2491 alter
566 2440 640 2493 loeus
656 2440 711 2490 No·
762 2437 826 2487 Mox
839 2454 853 2488 e
866 2437 1025 2487 Florentino
1041 2436 1100 2487 eod.
1114 2452 1175 2485 eum
1187 2442 1302 2488 reeentt.

160 2508 219 2559 stri
232 2508 286 2569 ΙΙΙ,
300 2509 342 2573 72,
356 2509 405 2560 ubi
417 2509 473 2563 vid.
487 2514 593 2563 notata.
763 2506 825 2558 edd.
840 2508 937 2557 reduxi
953 2500 1149 2570 προσεστήκεε,
1161 2506 1207 2555 ubi
1219 2505 1303 2572 vulgo

762 2568 942 2641 προεστήκεε,
961 2575 1032 2626 unde
1048 2575 1209 2626 Soheeferus
1227 2575 1304 2625 effin-

199 2602 375 2675 ὑπαρπάσας
386 2603 439 2661 τόν
450 2602 600 2663 ἐπίλοιπον
611 2603 708 2678 λόγον]
762 2647 802 2697 xit
813 2640 993 2713 memque&
1019 2647 1062 2696 qu
1077 2644 1150 2695 conf,
1164 2645 1187 2708 1¹
1200 2644 1244 2696 86,

161 2683 182 2731 i.
210 2697 235 2732 e.
256 2685 411 2746 praecidens
432 2685 552 2749 reliquum
566 2698 710 2741 sermonem,
1077 2740 1083 2755 Ι

161 2754 361 2816 incemwnpens.
391 2752 494 2803 Eodem
512 2755 592 2804 modo
610 2755 711 2805 Noster
795 2740 1179 2815 ἤργετο-ὑπισγνεομενσς]
1195 2749 1214 2798 i.
1227 2763 1250 2801 s.
1267 2751 1322 2799 ire·

160 2822 222 2884 IX,
237 2822 280 2873 91.
311 2822 353 2872 Ad
370 2821 515 2873 dictionem
533 2813 647 2888 ὥρμητο
668 2817 710 2871 λε’-
760 2821 1115 2886 otpiebatadeoemtuieutie,
1129 2820 1304 2884 quaepoiiice-

160 2904 227 2956 γειν
242 2890 280 2943 ei.
295 2891 350 2955 IV,
363 2890 403 2946 16.
418 2893 462 2942 111
470 2929 477 2954 ‚
490 2893 523 2943 56
535 2893 627 2959 ibique
639 2896 710 2943 nott.
761 2891 843 2941 datter.
868 2892 922 2942 Pro
934 2889 1008 2976 vulp.
1021 2882 1122 2952 ἄρχετο
1135 2888 1232 2954 scripsi
1241 2905 1302 2940 oum

161 2960 248 3024 Quod
265 2961 292 3010 in
306 2961 445 3012 Sanerofti
464 2962 534 3012 libro
552 2978 600 3029 pro
617 2951 710 3027 ἀρμη-
760 2964 876 3012 reoontt.
890 2960 950 3011 edd.
973 2972 1090 3026 ηργετο,
1108 2958 1233 3024 idemque
1248 2959 1302 3008 ieet

161 3045 197 3079 το
212 3034 306 3081 exstet
321 3024 561 3095 {poilggloseem
577 3035 659 3098 sepit.
675 3061 710 3071 -
760 3031 814 3094 vl,
835 3033 883 3095 75,
910 3046 971 3081 oum
996 3033 1169 3095 augmentum
1195 3029 1224 3078 in
1250 3028 1302 3079 boo

161 3100 200 3150 In
211 3115 290 3175 seqq!
299 3116 360 3150 oum
369 3100 517 3167 Schweigh.
530 3107 558 3153 et
568 3102 656 3154 Geisi.
669 3118 710 3153 ro·
759 3100 844 3152 verbo
861 3115 995 3166 nusquam
1015 3098 1168 3164 neglectum
1184 3098 1235 3162 sit,
1256 3099 1302 3148 do·

162 3161 709 3238 ροιοὶλογονεάεπέαλέγεις,ροοι1ρΙο-
760 3174 841 3221 eente
858 3171 973 3221 Bredov.
993 3186 1019 3235 p.
1043 3169 1102 3219 295.
1134 3169 1194 3231 Quo
1207 3168 1302 3219 eodem

161 3241 230 3290 rimi
242 3239 369 3291 ferebant
382 3239 446 3290 libri
463 3243 569 3307 scripti.
597 3242 629 3292 In
641 3241 710 3292 Sen—
760 3242 820 3290 viro
836 3244 948 3291 duotore
959 3255 986 3305 p.
1000 3240 1051 3291 310
1065 3253 1127 3288 mox
1140 3238 1238 3303 scripsi
1251 3233 1302 3287 αδ-

163 3309 251 3360 croiti
271 3308 340 3361 libro
356 3310 496 3362 invenitur
515 3302 662 3375 εὐεπετέα,
681 3311 710 3361 in
761 3302 882 3372 δάξατο,
901 3324 963 3360 oum
981 3311 1011 3359 in
1030 3308 1121 3359 verbis
1134 3308 1168 3358 eb
1182 3308 1219 3356 α“ν
1235 3308 1301 3358 inci-

163 3394 222 3429 uno
240 3379 367 3430 Parisino
384 3373 515 3443 εάπέτεα,
539 3381 612 3432 unde
632 3381 710 3432 fluxit
760 3380 898 3445 pientibus
909 3383 1084 3445 angmentum
1098 3377 1188 3428 omitti
1204 3375 1301 3427 solent.

162 3439 285 3499 εὐπετέα
296 3446 360 3512 (rem
367 3449 490 3515 fection),
506 3451 578 3517 quod
596 3451 709 3502 exedit.
761 3450 849 3514 Supra
864 3440 1046 3510 αὐδάξασθαι
1063 3449 1164 3499 Noster
1179 3446 1248 3496 dixit
1262 3448 1301 3510 11,

162 3518 329 3585 wesseling.
344 3523 372 3570 et
388 3518 519 3571 Velelren.
534 3521 663 3572 Sobeefer
682 3524 709 3572 et
760 3519 810 3582 55,
821 3522 863 3571 57.
876 3548 909 3557 -
929 3520 971 3569 Ad
987 3517 1083 3569 verbex
1105 3513 1257 3584 προέβαινε
1272 3542 1302 3553 -

162 3587 489 3645 Matthiaeretinuerunt.
505 3592 638 3657 Equidem
648 3606 709 3642 oum
742 3608 746 3613 ¹
758 3579 942 3655 ὑπερβάλλων
954 3586 985 3655 (ἰ.
997 3604 1020 3640 e.
1029 3587 1246 3652 proprediebutur
1257 3603 1302 3636 αα-

163 3657 319 3724 Schweigb.
333 3650 419 3741 λόγον
431 3652 548 3720 εὐεπέα,
564 3676 643 3726 quem
656 3663 709 3713 Ne·
757 3661 840 3724 pendo
851 3674 949 3722 semper
959 3660 1083 3721 pecuniae
1094 3655 1219 3721 summum)
1232 3657 1268 3709 ei.
1278 3657 1301 3718 Ι,

162 3730 222 3794 gris
235 3730 349 3793 exponit
361 3727 526 3794 ἀρέσκοντα,
542 3731 709 3797 interpretor
760 3728 811 3779 134
822 3728 867 3782 flu.
881 3755 915 3764 -
927 3729 992 3779 Mox
1004 3744 1053 3794 pro
1063 3719 1091 3783 ές
1103 3716 1119 3776 ὃ
1127 3765 1133 3790 ,
1149 3727 1221 3791 quod
1230 3728 1302 3776 Mat·

160 3812 301 3849 τετπσπτιπ
327 3799 390 3849 bene
412 3809 541 3853 sonantem
567 3809 593 3851 et
621 3802 708 3852 auditu
758 3798 833 3848 tbiee
855 3803 883 3848 et
897 3797 1015 3849 Beirlrer.
1034 3798 1220 3861 retinuerunt,
1241 3811 1302 3846 eum

160 3878 274 3934 pratum
759 3867 909 3933 Schweigh.
932 3872 960 3918 et
981 3866 1069 3919 Geist.
1087 3865 1180 3917 refinxi
1198 3856 1231 3922 ές
1251 3853 1300 3914 οὗ.

760 3939 802 3989 Το
825 3937 881 3988 vid.
908 3940 979 3988 nott,
1007 3936 1042 3986 ed
1067 3937 1123 3999 lv,
1156 3934 1214 3987 160.
1258 3936 1301 3985 De

375 4042 441 4093 ὒν·
455 4042 504 4095 rr.
760 4006 1301 4129 :Ettttttsstitttbbb{1¹¹

200 4137 461 4213 λαβιδνίκετηρίην]
475 4148 494 4197 i.
502 4162 525 4196 e.
532 4156 626 4210 ewnpto
639 4150 710 4197 oleae
760 4147 803 4198 34.
825 4146 1017 4198 EFloreutino
1028 4147 1097 4196 libro
1107 4146 1223 4211 otiieque
1232 4112 1299 4194 Diri3

163 4231 245 4276 remo,
259 4216 321 4268 iunci
333 4218 448 4280 involuto,
461 4233 510 4282 pro
522 4232 596 4268 more
607 4217 709 4283 suppli·
758 4216 828 4267 dori.
848 4221 876 4268 et
893 4215 1017 4271 Dietsch.
1036 4216 1167 4266 dederunt
1188 4205 1300 4262 ὖπεδέ·

164 4300 238 4336 eum.
262 4285 305 4337 Cf.
320 4287 390 4347 vn,
405 4286 451 4337 141
469 4292 498 4336 et
511 4287 566 4336 vid.
580 4284 708 4337 Kleusen.
759 4284 855 4345 δεκτσ;
888 4287 1012 4352 equidem
1037 4286 1189 4337 Medioeum
1221 4281 1300 4349 sequi

163 4356 201 4406 nd
214 4355 345 4422 Aeschyli
359 4355 480 4422 Chodpb.
494 4356 555 4409 979.
571 4371 633 4421 pag.
646 4357 707 4419 218,
758 4356 852 4408 moini.
865 4384 900 4395 ·-
917 4359 957 4408 De
971 4358 1054 4426 θονγο
1070 4355 1143 4407 eont.
1161 4353 1250 4404 eitetu
1263 4353 1300 4403 ud

165 4430 193 4476 et
205 4441 276 4491 quoe
291 4427 374 4493 pluro
393 4426 427 4477 de
439 4426 491 4477 hoe
508 4425 660 4491 supplicum
672 4427 709 4474 si·
756 4428 790 4492 V,
805 4427 847 4478 48.
