2970 5128
240 386 301 468 τοο
677 382 942 447 souooorr

236 559 426 650 Ἀρίστωνι,
445 558 661 646 συνευνηθὲν
676 561 712 629 δὲ
727 559 804 640 τούς
818 556 1025 648 στεφάνους,
1045 554 1106 639 οὓς
1120 556 1204 646 εἶχε,
1225 557 1294 646 ἐμοὶ
1307 584 1357 627 πε·

241 673 397 755 ριετίθεε.
425 666 481 731 καὶ
496 662 533 732 τὸ
545 663 607 751 μέν
621 663 774 750 οἰχώκεε,
788 655 848 751 ἧκε
863 665 900 732 (li
915 661 996 751 μετά
1011 667 1115 731 ταῦτα
1133 661 1301 749 Ἀρίστων.
1322 658 1359 740 air

241 771 281 838 (li
300 795 341 854 με
363 766 432 835 εἶδε
453 773 596 853 ἔχουσαν
616 765 821 853 στεφάνους,
849 767 986 854 είράτα,
1017 772 1066 845 τίς
1092 775 1143 853 είη
1162 761 1181 835 ὅ
1199 793 1254 854 μοι
1274 764 1358 843 δούς·

172 857 177 867 ’
241 868 306 958 ἐγω
329 871 367 939 δὲ
387 869 536 957 ἐφάμην,
561 872 701 938 ἐκεῖνον.
732 865 750 937 ὁ
773 871 810 938 ot
830 867 892 937 οὐκ
906 865 1105 939 ὑπεδέκετο·
1130 865 1196 956 ἐμοὶ
1211 868 1248 937 tl
1265 895 1359 936 κατω-

240 973 391 1063 μνύμην,
408 975 541 1060 φαμένη
560 969 662 1041 αὐτὸν
676 970 716 1040 οὐ
738 976 847 1053 καλῶς
861 976 989 1042 ποιέειν
1002 969 1274 1063 ἀπαρνεόμενον·
1299 968 1360 1039 ὀλί-

240 1104 303 1164 γον
328 1076 393 1163 γάρ
412 1103 444 1143 τι
472 1077 635 1163 πρότερον
659 1077 803 1145 ἐλθόντα
827 1077 883 1145 καὶ
904 1079 1159 1164 συνευνηθέντα
1182 1080 1302 1145 δοῦναί
1315 1103 1362 1163 μοι

240 1180 317 1259 τούς
331 1178 527 1265 στεφάνους.
552 1175 658 1266 ὁρέων
674 1183 714 1249 δέ
726 1198 766 1267 με
781 1183 1037 1268 κατομνυμένην
1052 1175 1070 1247 ὁ
1083 1176 1244 1267 Ἀρίστων
1257 1184 1361 1266 ἔμαθε,
1458 1204 1459 1273 3

242 1279 286 1364 ὥς
299 1293 398 1351 θετον
412 1292 464 1369 είη
478 1280 515 1350 τὸ
536 1287 682 1369 πρῆγμα.
711 1284 768 1351 καὶ
789 1288 888 1351 τοῦτο
904 1282 966 1370 μὲν
979 1287 1012 1352 οί
1027 1284 1187 1369 στέφανοι
1203 1280 1362 1369 ἐφάνησαν
1458 1280 1459 1307 ³

241 1386 351 1467 ἐόντες
374 1387 411 1454 ἐκ
436 1390 496 1454 τοῦ
520 1382 647 1473 ἡρωίου
674 1383 845 1473 τοῦπαρὰ
871 1391 946 1473 τῇσι
974 1385 1101 1474 θάρησι
1121 1391 1198 1475 τῇσι
1222 1382 1362 1473 αὐλείῃσι

242 1491 443 1577 ἱδρυμένου,
459 1485 496 1556 τὸ
511 1490 667 1557 καλέουσι
685 1484 929 1577 Ἀστραβάκου·
958 1494 1056 1557 τοῦτο
1071 1489 1109 1557 (li
1122 1495 1157 1557 οί
1167 1488 1300 1576 μάντιες
1312 1485 1363 1555 τὸν
1459 1550 1460 1557 ,

240 1590 345 1662 αὐτὸν
363 1596 482 1662 τοῦτον
501 1588 593 1680 ἥρωα
614 1589 772 1680 ἀναίρεον
792 1590 889 1661 εἶναι.
935 1586 1033 1660 Οὕτω
1056 1589 1115 1679 δὴ,
1140 1582 1166 1660 ὦ
1189 1608 1268 1676 παῖ,
1290 1596 1364 1678 ἔχεις

241 1803 272 1852 Τ.
281 1799 307 1866 Ι]
320 1800 354 1850 de
362 1800 494 1849 daemone
505 1797 645 1863 pulchram
656 1798 781 1848 feminam
831 1800 871 1848 nis
888 1799 977 1849 τίοιιιιιιι
987 1805 1128 1861 putaverat
1145 1812 1191 1848 eea
1204 1812 1313 1849 εονοιιοε
1323 1812 1365 1845 εω-

241 1873 419 1936 depereunte:
440 1863 488 1915 καί
502 1861 606 1931 τράγου
619 1883 644 1916 τι
663 1861 781 1931 φάσμα
831 1870 893 1929 tier,
909 1867 960 1918 hoc
975 1883 1007 1918 eo
1021 1868 1156 1933 pertinet,
1175 1868 1249 1932 quod
1264 1882 1315 1916 non
1328 1881 1365 1915 so·

241 1931 291 2008 ἐρᾲ
319 1934 485 1993 Σινοίνιδος.
527 1938 628 1987 Locum
662 1939 782 2002 respexit
831 1936 887 1987 lum
900 1938 1065 1987 amasiorum
1076 1936 1148 1987 iores
1162 1952 1195 1987 ac
1210 1934 1364 1986 vestibulum

241 2010 339 2059 Suidas
358 2009 386 2057 in
406 1999 505 2070 φάσμα
523 2007 556 2055 Τ.
568 2006 619 2056 111.
637 2022 700 2085 ppg.
714 2006 780 2058 548:
832 2021 964 2057 coronare
982 2012 1182 2057 consueverant
1194 2012 1315 2065 veteres,
1326 2020 1365 2055 re-

241 2074 288 2126 καὶ
307 2072 387 2137 ἔδοξε
405 2069 506 2153 τράγος
521 2067 611 2137 εἶναι,
629 2091 666 2140 μη
678 2073 783 2137 ταῦρος
832 2090 890 2125 ram
905 2077 987 2125 etiam
1002 2077 1211 2141 muuerisqaasi
1228 2076 1365 2141 gratiaco·
1461 2098 1462 2123 ι

241 2138 332 2195 ἐκεῖνο
352 2144 382 2194 τὸ
403 2156 510 2207 φασμα.
542 2145 579 2194 Hi
597 2146 710 2195 extremi
728 2145 783 2195 loci
832 2144 908 2194 rollis
920 2160 1017 2196 ornare
1029 2161 1086 2207 eas,
1101 2146 1263 2211 quibuscum
1277 2159 1365 2195 couca-

241 2232 323 2282 quam
337 2213 438 2265 similas
451 2214 507 2263 sint
520 2213 584 2263 huic
597 2215 651 2278 ipsi
662 2214 783 2265 Herodo-

241 2292 300 2347 teo,
325 2286 412 2349 magis
432 2283 515 2333 etiam
539 2286 680 2347 sequentia
702 2284 782 2335 doce·

240 2356 337 2409 bunt.“
359 2353 427 2404 add.
441 2351 658 2404 Winclrclmaun.
672 2353 706 2403 ad
719 2352 781 2403 Plu·

242 2425 328 2475 tarch.
340 2426 416 2474 Erot.
435 2438 497 2487 pag.
513 2422 561 2470 221
576 2436 632 2487 aeq.
661 2422 693 2472 la
707 2438 781 2488 seqq.

241 2511 289 2561 pro
306 2494 377 2560 vulg.
397 2491 553 2553 περιετίθει
572 2492 708 2542 Bredorio
727 2507 782 2542 mo-

242 2570 324 2616 nente
338 2578 400 2629 pag.
412 2562 462 2613 3113
472 2562 599 2626 rescripsi
613 2559 780 2625 περιετίθεε.

277 2630 328 2684 orla
346 2624 512 2696 ὑπεδέκετο]
531 2633 549 2683 i.
567 2646 581 2680 e
610 2646 658 2680 noa
677 2635 781 2694 recepit,

240 2720 288 2754 noa
303 2704 404 2754 admisit
417 2700 471 2752 loc.
501 2701 542 2749 Cl.
558 2701 609 2765 111,
626 2701 675 2752 130
689 2700 781 2765 ibique

242 2778 311 2824 nott.
351 2770 523 2822 severium
543 2766 734 2834 κατωμνύμην
753 2771 781 2820 in

241 2860 315 2907 seqq.
332 2842 387 2892 vid.
400 2845 469 2889 nott.
484 2839 659 2901 τι111,65ε1
672 2841 708 2890 ad
723 2856 783 2891 rer·

241 2914 277 2963 ba
289 2907 323 2960 οὗ
337 2907 428 2965 καλῶς
441 2907 549 2958 ποιέειν
564 2901 782 2974 άπαρνεάμενον

241 2982 296 3033 vid.
310 2982 343 3042 V,
356 2981 390 3029 24
407 2979 498 3043 ibique
510 2983 579 3028 nott.

276 3044 380 3114 ἔμαθε,
400 3040 438 3104 ὡς
449 3048 534 3097 θεῖον
546 3045 591 3112 εἴη
605 3040 637 3096 τὸ
653 3046 779 3113 πρῆγμα]

242 3121 260 3172 1.
275 3136 297 3170 ε.
316 3119 440 3169 intellexit
452 3119 568 3168 diviuitas
581 3118 641 3182 qaid
650 3119 781 3168 accidisse.

242 3188 320 3239 (loni.
337 3189 373 3248 11,
388 3188 431 3238 66.

277 3252 307 3307 oi
323 3250 459 3318 στέφανοι
476 3245 623 3318 ἐφάνησαν
641 3244 736 3311 ἐόντες
753 3245 781 3303 ἐκ

241 3328 293 3376 τοῦ
311 3318 420 3393 ἡρωίου
439 3339 465 3376 ιι.
483 3338 507 3373 τ.
527 3323 562 3388 i]
599 3322 730 3374 Similiter
754 3325 803 3374 in·

242 3396 422 3465 pompalovis
434 3393 613 3445 etAlexandri
622 3393 784 3458 apudAthe·

241 3482 339 3516 uacum
352 3467 390 3527 V,
403 3464 419 3514 8
432 3479 454 3514 ε.
469 3464 511 3513 34.
527 3478 590 3528 pag.
606 3464 698 3512 2021).
716 3478 780 3527 pag.

241 3538 292 3588 287
304 3533 456 3599 Schweigh,
468 3537 634 3583 memoratur
643 3528 782 3593 στέφανος

241 3599 374 3670 μυστικὸς
396 3599 562 3667 χρυσοῦς-
581 3588 664 3659 οὗτος
681 3596 712 3650 bi
734 3616 783 3650 πε-

243 3671 383 3739 ριετίθετο
399 3669 439 3738 τῷ
463 3667 515 3720 τοῦ
532 3668 709 3734 Βερενικείου
728 3670 782 3720 bv·

242 3736 363 3808 ράματι,
388 3741 435 3791 ubi
457 3739 569 3805 proinde
588 3741 672 3791 etiam
688 3756 784 3791 corona

240 3822 332 3879 portae
346 3814 437 3862 socelli
452 3811 548 3860 heroici
566 3827 588 3860 s.
609 3811 681 3861 cerlis
699 3813 783 3876 appli-

241 3888 291 3934 cira
303 3883 439 3947 reperitur.
473 3882 531 3931 Nec
548 3879 628 3931 aliter
645 3880 782 3932 Romanos

241 3950 784 4010 suishan'buefecisse,testessuntluve-

242 4022 296 4075 nal.
317 4021 375 4073 Sat.
395 4021 450 4082 IX,
472 4019 520 4071 137
536 4020 594 4085 (ubi
608 4018 712 4069 consul.
727 4020 782 4069 Ru-

241 4090 323 4158 pert.)
347 4094 430 4155 atque
452 4088 544 4142 Plaat.
565 4091 687 4140 Trinum.
713 4088 743 4153 1,
764 4091 780 4138 2

240 4161 317 4221 iuit.;
337 4159 419 4225 idque
438 4160 473 4209 ad
487 4163 637 4210 extremam
653 4158 721 4208 adeo
735 4173 780 4208 ue·

240 4236 325 4281 tatem
349 4229 499 4279 invaluisse
522 4245 536 4278 e
557 4228 622 4278 Cod.
642 4227 779 4278 Theodos.

239 4299 314 4351 XVI.
335 4299 377 4349 tit.
395 4299 429 4350 X.
451 4296 484 4347 tle
505 4298 621 4362 paganis
643 4293 702 4359 (ubi
722 4298 777 4347 vid.

240 4367 399 4420 Gotbotred.
416 4381 479 4432 pag.
495 4367 546 4416 275
566 4365 635 4430 seq.)
651 4366 781 4431 perspici·

240 4443 293 4490 tur.
323 4438 396 4501 Quod
408 4451 467 4487 υενο
485 4438 565 4502 ipsias
582 4436 668 4486 mariti
679 4436 780 4487 Arieta-

831 2215 956 2265 buersut.
978 2214 1057 2265 Illum
1073 2231 1172 2266 morem
1186 2219 1315 2265 accurate
1326 2230 1366 2263 es·
1462 2248 1463 2273 r

832 2284 923 2349 plorat
940 2284 1088 2335 Clearchus
1109 2287 1136 2335 in
1154 2285 1234 2334 libris
1252 2285 1365 2335 Erotico
1462 2278 1463 2291 ¹

832 2369 890 2403 rum
903 2353 975 2418 opud
992 2354 1090 2406 athen.
1104 2356 1167 2416 XV,
1182 2355 1206 2404 3.
1225 2370 1252 2418 p.
1265 2353 1322 2403 670.
1341 2367 1365 2416 p.
1462 2372 1463 2379 ¹

834 2424 884 2474 441
906 2422 1079 2488 Schweigb.;
1111 2426 1260 2489 praecipue
1283 2428 1365 2472 autem

832 2491 884 2542 huc
909 2492 978 2542 iacit
993 2493 1133 2543 Plutarchi
1151 2493 1229 2543 locus
1245 2493 1278 2543 tle
1294 2493 1365 2542 laet

832 2562 902 2612 Osir.
922 2578 986 2627 pag.
1002 2562 1093 2615 351111.
1112 2579 1139 2628 p.
1154 2562 1205 2612 462
1225 2578 1283 2627 seq.
1296 2562 1366 2624 wyt-

832 2631 905 2681 tenb.
934 2632 1032 2697 ltaque
1048 2632 1114 2682 licet
1130 2631 1165 2681 ab
1187 2632 1291 2683 Ionicis
1308 2631 1366 2680 acri-

831 2701 956 2766 ptoribus
972 2695 1098 2764 στεφάνη
1110 2708 1137 2752 et
1155 2696 1296 2764 στέφανος
1311 2713 1365 2763 pro

832 2771 933 2820 miscue
948 2778 1092 2835 usurpetur
1103 2770 1171 2833 (vid.
1184 2776 1254 2821 nott.
1268 2771 1301 2820 ad
1313 2769 1364 2818 Cic.

831 2841 873 2890 De
887 2844 945 2889 nat.
959 2839 1031 2890 deor.
1047 2840 1069 2899 1,
1087 2842 1127 2891 ll.
1141 2855 1204 2904 pag.
1213 2840 1270 2903 50),
1283 2844 1366 2889 tamea
1446 2878 1449 2883 .

831 2909 859 2961 h.
867 2908 884 2960 l.
896 2908 1026 2959 credibile
1037 2914 1157 2960 estserto
1164 2910 1255 2974 llorirm
1265 2911 1366 2974 συρίττε-

832 2980 866 3028 da
882 2993 948 3029 erae.
979 2981 1019 3029 Ac
1036 2980 1136 3029 Noster
1153 2978 1238 3039 vul,
1260 2978 1308 3030 118
1326 2976 1364 3025 lia.

831 3042 1024 3111 θωρήσασθαι
1034 3048 1137 3112 χρυσέη
1148 3045 1284 3114 στεφάνη.
1296 3049 1366 3098 Haec

833 3118 916 3167 ducta
939 3119 1089 3168 oCreazert
1106 3118 1207 3182 disput.
1226 3119 1255 3167 iu
1272 3118 1365 3168 Coram.

832 3185 952 3237 Herodd.
971 3203 1033 3252 pag.
1049 3186 1100 3238 ’235
1118 3202 1192 3252 seq,
1217 3203 1296 3253 quem
1309 3200 1367 3236 ean·

832 3257 893 3306 dem
905 3256 989 3306 etiam
1003 3261 1031 3305 in
1046 3258 1171 3308 Excursu
1188 3256 1263 3308 adh.
1278 3255 1294 3306 l.
1309 3269 1366 3305 cou-

833 3324 886 3377 suli
899 3324 1023 3376 volamus
1041 3327 1077 3376 ad
1091 3326 1175 3377 verbo
1190 3326 1312 3390 proxime
1330 3340 1366 3375 sc·

832 3394 946 3460 quentia
970 3387 999 3444 ἐκ
1019 3393 1072 3445 τοῦ
1092 3386 1202 3459 ἡρωίου
1223 3384 1366 3456 τοῦπαρὰ

832 3462 896 3582 qim
920 3459 1029 3530 θάρησι
1053 3463 1117 3532 τῇσι
1145 3458 1274 3530 αὐλείῃσι
1294 3458 1365 3525 [ὄρν-

867 3547 930 3584 νου.

832 3549 851 3597 μ
866 3594 899 3651 τὸ
910 3594 1039 3651 καλέουσι
1050 3593 1249 3668 Ἀστραβάκου]
1269 3603 1309 3652 De
1321 3600 1366 3649 boc
1411 3615 1415 3621 ·

831 3671 892 3722 loco
914 3687 984 3736 quae
1001 3671 1154 3736 disputarit
1170 3670 1249 3737 plura
1268 3672 1367 3721 Oreste-

832 3757 886 3804 τυε,
902 3758 934 3791 ea
946 3742 974 3790 in
986 3742 1111 3792 Excursu
1126 3740 1161 3791 ad
1173 3741 1199 3794 h.
1217 3740 1235 3790 1.
1251 3740 1366 3792 exhibui·

833 3825 901 3861 mus.

867 3873 1019 3943 ἀναίρεον]
1037 3880 1056 3930 i.
1077 3894 1100 3930 e.
1125 3892 1270 3943 responaens
1288 3875 1367 3926 edide-

832 3957 906 4003 rant.-
928 3964 982 4014 quo
1001 3964 1083 4000 seusu
1103 3949 1261 4013 frequenter
1278 3936 1366 3994 άνεῖίε

832 4020 866 4069 da
880 4018 980 4084 Pythia
993 4018 1103 4068 oraculo
1119 4018 1216 4069 edente
1229 4016 1366 4068 sciscitan-

831 4088 919 4149 tibus,
935 4089 961 4149 1,
980 4088 1021 4140 13.
1034 4088 1076 4150 ΙΙ,
1091 4090 1134 4140 52.
1153 4087 1206 4149 IX,
1220 4086 1264 4140 33.
1277 4111 1312 4122 -
1332 4084 1365 4132 st

830 4147 999 4220 ἀναιρέομαι
1017 4157 1046 4206 iu
1066 4172 1142 4223 seqq.
1164 4156 1238 4206 valet
1251 4155 1365 4216 συντέμω,

830 4242 912 4277 remea
924 4234 998 4277 atero
1010 4230 1120 4290 recipio,
1134 4232 1164 4276 ut
1177 4225 1233 4286 111,
1250 4224 1310 4282 108,
1322 4220 1365 4270 ubi

831 4297 885 4346 rid.
900 4300 969 4346 nott.
1004 4296 1077 4346 Hine
1094 4296 1187 4377 glossa
1199 4294 1363 4345 Herodotea:

830 4355 1056 4446 άναιρεάμενον·
1079 4380 1111 4413 το
1134 4357 1165 4413 έν
1186 4359 1284 4427 γαστρὶ
1308 4358 1365 4409 συλ-

829 4431 1051 4502 λαμβανομενον.
1072 4435 1115 4485 De
1127 4433 1326 4500 praepositione
1335 4420 1364 4479 ἐν
