2998 5138
261 394 301 458 50
697 392 966 458 HERODO'PI
992 396 998 407 ‘

260 604 319 666 μιν
332 571 499 662 τοσαύτην
512 587 706 660 παρασχεῖν,
721 556 806 640 dora
820 570 978 660 κατάγειν
993 568 1163 642 ἀεκόντων
1175 577 1244 642 τάν
1258 571 1318 662 τὴν
1329 572 1382 643 πά-

262 689 316 749 λιν
335 677 482 767 ἐχόντων
504 681 659 760 Ναξίων·
682 675 899 765 πυνθάνομαι
919 673 983 765 γάρ
1002 672 1250 766 ὀκτακισχιλίην
1269 675 1383 747 άσπίδα

262 787 418 865 Ναξίοισι
433 782 519 850 εἶναι
533 784 588 850 καλ
602 789 701 850 πλοῖα
715 778 826 869 μακρά
840 780 955 848 πολλά.
978 778 1207 870 μηχανήσομαι
1229 781 1265 849 δὲ
1279 786 1425 854 ninevem

262 884 415 975 σπονδὴν
429 884 641 974 ποιεύμενος·
670 888 810 954 ἐπινοέω
833 884 869 953 δέ
888 886 978 973 τῇδε.
1010 881 1234 975 Ἀρταφέρνης
1247 912 1301 974 μοι
1314 913 1384 973 τογ·

262 990 355 1079 χάνει
367 986 442 1059 έοδν
462 997 575 1076 φίλος·
596 985 614 1057 δ
634 988 671 1057 δέ
685 986 909 1077 Ἀρταφέρνης
918 983 1115 1068 Ὑστάσπεος
1136 991 1199 1077 μέν
1220 992 1287 1059 ἐστι
1305 1005 1384 1073 παῖς,
1474 984 1475 1035 3

263 1103 412 1181 Δαρείου
427 1093 464 1162 δὲ
484 1098 545 1161 τοῦ
559 1094 711 1181 βασιλέος
731 1088 909 1178 άδελφεδς,
925 1096 993 1159 τοῖν
1008 1089 1041 1160 δ’
1064 1094 1314 1162 ἐπιθαλασσίων
1327 1097 1387 1161 τάν
1410 1082 1415 1089 ’
1474 1106 1475 1121 ³

264 1201 301 1267 ἐν
315 1202 356 1287 τῇ
368 1194 457 1285 Ἀσίη
471 1193 565 1285 άρχει
578 1195 727 1283 πάντων,
739 1203 824 1284 ἔχων
839 1194 997 1284 στρατιήν
1010 1222 1045 1264 τε
1059 1194 1188 1284 πολλὴν
1205 1198 1261 1265 καὶ
1275 1194 1387 1275 πολλάς

263 1303 350 1381 νέας.
377 1306 496 1369 τοῦτον
510 1291 559 1369 ὦν
573 1303 678 1370 δοκέω
692 1299 750 1369 τὸν
763 1297 871 1387 ἄνδρα
886 1298 1054 1387 ποιήσειν,
1069 1303 1138 1369 τοῖν
1151 1296 1195 1368 άν
1208 1308 1387 1389 χρηίζωμεν.

268 1410 379 1474 Ταῦτα
394 1402 596 1484 ἀκούσαντες
609 1404 768 1488 οίΝάξιοι
782 1406 994 1492 προσέθεσαν
1006 1408 1054 1495 τῷ
1066 1401 1280 1493 Ἀρισταγόρῃ
1294 1402 1387 1492 πρήσ-

264 1530 337 1578 σειν
356 1513 398 1598 τῇ
427 1507 565 1577 δύναιτο
586 1505 722 1596 άριστα,
752 1510 808 1576 καλ
828 1503 1030 1595 ὑπίσχεσθαι
1051 1512 1143 1596 δῶρα
1168 1510 1323 1578 ἐκέλευον
1341 1509 1389 1577 καλ
1475 1574 1476 1595 ,

265 1611 420 1702 δαπάνην
439 1617 481 1701 τῇ
502 1617 641 1701 στρατιῇ
668 1607 712 1692 ὡς
732 1608 828 1681 αὐτοὶ
857 1610 1088 1697 διαλύσοντες,
1114 1615 1252 1693 ἐλπίδας
1278 1607 1389 1690 πολλάς
1475 1648 1476 1709 3

265 1725 411 1804 ἔχοντες,
431 1714 513 1786 ὅταν
534 1721 739 1805 ἐπιφανέωσι
761 1718 794 1795 ἐς
807 1713 869 1804 τὴν
883 1715 1016 1801 Νάξον,
1030 1715 1139 1785 πάντα
1153 1714 1306 1806 ποιήσειν
1322 1711 1389 1794 τοὺς

266 1825 430 1907 Ναξίους,
445 1818 485 1888 τά
499 1815 542 1888 άν
557 1818 652 1889 αὐτοὶ
666 1818 847 1907 κελεύωσι,
868 1816 912 1899 ιδς
927 1820 964 1888 δέ
978 1820 1035 1888 καλ
1050 1817 1128 1900 τοὺς
1142 1816 1265 1901 ἄλλους
1278 1816 1388 1909 νησιά·
1475 1814 1476 1865 l

265 2019 398 2090 κατάγειν
422 2024 456 2076 de
482 2025 644 2078 redueendie
668 2026 807 2076 exsulibus
858 2028 984 2093 idemque
1007 2027 1135 2079 revocavi
1159 2016 1329 2084 ’Ῥσιάσπεος
1349 2040 1391 2092 pre

265 2098 365 2148 Noster
374 2111 482 2162 quoque
492 2095 618 2146 adhibuit
628 2096 650 2159 1,
660 2096 703 2149 60.
719 2097 751 2158 V,
763 2096 806 2149 31.
852 2089 1028 2160 Ὑστάσπεω,
1044 2099 1115 2163 quod
1128 2097 1162 2147 ab
1177 2097 1331 2159 Herodoto,
1351 2096 1393 2160 qui

266 2166 310 2217 92.
330 2170 353 2230 9.
371 2165 393 2215 1.
408 2167 479 2226 Vll,
497 2165 545 2216 1153
563 2165 625 2216 coll.
644 2166 759 2216 leocrat.
780 2166 808 2215 in
858 2167 910 2217 hoo
925 2182 1021 2217 nomen
1032 2168 1068 2217 ad
1082 2170 1193 2217 tertiam
1204 2164 1393 2218 tantumdeeli·
1476 2154 1477 2207 l

266 2237 439 2300 Areopag.§.
456 2236 496 2298 10,
512 2251 545 2285 ne
565 2235 651 2300 plura.
682 2236 715 2287 ln
730 2250 807 2300 seqq.
859 2240 999 2288 nationem
1018 2238 1118 2301 flectit,
1138 2237 1260 2289 alienum
1278 2253 1336 2289 esee
1352 2235 1392 2285 do·
1476 2246 1477 2255 ¹

267 2296 376 2355 άσπίδα
384 2305 509 2371 intelligo
515 2308 604 2371 μτανίε
612 2314 758 2356 αωιισιαταε
766 2308 810 2354 mi-
860 2308 918 2358 cuit
935 2307 1051 2358 Bredov.
1071 2322 1097 2372 p.
1112 2308 1177 2359 230:
1208 2324 1269 2358 euni
1287 2322 1338 2372 quo
1355 2320 1393 2355 eo·

267 2378 332 2437 lites,
341 2375 437 2440 aspide
449 2391 471 2427 e.
480 2381 559 2426 acuto
572 2379 730 2439 instructoe,
738 2380 769 2425 nt
781 2377 809 2423 in
861 2378 922 2427 dem
934 2378 1018 2428 etiam
1031 2377 1126 2427 refinxi
1137 2380 1212 2435 παῖς,
1223 2395 1271 2443 pro
1282 2371 1355 2437 πάϊς,
1367 2378 1394 2423 ut

267 2446 440 2511 Xenophont.
460 2447 546 2497 Anah.
562 2446 592 2508 Ι,
607 2448 640 2510 7,
659 2447 691 2497 10
711 2437 810 2509 (ciente
861 2447 984 2497 nonnulli
1002 2447 1117 2507 habent3
1141 2447 1197 2497 vid.
1218 2453 1287 2499 nott.
1303 2446 1336 2497 ad
1350 2445 1392 2507 IV,

267 2518 355 2578 μυρία
374 2510 423 2564 καί
445 2514 640 2581 τετρακοσία),
664 2516 712 2566 ubi
727 2515 810 2565 Hert·
863 2518 909 2568 llil
928 2522 957 2567 et
969 2517 1041 2568 conl.
1055 2516 1175 2567 Grashoi
1187 2517 1227 2568 in:
1253 2513 1391 2569 Sohnlaeit.

267 2585 321 2635 lein
332 2585 482 2637 Herodotei
494 2586 547 2637 loci
556 2587 625 2638 bene
637 2587 770 2645 meminit,
783 2588 810 2634 et
864 2587 939 2638 1831.
952 2603 1016 2652 pag.
1031 2586 1092 2649 703,
1105 2588 1151 2651 qui
1163 2592 1193 2638 et
1205 2589 1265 2652 ipae
1278 2587 1305 2637 in
1316 2586 1393 2636 Hero·

267 2657 296 2705 in
305 2655 443 2707 Plutarch.
454 2654 548 2721 Pyrrh.
560 2657 594 2706 28
611 2648 697 2720 (πρὸς
708 2646 810 2704 άσπί-
861 2658 926 2708 doto
943 2658 1035 2707 ubivis
1051 2657 1162 2707 restitui
1178 2658 1241 2708 vult
1257 2658 1331 2714 παῖς.

268 2722 330 2782 δας
343 2722 450 2782 πολλάς
463 2722 518 2774 τάν
532 2722 721 2787 Σπαρτιατῶν
733 2718 811 2773 nivu-
895 2724 953 2775 τῶν
971 2716 1000 2775 δ’
1013 2719 1228 2776 έπιθαλασσίων
1247 2726 1305 2776 τῶν
1319 2719 1348 2773 έν
1362 2718 1395 2786 ιη’

264 2788 812 2859 παρατεταγμένας),ωλιίθσλιασίιτ.αοοί.
857 2788 931 2860 Ἀσίη
954 2785 1034 2860 άρχει
1061 2789 1189 2861 πάντων]
1216 2797 1257 2847 Ad
1284 2800 1394 2848 extrema

268 2865 313 2929 (T.
328 2865 376 2914 Vl.
388 2880 414 2928 p.
424 2864 498 2929 504),
512 2866 557 2929 qui
569 2871 633 2930 apte
643 2866 739 2915 attulit
748 2863 811 2915 Plu·
860 2866 944 2916 verba
961 2865 1231 2933 merit0Weeeeling.
1245 2865 1348 2918 attendi
1361 2863 1395 2912 iu·

268 2931 356 2983 tareh.
375 2933 488 2985 Arietid.
506 2936 554 2996 21,
576 2935 701 3000 idemque
717 2933 811 2983 eonfe-
859 2935 921 2997 bet,
937 2936 1037 3001 quippe
1047 2935 1194 3001 prudenter
1204 2937 1325 2995 adiectu
1339 2946 1395 2983 nanu

268 3002 367 3054 rendua
382 3005 435 3054 erit
446 3002 481 3053 ad
493 3004 582 3067 Longi
592 3003 736 3055 Paetorall.
748 3019 810 3069 pag.
862 3005 897 3056 iie
921 3005 1099 3069 distinguitur
1116 3005 1298 3070 Artaphernie
1322 3006 1395 3067 impe·

269 3072 329 3126 373.
357 3073 404 3151 δρα
417 3074 490 3137 apud
503 3073 656 3137 Thucydid.
672 3073 749 3135 1,80
764 3069 811 3121 λπ-
861 3076 931 3124 rium
948 3075 978 3124 in
991 3076 1058 3125 Λεία
1069 3075 1169 3125 minori
1183 3075 1219 3127 ab
1233 3076 1330 3126 Otania
1341 3087 1395 3138 pro·

269 3157 319 3191 ποι
333 3148 361 3192 et
372 3142 445 3191 οπλα
457 3143 585 3193 dicuntur
597 3145 651 3208 ipsi
662 3144 768 3207 equites
783 3146 812 3193 et
862 3145 972 3206 vincia,
1006 3147 1053 3210 qui
1078 3145 1240 3210 Europaeae
1269 3161 1291 3199 e.
1317 3141 1396 3193 Thra·

269 3211 370 3263 militae
389 3212 481 3277 gravis
499 3218 669 3274 armaturae;
692 3218 720 3262 et
739 3211 811 3276 apud
862 3216 924 3265 niae
945 3229 1008 3265 orae
1025 3215 1078 3265 luit
1096 3215 1269 3279 praelectus,
1291 3229 1349 3265 eum
1365 3209 1396 3259 ad

268 3280 395 3345 Aeschyl.
402 3283 535 3334 Permittit
545 3282 578 3333 de
586 3283 729 3334 Persarum
739 3297 814 3331 exer·
861 3285 1005 3336 interiores
1027 3285 1163 3335 Thraciae
1185 3291 1293 3336 tractus
1309 3285 1397 3334 Perea·

269 3353 328 3403 aitu
337 3353 479 3402 Graeciam
494 3352 641 3404 invadente
651 3351 755 3403 Chorus
766 3367 812 3403 oa·
861 3370 920 3405 rum
939 3353 1089 3405 dominatio
1106 3356 1217 3408 minime
1231 3352 1395 3422 pertinuerit.

269 3423 325 3472 nit:
350 3417 384 3469 τά
405 3412 495 3471 πολλά
513 3416 612 3488 βέλεα
631 3419 761 3503 παμμιγῆ
777 3449 811 3459 -
862 3424 987 3475 Ολιιοιλ.
1005 3424 1040 3474 ad
1054 3425 1086 3488 V,
1101 3426 1145 3475 25.

269 3481 323 3569 ἀπ’
340 3480 447 3548 Ἀσίδος
467 3477 538 3555 ἦλθ’
555 3484 599 3542 ἐπ’
618 3484 688 3542 αἶαν
704 3519 737 3531 -
758 3490 812 3541 El·
896 3492 1089 3562 προσέθεσαν]
1106 3492 1178 3545 Mula
1192 3493 1292 3545 Aldine
1304 3481 1396 3553 προσέ-

269 3553 457 3624 λαδαγάρσν.
479 3562 651 3614 Conietiam
661 3562 809 3614 Blomlield.
862 3561 960 3617 θεντο,
999 3563 1072 3615 Illud
1090 3565 1162 3615 enim
1179 3565 1267 3614 valet:
1289 3565 1396 3613 iiiam

270 3633 299 3680 in
316 3629 439 3682 Gloeaur.
461 3631 496 3681 ad
510 3632 639 3698 Aeschyli
655 3634 731 3686 Pere.
749 3632 810 3697 320,
862 3642 934 3691 runt,
946 3636 1111 3697 mandarunt,
1124 3633 1397 3698 ommutui·-

270 3700 316 3767 qui
326 3699 361 3750 ad
371 3699 422 3751 hoo
431 3701 537 3752 dicendi
548 3719 633 3767 genna
643 3703 738 3754 retulit
748 3718 814 3768 qno·
863 3720 962 3770 gerae,
973 3710 1066 3771 utque
1077 3710 1172 3771 poeaet
1180 3704 1285 3770 optima
1297 3701 1397 3754 ratione

270 3785 322 3836 que
332 3769 458 3835 Sophool.
470 3772 537 3828 Oed.
551 3773 580 3825 C.
597 3772 663 3825 1312
677 3766 729 3835 ξὺν
741 3763 812 3822 ἑπτά
862 3775 915 3825 hoo
928 3781 1079 3841 perageret.
1103 3775 1184 3825 Haud
1200 3774 1280 3824 aliter
1292 3782 1398 3848 προστι;

270 3834 392 3903 λόγχαις.
428 3840 515 3890 πλοῖα
525 3836 620 3907 μακρά
632 3846 732 3895 Noster
744 3844 813 3893 dicit
862 3843 948 3893 θὲναι
961 3846 988 3910 1,
1006 3846 1062 3897 108.
1077 3844 1134 3906 111,
1151 3845 1194 3897 62.
1230 3844 1284 3894 Pro
1296 3840 1397 3905 vulw

271 3924 355 3961 navae
382 3909 418 3959 ad
437 3909 562 3963 bellicum
587 3928 665 3963 neum
692 3913 812 3964 destina·
863 3909 983 3963 δύναιτο
1014 3906 1117 3978 ἄριστα
1147 3914 1247 3980 aeripei
1276 3927 1335 3963 cnm
1358 3922 1397 3958 re·

274 3986 333 4037 tau
353 3979 408 4033 vid.
423 3985 493 4031 nott.
504 3983 538 4032 ad
550 3984 573 4044 1,
587 3986 612 4034 ¹2.
642 3983 683 4033 De
695 3985 756 4048 ipeo
769 3999 813 4033 ar·
863 3989 946 4036 eentt.
960 3985 1021 4036 edd.
1038 3981 1081 4051 τῇ
1098 3980 1125 4031 δ.
1139 3975 1185 4047 ἄρ.
1202 3984 1313 4034 inbente
1326 3980 1398 4030 stm-

273 4052 747 4185 ttffltltittlzliztlliiie
761 4112 821 4187 με·
861 4045 1398 4191 113110111111011101

271 4182 329 4242 ἐστι
349 4188 428 4255 παῖς]
454 4192 593 4242 Beroeavi
617 4204 679 4244 oum
696 4198 811 4245 recenti.
863 4207 960 4251 σοντες
973 4199 1028 4245 eet:
1047 4203 1158 4258 εννφιατ
1166 4192 1322 4259 praebituri.
1334 4190 1398 4239 eolu-

272 4262 334 4316 edd.
364 4249 435 4309 idi
454 4253 714 4329 Ἀρταφέρνης,
739 4263 812 4330 quod
864 4267 921 4315 tari.
953 4264 994 4314 Ad
1006 4265 1091 4316 verba
1104 4253 1173 4314 ὅταν
1185 4253 1356 4327 ἐπιφανέωσι
1372 4245 1399 4310 lt

271 4337 359 4400 ipsum
373 4331 403 4380 in
411 4329 570 4383 Florentino
582 4332 699 4399 aliisque
712 4334 813 4399 legitur
862 4326 916 4399 τὴν
928 4325 1029 4395 Νάξον
1043 4333 1115 4386 noni.
1130 4334 1182 4397 IV,
1199 4334 1240 4384 14.
1381 4385 1387 4403 ⁹

271 4408 375 4453 etcum
388 4401 416 4450 vi
434 4402 550 4466 quadam
564 4404 712 4469 repetitur,
732 4406 813 4455 emie-
897 4394 936 4461 ιδς
961 4398 993 4453 δέ
1015 4399 1064 4452 καλ
1087 4397 1155 4456 τοὺς
1175 4391 1279 4456 ἄλλους
1301 4407 1399 4460 νησιω-

272 4487 331 4524 eum
350 4487 367 4523 a
383 4471 602 4540 Schweighaeua.
622 4479 650 4525 at
661 4474 813 4536 Gaiasmd,
861 4472 922 4542 τας]
949 4474 992 4526 De
1011 4474 1111 4525 vocula
1129 4462 1168 4532 ιδς
1186 4470 1259 4524 coni.
1277 4470 1346 4520 nott.
1365 4458 1398 4514 σᾶ
