2970 5128
226 367 287 430 308
663 365 929 429 ithuuuuut

228 544 316 623 εἶδος
330 537 520 630 φλαύρηνὴ
537 539 660 629 τροφὸς
674 540 793 631 αὐτῆς,
814 537 868 611 οἷα
888 540 1083 629 ἀνθρώπων
1099 569 1134 610 τε
1150 540 1273 631 ὀλβίων
1290 554 1347 612 θυ-

228 650 350 734 γατέρα
371 648 427 713 καὶ
443 648 599 715 δυσειδέα
615 649 754 731 ἐοῦσαν,
775 644 858 735 πρὸς
872 647 909 715 dl
925 648 981 713 καὶ
996 642 1137 732 ὁρέουσα
1152 647 1228 725 τοὺς
1241 651 1348 732 γονέας

227 748 406 838 συμφορὴν
420 747 456 818 τὸ
471 747 559 828 εἶδος
572 747 675 836 αὐτῆς
690 752 927 836 ποιευμένους,
951 754 1055 817 ταῦτα
1069 751 1191 818 ἕκαστα
1204 755 1349 837 μαθοῦσα

229 846 443 941 inspectetur
458 852 581 921 τοιάδε.
608 854 728 941 ἐφόρεε
742 849 850 940 αὐτὴν
863 850 928 921 ἀνά
942 859 1053 921 πᾶσαν
1066 848 1193 940 ἡμέρην
1209 857 1241 932 ἐς
1254 852 1289 920 τό
1301 858 1350 940 τῆς

223 953 355 1043 Ἑλένης
371 955 461 1043 ἱρόν·
485 953 522 1023 τὸ
537 951 570 1023 δ’
587 961 657 1023 ἔστι
676 957 713 1023 έν
727 960 767 1044 τῇ
782 955 941 1044 Θεράπνῃ
956 958 1144 1042 καλεομένῃ
1158 953 1352 1045 desederet]

228 1160 323 1227 pulcra
340 1160 460 1210 foemina
472 1160 500 1209 in
513 1159 621 1209 foedam
630 1167 772 1213 converte·
855 1156 1007 1226 συμφορὴν
1017 1188 1052 1197 —-
1063 1154 1260 1225 ποιευμένους]
1279 1162 1349 1211 Coul.

228 1238 286 1294 rat,
308 1236 401 1281 narrat
415 1229 505 1279 Schol.
523 1230 636 1279 Aristid.
657 1247 718 1297 pag.
740 1233 770 1281 18
820 1237 890 1283 nott.
902 1232 936 1281 sd
946 1232 979 1289 V,
990 1230 1016 1281 5.
1038 1231 1070 1279 In
1079 1234 1200 1295 proxime
1215 1245 1288 1295 seqq.
1302 1220 1352 1278 ἐκι-

228 1300 372 1351 Frommel.
396 1301 456 1361 Quo
469 1299 563 1349 eodem
579 1308 706 1350 monente
716 1302 768 1352 Cr.
820 1294 953 1365 φράζεται
970 1306 1027 1350 est:
1044 1302 1248 1363 comniniscitur,
1263 1302 1354 1363 excopi-

228 1370 365 1420 Herodoti
387 1369 507 1432 vestigia
535 1368 634 1434 legisse
661 1370 769 1421 videtur
819 1379 865 1421 tot.
890 1371 932 1420 Cf.
945 1369 992 1431 IV,
1007 1369 1066 1420 200.
1081 1371 1137 1432 Vl,
1155 1369 1213 1420 133.
1228 1370 1278 1419 vlt
1286 1368 1352 1431 ,2311

229 1438 372 1491 Iamblieh.
393 1438 420 1487 in
438 1437 590 1501 Babylona.
612 1440 684 1504 apud
700 1441 770 1489 Pho·
819 1439 882 1491 coll.
894 1440 917 1499 I,
931 1439 973 1488 48.
987 1440 1021 1499 V,
1033 1438 1059 1488 ll.

228 1512 294 1561 tium
306 1509 366 1559 cod.
379 1508 413 1559 94
425 1523 451 1572 p.
468 1507 515 1558 132
530 1523 587 1573 seq.
604 1507 644 1573 [ς.
659 1509 676 1557 3
692 1524 768 1573 seqq.
854 1501 882 1566 ές
899 1496 932 1556 sb
950 1505 1001 1571 τῆς
1019 1501 1131 1571 Ἑλένης
1154 1499 1230 1570 ἱρὸν]
1260 1506 1292 1555 Iu
1313 1522 1353 1568 op·

229 1598 255 1645 p.
269 1582 320 1630 2⁰22
337 1593 412 1643 seqq.
430 1578 547 1628 Erotice.
561 1578 705 1643 Scriptorr.
727 1580 767 1630 ed.
820 1577 884 1643 pido
897 1578 1039 1641 Therapne
1053 1578 1157 1627 Helena
1176 1577 1352 1641 atquehleue-

228 1649 359 1701 Hereher.
373 1649 405 1699 Τ.
420 1646 460 1711 Ι).
818 1649 879 1697 laus
892 1647 992 1711 sepulti
1005 1647 1175 1707 ferebantur,
1195 1646 1309 1709 indeque
1320 1644 1354 1694 di·

264 1712 312 1768 οἷυ
325 1709 492 1779 ἀνθρώπων
507 1729 535 1764 τε
557 1705 661 1781 ὀλβίων
679 1714 770 1779 θυγα-
819 1718 890 1768 vinis
903 1717 1051 1767 honoribus
1064 1717 1157 1767 affecti
1171 1717 1270 1780 pieque
1283 1714 1353 1774 culti,

228 1784 304 1854 τέρα]
337 1788 390 1849 Qui
404 1788 520 1850 Spartae
536 1788 654 1836 omniurn
669 1786 769 1835 civium
819 1790 890 1838 teste
902 1787 1023 1839 Pausan.
1037 1786 1089 1848 ΙΙΙ,
1103 1785 1142 1837 19.
1155 1790 1179 1849 ξ.
1192 1786 1217 1835 9.
1241 1785 1354 1849 Namque

228 1858 301 1909 bona
313 1860 432 1921 aequata
444 1870 503 1904 csse
517 1853 621 1917 volunt,
636 1861 772 1919 quaerunt
818 1857 847 1905 in
864 1856 963 1920 priscis
976 1857 1115 1907 Laconiae
1134 1855 1291 1905 numinibus
1304 1869 1354 1902 ma-

229 1927 254 1976 h.
269 1929 303 1989 l.,
323 1926 371 1992 qui
389 1924 447 1975 lieri
469 1925 603 1987 potuerit,
623 1936 653 1973 ut
670 1926 770 1973 divitum
819 1928 890 1974 xime
901 1924 1307 1988 celebrataHslens‚quam,ad
1318 1922 1356 1971 lu·

229 2001 371 2062 parentum
383 1993 441 2042 filia
454 2000 628 2043 memoretur:
646 1996 700 2045 nisi
715 1996 767 2043 ism
819 2010 899 2045 neres
912 1995 977 2045 deas
987 1994 1111 2059 relatam,
1127 1995 1355 2043 Venerem-Lunum

228 2072 287 2116 tum
300 2080 317 2114 a
331 2063 449 2128 Lycurgi
468 2063 604 2114 institutis
617 2063 769 2126 Spartanos
819 2067 1043 2128 interpretantur,
1053 2065 1089 2113 ad
1100 2066 1234 2115 Venerem
1243 2065 1356 2128 proxime

229 2135 378 2185 descivisse
390 2138 524 2197 putemus.
551 2132 604 2181 Sed
619 2133 682 2182 ride
701 2132 769 2182 mihi
818 2136 993 2185 accedentem
1007 2133 1092 2198 pulcri
1108 2148 1141 2182 ac
1155 2134 1265 2183 venusti
1274 2133 1355 2192 deam,

229 2205 345 2255 alterum
365 2217 469 2266 quoque
489 2201 584 2251 Nostri
600 2200 687 2252 locum
706 2203 769 2265 VII,
818 2220 904 2270 aeque
925 2203 1026 2253 cultam
1053 2208 1135 2268 atque
1160 2202 1313 2252 Menelaum
1331 2205 1356 2251 et

230 2270 547 2336 tenacissimorum
560 2286 770 2322 commemorari·
818 2274 859 2323 ita
888 2274 956 2338 ipsis
978 2288 1071 2337 regum
1100 2272 1297 2337 Spartanorum
1320 2287 1358 2321 re·

229 2350 273 2394 tur
287 2341 436 2393 nobiliores
452 2333 552 2403 (φύσει
568 2334 712 2405 γεγονότες
727 2327 769 2403 εὖ,
818 2343 868 2393 bus
878 2343 1081 2407 interpositam:
1099 2341 1134 2391 de
1150 2357 1205 2406 qus
1222 2341 1278 2391 vid.
1292 2355 1355 2406 quae

229 2415 247 2464 i.
261 2428 284 2462 s.
302 2412 470 2478 generosiori
492 2411 577 2474 stirpe
590 2410 714 2475 oriundi)
736 2412 768 2460 ii·
819 2413 923 2462 monuit
935 2411 1049 2462 Preller:
1070 2411 1178 2462 Grieeh.
1190 2410 1307 2476 Mythol.
1321 2410 1355 2460 11.

229 2484 345 2547 demque
366 2471 488 2544 χρήμασι
509 2471 665 2545 άνήκονιες
685 2471 712 2536 ές
735 2472 769 2528 τὰ
819 2498 882 2547 pag.
897 2482 945 2541 733
964 2482 998 2532 ct.
1013 2480 1095 2530 etiam
1107 2481 1236 2531 Cranaen.
1249 2482 1355 2543 inSym·

229 2550 341 2614 πρῶτα,
364 2551 382 2599 i.
395 2565 419 2599 e.
441 2549 543 2612 opibus,
562 2551 653 2600 diuitiis
663 2552 769 2599 corinen—
819 2552 872 2600 bol.
885 2552 933 2601 IV.
946 2567 973 2615 p.
987 2550 1038 2600 279
1050 2565 1125 2615 seqq.
1141 2549 1207 2600 edit.
1222 2556 1302 2613 tert,
1314 2549 1356 2613 qni

229 2633 281 2679 tes,-
300 2621 362 2671 add.
376 2618 528 2683 Thucydid.
543 2619 570 2682 1,
582 2618 614 2680 u,
636 2620 684 2669 ubi
698 2619 769 2670 inter
819 2622 890 2671 idem
913 2621 940 2669 in
954 2619 1117 2670 Commentt.
1127 2620 1251 2670 Herodd.
1267 2636 1294 2684 p.
1311 2618 1357 2669 1511

228 2694 353 2742 Lacones
370 2689 574 2753 antiquissimos
594 2683 624 2737 oi
637 2683 670 2736 τά
687 2686 769 2752 μείζω
819 2691 852 2739 (Ιε
870 2689 911 2739 his
930 2691 969 2738 ita
985 2689 1111 2739 disserit:
1139 2689 1283 2753 „Quando
1301 2690 1357 2752 ipsa

228 2753 394 2825 κεκτημένοι
414 2758 539 2807 dicuntur
557 2759 696 2809 exstitisse
712 2754 770 2807 loo-
818 2759 884 2809 luna
895 2775 967 2809 nunc
977 2758 1072 2809 nubila
1084 2762 1140 2820 est,
1154 2759 1247 2808 tristis
1261 2774 1294 2808 ac
1306 2758 1358 2806 loe·

229 2829 336 2880 δίαιται
346 2818 417 2892 πρὸς
429 2818 496 2883 τοὺς
506 2820 637 2884 πολλούς.
659 2828 716 2877 Nec
726 2843 770 2877 sa·
819 2830 862 2891 da,
876 2844 945 2878 nunc
958 2844 1064 2889 serena,
1077 2825 1173 2877 hilaris
1183 2844 1218 2877 ac
1229 2828 1356 2885 formosa,

228 2916 262 2951 ne
277 2899 482 2950 coutroversiae
498 2896 531 2947 de
545 2896 601 2946 tilis
618 2893 770 2963 πατρούχῳ
820 2898 857 2948 nil
874 2899 969 2947 mirum
983 2901 1042 2948 eius
1053 2897 1184 2948 beneficio
1197 2912 1230 2947 ae
1241 2902 1359 2962 potesta·

229 2970 288 3034 regi
301 2967 467 3017 dirimendae
478 2966 592 3030 (Herod.
605 2967 651 3030 VI,
662 2965 707 3031 et)
721 2982 769 3015 un·
821 2972 848 3018 ts
858 2969 959 3017 variari
971 2982 1030 3018 esse
1044 2966 1174 3017 traditam
1185 2965 1301 3017 formam
1313 2981 1357 3031 pu·

229 3036 771 3106 quamexsisterspotnissent‚siomnium
820 3036 888 3087 ellae
898 3038 1067 3098 Laconicae,
1086 3038 1165 3086 cuins
1178 3039 1273 3086 nutrix
1282 3036 1356 3085 Hele-

229 3110 301 3159 bona
309 3105 434 3171 aequalia
446 3105 627 3155 exstitissent.
637 3105 716 3156 Unde
726 3121 771 3155 sa·
819 3108 980 3157 nae—Lunae
990 3106 1105 3172 supplex
1115 3121 1174 3155 eam
1185 3098 1305 3170 graiium
1314 3121 1356 3170 po·

228 3179 265 3227 tis
278 3182 365 3241 patet,
378 3174 449 3239 quod
462 3174 545 3222 etlam
558 3173 666 3224 aliunde
678 3175 770 3240 cogni·
817 3178 975 3241 posceret.“
992 3177 1081 3241 Atque
1090 3174 1169 3225 huius
1180 3175 1250 3226 deae
1259 3175 1356 3227 cultum

228 3252 285 3298 tum
298 3243 770 3306 hebernus,minimeeambouorum
817 3246 1357 3311 nonaliteratqueDioscurorumsaera
1464 3300 1465 3303 ς

229 3314 424 3380 aequalitatem
440 3312 555 3376 Spartae
571 3313 670 3374 inisse,
687 3328 767 3377 quam
819 3322 882 3365 ante
900 3318 1004 3365 Dorum
1021 3314 1190 3365 invasionem
1208 3330 1258 3381 per
1276 3316 1356 3364 Laco·

228 3384 310 3450 vulgo
329 3384 481 3441 somniant,
502 3381 576 3432 nulla
593 3388 714 3433 veterum
731 3388 769 3433 tc·
817 3388 891 3434 niam
905 3385 1029 3435 floruisse
1039 3389 1066 3435 et
1079 3389 1177 3449 postea
1189 3386 1223 3434 ad
1237 3390 1356 3435 recentes

229 3455 417 3505 stimoniorum
434 3452 540 3503 ratione
555 3451 659 3501 habits.
684 3454 769 3518 Equi·
819 3455 940 3505 advenas
954 3454 1104 3515 transiisse,
1114 3469 1185 3504 nunc
1195 3454 1306 3519 quidem
1317 3469 1357 3502 sa·

229 3526 290 3575 dem
303 3524 354 3574 hac
364 3524 392 3573 in
404 3537 434 3572 rs
447 3537 479 3571 ea
492 3523 579 3571 teneri
592 3523 682 3583 velim,
698 3538 767 3586 quae
817 3524 853 3572 tis
868 3529 986 3575 constat,
1006 3525 1066 3585 Quo
1077 3528 1198 3589 tempore
1208 3524 1356 3588 anteSpar-

228 3595 344 3645 Kortiim
357 3591 511 3658 (Heidelbb.
523 3591 636 3642 Jahrbb.
652 3592 727 3642 tutu.
741 3608 767 3657 p.
818 3601 873 3642 tarn
894 3593 1033 3643 conditam
1052 3595 1080 3641 in
1094 3593 1218 3644 Laconis
1231 3592 1355 3657 Amyclas

228 3663 279 3714 1147
293 3678 368 3728 seqq.
379 3699 386 3724 ,
398 3660 504 3712 Grisch.
518 3660 615 3713 Gesch.
635 3663 657 3710 Ι.
676 3676 702 3725 p.
718 3662 767 3713 113
818 3663 1070 3727 atque'lhsrapnen
1083 3662 1198 3712 maxime
1213 3663 1356 3713 eminuisse

229 3732 301 3797 seq.)
320 3738 347 3782 et
362 3731 446 3781 Grote
463 3728 583 3795 (Griecb.
603 3729 716 3793 Mytbol.
737 3746 765 3779 α.
817 3733 930 3782 tradunt
946 3748 999 3783 nou
1015 3732 1094 3797 longe
1108 3736 1228 3782 remotas
1246 3732 1283 3781 ab
1298 3734 1355 3796 ipsa

227 3803 340 3866 Antiqq.
357 3816 382 3849 v.
398 3799 519 3849 Fischer.
538 3800 576 3852 ΙΙ.
595 3815 622 3864 p.
635 3799 686 3850 377
698 3815 766 3864 seq,
817 3801 934 3866 Sparta,
954 3802 1096 3866 primarias
1109 3807 1136 3852 et
1150 3802 1355 3866 antiquissimas

227 3869 275 3919 ubi
287 3870 343 3921 vid.
360 3884 466 3934 quoque
476 3869 597 3921 Fischer.
615 3868 718 3933 ipsum,
738 3876 765 3919 et
815 3871 986 3921 Achaeorum
998 3870 1087 3933 sedes,
1098 3872 1188 3921 multis
1199 3886 1306 3937 quoque
1316 3885 1356 3919 ar·

228 3954 291 4004 pag.
305 3937 356 3989 388
373 3939 460 4004 seqq.)
476 3943 630 3989 statuerunt
646 3939 766 4003 ipsorum
817 3941 852 3989 tis
869 3942 1049 3992 monumentis
1069 3941 1198 4005 insignes.
1227 3938 1310 3989 Plura
1325 3938 1354 3987 C.

227 4013 350 4058 veterum
360 4010 521 4071 scriptorum
530 4010 694 4058 testimoniis
704 4025 767 4058 con·
817 4010 851 4059 0.
864 4010 986 4060 Mueller.
999 4011 1065 4060 Dor.
1076 4008 1100 4059 1.
1114 4026 1141 4075 p.
1152 4010 1185 4059 112
1198 4025 1255 4075 seq.
1280 4007 1354 4072 Quod

228 4084 372 4140 seutanea,
389 4077 504 4142 indeque
516 4078 549 4127 iis
561 4079 643 4128 etiam
656 4095 766 4141 prorsus
817 4080 852 4129 ad
870 4080 957 4142 ipsius
974 4080 1027 4129 loci
1043 4079 1164 4129 rationes
1184 4082 1301 4140 attinet,
1317 4079 1356 4126 in-

176 4154 180 4157 “
227 4148 339 4210 accedo,
352 4162 423 4211 qnae
434 4147 493 4196 Em.
502 4146 625 4197 Mueller.
640 4146 765 4211 (Jahrbb.
818 4149 989 4211 quisiverunt
1000 4150 1029 4198 in
1041 4163 1087 4198 ess
1099 4148 1353 4211 Puillon-Boblaye:

228 4216 247 4266 f.
261 4214 359 4268 Philol.
378 4231 404 4269 u.
418 4216 658 4281 Paedag.'LXXV.
674 4232 699 4281 p.
714 4218 764 4268 nat
816 4217 987 4269 Recherches
1003 4218 1178 4283 geographiq.
1191 4233 1236 4268 sur
1250 4217 1290 4268 les
1305 4217 1355 4266 rui·

227 4286 317 4351 seqq.)
334 4286 439 4335 monuit
450 4290 546 4335 contra
558 4301 618 4347 sos,
632 4285 766 4350 quiillam
817 4302 865 4336 uss
883 4287 916 4337 de
932 4286 1069 4356 laMorde
1090 4303 1152 4353 pag.
1178 4286 1210 4336 82
1229 4292 1258 4337 et
1274 4286 1305 4337 0.
1322 4284 1353 4334 0.

226 4354 357 4404 bonorum
369 4354 563 4418 aequalitatem
577 4370 662 4419 nuper
674 4355 765 4406 admo·
815 4355 929 4406 Mueller
942 4358 983 4407 in:
1000 4357 1139 4421 Goetting.
1154 4356 1212 4409 Gel.
1221 4356 1353 4419 Anaeigg.

227 4422 291 4475 dum
303 4424 376 4474 tueri
387 4424 490 4474 trustra
504 4424 597 4474 conati
608 4427 681 4478 sunt.
817 4425 891 4477 1838.
907 4441 949 4480 nr.
964 4426 1021 4478 134.
1038 4443 1065 4492 p.
1081 4425 1148 4478 1340
1160 4441 1230 4491 seq,
1242 4438 1354 4475 secura·
