3008 5128
224 366 284 431 126
473 370 477 379 '
655 369 918 433 HERODO'PI

222 548 282 613 τοῦ
295 548 420 634 φυλῆς·
443 541 547 633 ταύτῃ
568 543 605 613 dl
626 542 663 613 τὸ
684 542 811 635 οὕνομα
832 541 897 614 clud
920 549 978 634 τῆς
992 547 1119 615 ἑωυτοῦ
1132 541 1233 635 ἀρχῆς
1247 554 1358 617 ἔθετο.

221 639 314 717 οὗτοι
333 650 396 737 μὲν
417 646 458 737 δὴ
475 645 641 737 Ἀρχέλαοι
660 651 852 736 ἐκαλέοντο,
874 653 981 738 ἕτεροι
1003 649 1039 718 δὲ
1052 645 1181 737 Ὑᾶται,
1201 648 1296 720 ἄλλοι
1317 651 1359 720 dl

219 748 385 839 Ὀνεᾶται,
412 754 518 839 ἕτεροι
540 752 576 820 dl
590 758 776 842 Χοιρεᾶται.
821 754 973 823 Τούτοισι
995 768 1081 823 τοῖσι
1103 750 1265 845 οὐνόμασι
1287 758 1359 823 τᾶν

222 857 360 944 φυλέων
372 858 533 943 ἐχρέωντο
546 861 582 925 ολ
593 858 795 945 Σικυώνιοι,
815 860 871 928 καὶ
892 859 946 927 ἐπὶ
960 861 1183 940 Κλεισθένεος
1196 857 1358 948 ἄρχοντος

223 962 279 1030 καὶ
293 961 423 1029 ἐκείνου
436 964 638 1047 τεθνεῶτος,
659 968 707 1031 ἔτι
727 958 782 1031 ἐπ’
797 969 871 1032 ἔτεα
885 960 1057 1050 ἑξήκοντα·
1087 965 1262 1051 μετέπειτα
1274 966 1356 1051 μέν-

221 1091 273 1134 τοι
287 1060 387 1151 λόγον
401 1071 495 1151 σφίσι
511 1062 625 1145 δόντες
647 1068 831 1154 μετέβαλον
851 1070 884 1146 ές
898 1065 974 1146 τοὺς
992 1062 1124 1145 Ὑλλέας
1137 1068 1193 1137 καὶ
1208 1066 1355 1157 Παμφύ-

222 1176 301 1248 λους
327 1170 383 1237 καὶ
403 1168 623 1257 Δυμανάτας·
655 1169 831 1257 τετάρτους
860 1170 898 1240 dl
919 1168 1049 1240 αὐτοῖσι
1072 1174 1278 1258 προσέθεντο
1300 1173 1356 1240 ἐπὶ

221 1264 281 1341 τοῦ
306 1267 485 1360 Ἀδρήστου
504 1272 623 1354 παιδὸς
643 1277 835 1363 Αἰγιαλέος,
862 1272 924 1362 τὴν
946 1278 1141 1363 ἐπωνυμίην
1162 1273 1356 1364 ποιεύμενοι

221 1379 404 1464 κεκλῆσθαι
419 1379 606 1462 Αἰγιαλέας.

220 1578 381 1643 peregrinae
393 1578 487 1643 stirpis
503 1577 588 1629 tuisse
601 1578 644 1629 vel
657 1594 689 1629 eo
701 1594 762 1645 pro·
813 1578 937 1643 credam,
953 1576 1054 1628 nullum
1069 1575 1150 1628 video
1163 1589 1282 1625 censum.
1312 1574 1355 1624 Ac

221 1649 317 1710 betur,
342 1646 414 1713 quud
437 1649 495 1712 ipse
521 1647 688 1713 Clisthenes,
716 1650 763 1715 qui
812 1649 922 1701 ridetur
944 1650 1038 1714 utique
1059 1652 1207 1713 tyrannm,
1236 1644 1299 1696 odie
1323 1645 1356 1694 iu

218 1715 282 1767 huic
295 1719 379 1769 tribui
392 1717 547 1783 udscriptus
559 1725 631 1782 eret,
643 1721 762 1786 peregri-
813 1720 958 1784 optimates
972 1734 1004 1768 ee
1019 1717 1124 1768 nobiles
1141 1716 1254 1777 duetus,
1266 1729 1354 1780 penes

220 1802 271 1837 nus
282 1786 349 1851 luit,
363 1788 451 1839 Dores
463 1803 545 1848 vero,
562 1804 596 1840 ne
611 1790 672 1855 quir
684 1805 761 1856 pere·
811 1805 880 1854 quos
897 1789 927 1838 in
944 1789 1048 1838 Durum
1064 1785 1228 1839 civitatibus
1246 1799 1354 1835 summe

220 1858 312 1921 grinus
325 1858 383 1907 suis
395 1858 533 1922 gentibus,
547 1873 617 1925 quse
629 1860 692 1909 iude
704 1858 761 1923 pol·
810 1874 901 1910 rerum
922 1864 982 1908 eret
1002 1863 1031 1909 et
1048 1873 1066 1907 s
1088 1857 1188 1922 quibus
1208 1854 1274 1907 solis
1297 1856 1355 1919 ipsi

218 1926 358 1976 luereutur
374 1932 402 1977 et
416 1928 639 1992 inquinarentur,
658 1929 760 1979 edscri-
811 1916 958 1980 tim'endum
970 1934 1037 1991 eret,
1052 1929 1093 1978 sic
1106 1927 1206 1992 egisse,
1218 1929 1249 1975 ut
1261 1925 1290 1973 iu
1302 1940 1355 1989 op·

218 1997 340 2057 beretur‚
363 1994 456 2047 sedulo
468 1998 575 2049 eeviese
588 1998 759 2050 notissimum
808 1999 948 2065 probrium
959 2004 1079 2049 verteret
1097 1997 1208 2047 nomine
1224 1995 1354 2057 tribuum,

220 2070 273 2117 ert.
291 2066 362 2116 Sese
376 2067 462 2131 igitur
473 2067 758 2132 tribuityrennushn·
810 2085 877 2134 quus
892 2069 926 2119 ub
941 2069 1000 2134 ipso
1017 2074 1143 2119 servatas
1158 2081 1217 2118 esse
1234 2065 1279 2115 hie
1293 2065 1355 2129 ipse

219 2136 293 2187 noris
310 2135 418 2201 plenum
437 2136 536 2187 indidit
556 2137 679 2188 titulum:
702 2130 758 2199 Ἀρ-
807 2140 885 2191 locus
905 2138 1040 2199 declarat,
1069 2137 1117 2189 sed
1135 2140 1231 2187 metes
1252 2140 1354 2200 quarte

219 2202 329 2270 χέλαοι,
343 2207 360 2256 i.
376 2223 399 2257 e.
412 2208 528 2270 populum
539 2216 667 2274 repentes,
687 2211 758 2273 prin-
808 2209 896 2272 tribu,
914 2224 994 2275 quem
1007 2208 1119 2273 reliquis
1132 2206 1211 2272 queri
1223 2203 1353 2269 praefice-

217 2277 759 2399 rmuemttrnerii
809 2285 866 2399 ν
930 2282 1067 2399 terr
1082 2275 1353 2398 ρατιονε

217 2362 272 2466 νᾶτ
290 2383 448 2479 adhibetur,
470 2422 497 2468 et
515 2366 634 2482 ἀρχέλαᾶ
653 2418 682 2467 in
698 2419 759 2469 Ari·
807 2366 1022 2486 ᾶᾶᾶρᾶῖνᾶᾶοοᾶ,
1044 2385 1075 2468 ul
1092 2363 1174 2468 uiifm
1188 2360 1353 2466 Delricel'um

217 2484 426 2552 stopheu.1dqq.
440 2486 499 2538 164.
532 2486 656 2554 Reliquis
674 2488 760 2539 tribu·
808 2491 927 2541 tribuum
940 2490 996 2540 rim
1014 2504 1046 2540 eo
1061 2487 1157 2538 melius
1171 2485 1310 2551 frangeret
1321 2488 1352 2535 et

216 2555 267 2607 bus
277 2556 384 2607 Derieis
393 2557 449 2607 elie
458 2573 506 2622 per
515 2562 700 2624 contemptum
711 2559 759 2608 im·
809 2561 972 2611 contineret.

217 2628 308 2691 posuit
329 2627 439 2676 nomine
460 2643 477 2678 e
494 2643 554 2691 see,
573 2630 757 2690 attemperes
844 2622 930 2695 λόγον
951 2641 1032 2693 σφισι
1052 2617 1161 2691 δόντες]
1183 2624 1262 2678 Ocni.
1276 2628 1351 2676 nott.

216 2687 456 2762 repetite‘l'cirus‚
474 2689 618 2761 Ὀνεᾶται,
638 2694 759 2760 Χοιρεᾶ·
808 2699 892 2761 idn,
907 2698 965 2753 162.
991 2699 1227 2762 Queesequuutur
1237 2695 1353 2746 Dorice-

217 2781 273 2817 ται.
295 2766 448 2818 Vernacule
463 2769 504 2819 sie
515 2766 632 2818 reddidit
647 2767 757 2820 Curtius
809 2786 868 2821 rum
882 2770 1001 2820 tribuum
1016 2766 1142 2829 nomine,
1155 2765 1354 2832 'antiquissimu

218 2834 492 2901 (delectaremur
509 2853 536 2902 p.
554 2838 628 2902 rim:
648 2836 756 2889 Seduci-
806 2840 855 2890 ille
872 2845 935 2892 sunt
954 2845 982 2890 et
1006 2838 1035 2888 iu
1056 2852 1219 2902 unaqueque
1237 2835 1354 2887 civitete

215 2906 317 2969 nielles,
336 2907 480 2972 Eselinper,
501 2907 700 2971 Ferkeldeimer,
721 2908 756 2959 ad
806 2911 910 2961 Dorice
929 2909 1026 2970 obvie,
1043 2913 1173 2972 utsupra
1187 2905 1352 2957 monuimus.

216 2976 272 3026 cibi
290 2977 421 3028 rationem
443 2977 543 3029 heeece
565 2978 676 3029 nomine
696 2994 757 3043 spe-
806 2982 848 3032 De
861 2979 960 3048 quibus
971 2978 1027 3028 vid⁴
1043 2976 1074 3028 C.
1089 2978 1121 3029 Ο.
1136 2976 1262 3027 Mueller:
1280 2976 1351 3026 Der.

216 3049 292 3096 cture
304 3049 420 3112 opinens
434 3047 550 3099 deducte
562 3047 596 3097 eb
608 3047 641 3098 iis
654 3048 756 3098 enims·
807 3051 845 3101 11.
858 3066 919 3116 pag.
939 3051 973 3101 75
989 3063 1080 3113 seqq„
1100 3048 1132 3098 C.
1148 3048 1180 3097 F.
1196 3046 1352 3097 Hermann:

215 3114 297 3180 libus,
311 3130 379 3182 quse
388 3117 501 3169 Ionibus
512 3118 601 3183 pisces
612 3117 755 3170 edentibus
805 3118 949 3172 Lehrbuch
961 3124 1014 3169 etc.
1032 3118 1056 3180 5.
1071 3119 1114 3169 20.
1129 3123 1187 3167 not.
1202 3116 1261 3179 11.,
1279 3116 1352 3166 Kor-

217 3187 332 3236 ruexime
357 3188 449 3238 invise
474 3187 590 3250 luerint,
615 3194 700 3254 etque
722 3188 755 3238 de
807 3193 875 3244 tiim.
895 3190 936 3238 in:
962 3186 1110 3240 Schlusser.
1134 3191 1161 3237 et
1174 3185 1283 3237 Bercht.
1299 3188 1352 3236 Ar·

217 3256 291 3306 omni
300 3257 433 3308 Herodoti
443 3258 599 3308 narratione
610 3257 755 3309 dubitans:
807 3260 878 3311 chiv.
894 3260 926 3309 Τ.
942 3259 988 3309 1v.
1004 3273 1067 3323 μσς.
1083 3256 1220 3308 let-143
1237 3262 1265 3306 et
1277 3270 1351 3322 quse

216 3327 244 3376 ln
259 3340 384 3392 quocum
399 3343 453 3379 nnn
463 3330 550 3394 magis
563 3343 663 3393 sequer
675 3344 755 3394 quem
805 3330 863 3380 elie
884 3344 968 3394 suprs
987 3329 1023 3377 ed
1040 3327 1093 3387 IV,
1114 3326 1229 3377 1451οῐο
1252 3324 1352 3375 ettuli-

216 3396 285 3448 (1.0.
294 3396 452 3447 Muellerum
460 3398 527 3448 Dor.
537 3398 573 3448 ll.
583 3414 607 3463 p.
616 3398 651 3449 60
662 3398 723 3449 coll.
731 3399 755 3453 1.
806 3415 874 3451 mue.
904 3399 1020 3463 Scripsit
1031 3397 1064 3447 de
1079 3397 1122 3448 his
1132 3410 1238 3462 queque
1247 3394 1351 3447 Gruter

215 3465 538 3531 peg.162(esseutiente
557 3468 755 3533 quedammodo
806 3468 914 3522 Grieeh.
936 3467 1051 3533 Mythol.
1073 3481 1100 3520 u.
1121 3466 1233 3531 Antiqq.
1256 3465 1349 3528 11,u.

214 3536 336 3587 Plessio:
358 3537 411 3587 Die
422 3538 558 3603 Tys-eunte
574 3537 597 3586 1.
608 3552 669 3603 pag.
684 3537 754 3602 141),
805 3540 850 3606 (Τ.
863 3540 900 3589 11.
915 3554 942 3604 p.
953 3538 1004 3590 3:35]
1016 3553 1073 3603 seq.
1088 3552 1103 3585 e
1115 3551 1187 3587 vers.
1199 3534 1351 3598 Fischeri).

214 3606 261 3672 qni
278 3605 378 3658 haecce
396 3609 507 3658 nomine
522 3608 631 3658 minime
650 3611 677 3657 in
690 3623 755 3658 ceu·
805 3610 865 3660 Hoc
878 3625 960 3659 unum
977 3608 1022 3657 lric
1038 3607 1137 3657 addere
1151 3604 1241 3669 lubet,
1261 3606 1351 3655 Hero-

213 3674 355 3727 turnelism
378 3677 504 3728 tribubus
526 3676 636 3727 Derieis
659 3693 676 3727 u
701 3676 755 3727 cli·
805 3679 864 3731 doti
885 3680 1043 3744 Ιλμαεοοαιαο
1067 3677 1139 3742 epnd
1161 3674 1231 3726 elios
1253 3676 1351 3725 vocari

214 3746 309 3797 sthene
328 3747 456 3812 impositu
475 3761 534 3798 esse
548 3751 641 3797 censet
654 3747 754 3812 ipsum·
804 3752 944 3816 Dymnum,
960 3752 991 3798 ut
1002 3763 1028 3799 r.
1042 3763 1067 3801 c.
1083 3747 1154 3812 epud
1168 3745 1262 3811 Steph.
1278 3746 1348 3811 Byr.

214 3832 266 3882 que
286 3815 453 3868 Herodotum
476 3822 560 3882 neget
584 3816 754 3883 respublicas
804 3835 826 3869 s.
842 3815 984 3883 ν.Δομᾶν
999 3833 1025 3882 μ,
1041 3818 1100 3868 312.
1136 3816 1240 3878 Quibus
1259 3818 1348 3865 ternis

213 3892 287 3936 recte
309 3887 460 3938 diiudicare
476 3887 613 3953 petuisse,
638 3903 699 3940 eum
721 3903 753 3939 eo
802 3889 930 3940 tribubus
949 3892 1048 3954 quartu
1063 3887 1088 3937 si
1105 3889 1236 3949 secessit,
1252 3900 1287 3935 es
1302 3885 1348 3936 vel

214 3956 306 4021 potius
321 3962 461 4022 spectasse
474 3956 638 4008 Clisthenem
655 3958 754 4022 probe·
804 3961 1006 4025 peregrinorum
1020 3959 1048 4007 in
1064 3956 1206 4008 civitatem
1220 3961 1348 4020 recepto-

214 4026 269 4076 bile
280 4025 332 4089 sit,
347 4031 378 4077 ut
391 4028 478 4078 Dures
489 4027 586 4077 relicte
601 4027 667 4078 urhe
679 4027 753 4094 egris
804 4045 862 4078 rum
878 4029 964 4080 fuisse
982 4026 1123 4094 prebebile
1140 4031 1194 4089 est,
1217 4024 1260 4077 vel
1274 4024 1347 4074 indi-

214 4095 335 4147 colendis
359 4097 541 4162 gregibusque
563 4095 668 4148 alendis
691 4113 755 4162 ope·
804 4114 901 4163 genem
913 4099 1029 4159 tribum,
1048 4112 1118 4163 quse
1131 4098 1236 4162 priores
1253 4100 1348 4146 terres

213 4181 271 4217 rem
287 4166 352 4216 dure
365 4171 488 4231 cogeret,
505 4166 615 4231 nequid
632 4167 685 4232 ipsi
700 4182 756 4217 em·
804 4169 909 4220 incolas
920 4185 937 4219 u
946 4168 1065 4219 Deribus
1077 4165 1270 4218 invadentibus
1282 4164 1347 4215 sub·

214 4236 288 4303 plius
307 4234 342 4286 eb
361 4236 417 4286 illis
436 4236 502 4286 urbe
522 4235 634 4286 inclusis
659 4236 755 4286 timen·
805 4243 882 4290 uetes
900 4237 1107 4303 complectetur.
1143 4235 1258 4300 Quelem
1272 4233 1347 4285 heuc

214 4307 278 4356 dum
295 4305 374 4358 foret.
409 4305 544 4372 Equidem
562 4310 653 4356 temen
669 4307 697 4355 iu
713 4310 754 4357 te·
803 4307 892 4374 ipsum
915 4306 1103 4373 Aegialeuseru
1129 4306 1214 4357 luisse
1243 4306 1345 4356 stetui-

214 4375 285 4449 libus
291 4375 432 4427 Herodoto
441 4390 489 4426 cur
499 4374 618 4426 diffidunt
629 4374 755 4427 eundern·
803 4393 878 4441 mus,
890 4378 926 4429 eb
936 4378 1059 4444 Aepiuleo
1066 4415 1074 4442 ‚
1085 4376 1199 4427 Adrasti
1212 4374 1281 4439 filio,
1297 4374 1345 4425 de·

215 4461 268 4515 que
288 4445 377 4497 miuus
399 4449 474 4498 recte
493 4444 527 4497 de
544 4444 587 4496 his
606 4444 754 4499 tradidisse
803 4449 984 4514 deminutum,
1005 4462 1067 4500 curu
1086 4446 1147 4515 ipse
1162 4445 1227 4499 elim
1240 4444 1345 4515 Sicyon
