3008 5128
470 403 839 466 TERPSIOHORE.
862 406 900 467 V.
923 414 967 470 m.
1225 404 1284 465 115

146 578 204 647 uui
225 579 433 665 Μέλανθον,
462 585 497 647 οἳ
516 577 679 668 πρότερον
696 578 859 667 ἐπήλυδες
879 575 988 658 ἐόντες
1007 581 1161 666 ἐγένοντο
1185 575 1283 667 Ἀθη-

142 689 251 752 ναίων
271 685 435 769 βασιλέες.
468 684 524 751 ἐπὶ
543 682 662 752 τούτου
683 683 720 752 δὲ
743 685 800 752 καὶ
819 679 926 752 τιόυτό
946 680 1074 772 οὔνομα
1093 679 1283 772 ἀπεμνημό-

142 808 244 855 νευσε
258 780 478 874 Ἱπποκράτης
491 790 538 878 τῷ
551 788 647 856 παιδὶ
659 791 786 857 θέσθαι
799 786 858 856 τόν
871 793 1130 875 Πεισίστρατον,
1155 788 1209 855 ἐπὶ
1223 790 1283 855 τοῦ

141 892 315 979 Νέστορος
327 890 573 978 Πεισιστράτου
585 890 781 981 ποιεύμενος
795 890 856 979 τὴν
869 893 1071 980 ἐπωνυμίην.
1108 886 1207 958 obse
1221 890 1284 979 μὲν

140 990 315 1081 Ἀθηναῖοι
335 992 513 1080 τυράννων
536 990 815 1084 άπηλλάχθηοαν·
843 992 905 1063 ὅσα
932 994 969 1064 δὲ
995 997 1282 1080 ἐλευθερωθέντες

141 1100 244 1186 ἔρξαν
263 1092 284 1185 ἢ
304 1104 436 1166 ἔπαθον
455 1093 607 1187 ἀξιόχρεα
627 1095 826 1187 άπηγησιος,
853 1100 933 1186 πρὶν
955 1093 977 1186 ἢ
994 1094 1123 1186 Ἰωνίην
1143 1124 1178 1167 τε
1198 1093 1280 1166 άπο-

140 1205 263 1289 στῆναι
281 1197 347 1269 άπὸ
361 1209 510 1290 Δαρείου
530 1203 586 1270 καί
604 1199 837 1291 Ἀρισταγόρεα
856 1201 915 1270 τόν
934 1201 1104 1291 Μιλήσιον
1121 1199 1278 1291 άπικόμε-

140 1331 205 1373 νον
219 1308 254 1384 ἐς
273 1301 416 1393 Ἀθάνας
428 1313 562 1393 χρηΐσαι
576 1309 691 1393 σφέων
704 1309 880 1396 βοηθέειν,
903 1310 1007 1375 ταῦτα
1021 1311 1135 1395 πρῶτα
1150 1304 1277 1392 φράσω.

141 1473 239 1538 quinto
252 1470 337 1537 pado
352 1473 387 1523 ab
403 1472 463 1537 ipso
476 1471 560 1522 Neleo
577 1471 631 1523 filio
645 1489 687 1523 or·
737 1478 833 1539 gente,
846 1488 938 1538 parem
951 1472 1136 1524 Pisistratidis
1150 1474 1279 1526 interces-

141 1552 188 1592 tus
208 1548 284 1604 erat,
310 1541 388 1594 euius
407 1540 477 1592 alter
498 1540 570 1592 filius
587 1542 687 1594 Nestor
737 1544 808 1594 sisse
818 1544 1005 1609 cognationem
1013 1542 1060 1609 (el.
1069 1544 1152 1593 Besso
1164 1544 1181 1593 1.
1189 1544 1206 1594 l.
1214 1560 1277 1610 png.

139 1612 350 1678 (Periclymenis
363 1612 447 1677 igitur
456 1611 552 1676 irater)
570 1616 626 1664 tres
640 1612 687 1663 ha·
739 1612 792 1680 ln).
808 1615 832 1664 E
845 1614 968 1679 quaipse
977 1613 1141 1679 cognatione
1154 1619 1182 1664 et
1191 1621 1278 1665 ortam

139 1682 235 1732 bnisse
257 1682 344 1732 fertur
363 1682 451 1744 lilios,
475 1681 686 1745 Thrasymedem
737 1689 765 1734 et
797 1691 906 1733 auctam
940 1698 1000 1734 esse
1030 1682 1189 1733 crediderim
1217 1700 1278 1749 gra·

140 1752 233 1817 (euius
254 1767 338 1817 nepos
352 1750 516 1812 Alcmaeon,
537 1751 609 1804 nude
626 1753 686 1803 hle-
735 1768 796 1805 veru
810 1753 995 1815 inimicitiam,
1013 1767 1083 1818 qnne
1099 1758 1195 1818 postea
1207 1754 1279 1805 inter

138 1821 328 1885 maeonidse),
339 1820 513 1872 Antilochum
524 1822 607 1884 (unde
617 1822 684 1874 Pae·
734 1828 877 1888 utramque
889 1828 998 1888 gentem
1014 1837 1100 1887 seque
1112 1823 1230 1874 nobilem
1244 1839 1277 1874 ac

139 1892 253 1956 enidse)
272 1897 300 1942 et
320 1892 495 1942 Pisistratum
516 1889 602 1956 (unde
615 1893 686 1942 Pisi·
735 1894 789 1944 sibi
809 1893 1006 1959 quodammodo
1024 1907 1116 1957 parem
1129 1895 1233 1958 erupit,
1253 1895 1278 1945 si

138 1961 684 2028 stratidae):vidBessezhlemeeonidd.
735 1964 844 2030 quidem
868 1964 1061 2029 potentissima
1090 1967 1117 2013 et
1140 1963 1276 2015 ditissima

139 2031 228 2098 pagii
239 2046 316 2096 seqq.
339 2030 621 2084 Nelidaeeldessenis
631 2034 685 2084 eie·
734 2033 988 2084 Alcmaeonidarnm
1006 2048 1072 2098 gens
1088 2034 1276 2085 Pisistratida-

139 2103 179 2153 eti
192 2103 222 2152 in
230 2100 353 2151 Atticam
366 2101 565 2167 confugerunt,
580 2101 627 2152 nbi
640 2102 684 2153 be·
734 2119 793 2156 rum
807 2104 921 2169 imperio
937 2119 966 2154 se
982 2103 1117 2154 subiicere
1135 2103 1223 2154 noluit
1234 2105 1276 2155 in-

138 2172 303 2237 signissime
311 2173 419 2237 excepti
430 2172 571 2223 civitatem
581 2174 685 2222 omnia·
735 2174 822 2239 deque
835 2175 923 2225 eiecta
933 2178 984 2226 est.
996 2199 1028 2209 -
1038 2172 1081 2222 Ad
1091 2188 1184 2224 vocem
1196 2164 1275 2238 ἔκη’-

139 2257 193 2309 que
212 2240 348 2292 nobilium
364 2241 425 2292 iuro
441 2242 516 2292 nacti
537 2247 616 2292 sunt:
643 2249 684 2292 at·
735 2244 839 2301 λυδες
867 2242 1009 2307 (advenae,
1035 2242 1082 2307 qni
1103 2249 1276 2309 opponuntur

139 2328 194 2377 qne
216 2311 327 2362 videtur
348 2327 415 2362 sane
440 2313 495 2362 iam
518 2310 566 2361 illa
592 2318 684 2363 aetate
734 2314 795 2370 τοῖς
812 2304 987 2378 αὐτόχθοσι,
1012 2316 1043 2363 ut
1062 2313 1115 2374 lv,
1139 2315 1187 2366 197
1210 2314 1273 2369 coll.

137 2381 396 2433 Alcmaeonidarum
412 2381 518 2432 familis
537 2397 605 2446 prae
620 2397 683 2433 cae·
734 2383 816 2446 VIII,
832 2382 878 2447 73)
897 2382 969 2435 coni.
989 2381 1138 2435 Blomfield.
1157 2384 1184 2432 iu
1196 2383 1275 2434 Glos-

138 2453 208 2502 teris
227 2451 333 2502 Nelidis
358 2458 386 2503 et
408 2467 520 2502 numero
541 2457 569 2502 et
586 2453 683 2516 opibus
733 2468 788 2506 sar.
805 2453 840 2503 od
856 2451 986 2517 Aeschyli
1001 2452 1028 2503 S.
1041 2466 1065 2501 o.
1080 2452 1131 2502 Th.
1150 2451 1192 2503 34.
1219 2453 1275 2503 Gur

139 2521 275 2573 saluisse:
293 2521 448 2573 ef.Bessel.
459 2521 475 2571 1,
488 2536 548 2586 peg.
558 2521 584 2573 9.
605 2522 684 2572 Unde
734 2528 827 2574 sutem
839 2523 879 2573 sic
892 2525 1035 2583 vocentur,
1051 2525 1167 2587 apparet
1179 2537 1194 2572 e
1204 2523 1274 2572 Psu-

137 2608 249 2658 qnoque
262 2593 380 2652 iactum,
393 2598 424 2642 nt
435 2593 545 2652 Ionum,
562 2591 607 2657 qni
619 2597 683 2657 post
733 2595 830 2644 sanine
842 2592 903 2643 loeo
919 2606 1000 2657 snpra
1011 2590 1106 2642 allato.
1132 2592 1187 2641 Pro
1197 2588 1276 2658 βασι-

138 2663 260 2713 Codrum
267 2668 484 2713 mortuumnnne
495 2661 683 2713 lidbinhsiae
733 2660 797 2726 ληές
821 2661 932 2713 exhibui
952 2652 1090 2739 desilire,
1115 2665 1144 2711 et
1160 2675 1209 2726 pro
1224 2655 1275 2710 αό-

137 2734 287 2798 oppositae
298 2747 372 2783 oraru
383 2731 609 2796 commigrarunt,
627 2730 682 2783 dux
730 2730 803 2783 τέων
815 2733 876 2784 dedi
888 2726 991 2781 αότων.
1088 2788 1096 2810 ‚
1140 2789 1147 2808 ἱ
1186 2788 1199 2811 u

137 2804 352 2854 constitueretur
373 2802 490 2864 Neleus,
517 2800 611 2852 endem
633 2801 682 2852 illo
767 2794 814 2853 ἐπὶ
830 2794 932 2852 τούτου
951 2795 982 2851 δὲ
996 2794 1045 2849 καλ
1059 2813 1149 2849 rmore
1164 2812 1275 2863 ουνομα

137 2880 292 2939 prognatus
305 2874 400 2939 stirpe.
425 2873 539 2924 Praeter
551 2871 682 2922 Lareberi
731 2861 1272 2938 άιιεμνημόνευσεἹπποκράτηςιι.τ.λ.]

136 2951 233 2994 uotam
252 2943 287 2993 ad
303 2943 330 2994 h.
347 2943 365 2993 l,
381 2942 436 2994 vid.
454 2941 486 2993 C.
503 2942 536 2993 Ο.
551 2940 680 2993 Mueller:
730 2944 912 3008 Hippocrates
937 2947 1008 2993 teste
1024 2939 1165 2993 Herodoto
1188 2940 1217 3002 l,
1238 2941 1273 2991 oti

137 3013 301 3065 Orchomen.
319 3027 381 3078 pag.
394 3011 454 3065 nne.
486 3012 681 3063 Pisistratidae
730 3010 1273 3078 Pisistrati,Atbeniensiumtyranni,pa·

137 3099 199 3134 euur
212 3083 331 3155 caeteris
345 3079 450 3134 Nelidis
462 3097 517 3132 non
528 3096 582 3133 una
594 3082 623 3131 in
633 3082 682 3132 nt-
731 3088 773 3135 ter
786 3090 840 3143 est;
854 3085 902 3149 qui
912 3084 971 3148 ipse
981 3083 1010 3130 iu
1019 3095 1087 3132 suae
1096 3080 1208 3146 originis
1217 3095 1272 3131 me·

136 3154 221 3205 tieem
234 3152 391 3219 confugisse
401 3151 537 3211 videntur,
551 3151 598 3202 sed
607 3155 681 3217 post·
731 3154 847 3205 moriam
863 3153 920 3203 filio
932 3166 1030 3203 nomen
1045 3149 1119 3200 dedit
1130 3151 1271 3214 Pisistrati,
1351 3190 1358 3204 .

137 3240 172 3275 ee
198 3225 305 3275 demum
331 3222 452 3273 Athenae
478 3221 681 3287 commigrasse,
731 3222 843 3275 ductum
860 3223 894 3274 ab
912 3222 959 3273 illo
973 3220 1137 3282 Pisistrato,
1158 3220 1271 3284 qniNe·

136 3294 185 3344 ubi
196 3293 307 3346 eosdem
319 3291 435 3344 honores
455 3297 539 3357 atque
558 3292 619 3342 iure
633 3292 681 3342 ad·
731 3294 814 3345 storis
831 3292 901 3345 lilius
917 3292 984 3358 Pylo
1003 3290 1125 3341 Athenas
1144 3289 1273 3354 coniuge·

136 3368 197 3429 epti
218 3367 299 3423 snnt3
325 3363 422 3414 scribit
439 3364 511 3412 enirn
527 3362 681 3412 Pausanias
730 3368 783 3417 rat.
810 3364 935 3428 Namque
946 3360 1031 3413 verba
1040 3349 1087 3408 int
1096 3350 1199 3408 τοότου
1210 3375 1271 3410 mox

136 3435 182 3495 ll,
200 3433 233 3485 18
252 3433 311 3483 θοι
342 3425 372 3481 οἱ
395 3427 428 3481 di
445 3428 587 3496 Νηλεῖδαι
605 3423 681 3495 πλὴν
730 3418 1271 3500 explicanturquodammodoverbisdul

138 3495 345 3565 Πισιστράτου,
360 3499 465 3552 τοῦτον
479 3495 532 3566 γὰρ
547 3491 600 3550 edu
613 3493 680 3550 οἶδα
728 3505 783 3553 τοῦ
796 3499 941 3566 Νέστορος
953 3492 1155 3563 Πεισιστράτου
1175 3494 1272 3548 ποιεό-

137 3564 217 3636 τταρ’
249 3561 381 3629 οὕστινας
411 3562 614 3636 ἀπεχώρησεν,
652 3561 681 3628 ἐς
729 3569 885 3638 peregeris
905 3563 1083 3634 ἐπωνυμίην,
1104 3567 1201 3618 ubido
1220 3583 1272 3618 usn

132 3634 259 3707 Ἀθητας
272 3633 413 3706 ἀφίκοντο
428 3633 459 3691 oi
470 3636 568 3690 λοιποί
585 3636 633 3690 καί
646 3634 678 3689 τὸ
729 3643 941 3710 praepositionis
957 3634 1004 3690 ἐπὶ
1017 3640 1073 3690 vid.
1089 3642 1159 3688 nott.
1174 3637 1209 3688 ad
1222 3638 1271 3700 1v‚

137 3708 308 3763 Παιονιδῶν
327 3704 408 3776 ploos
434 3706 481 3761 καὶ
500 3704 679 3775 Ἀλαμαιωνι-
729 3717 764 3765 45
776 3719 803 3764 et
814 3714 850 3764 ol.
863 3714 898 3776 V,
909 3712 953 3764 68.
962 3710 1006 3772 69,
1020 3710 1053 3760 de
1069 3706 1271 3773 significatione

137 3780 197 3832 deis
230 3774 289 3832 άπὸ
319 3772 430 3831 τοότων
454 3771 677 3846 ὠνομάσθησαν.
729 3785 805 3834 vocis
820 3775 965 3847 ἐπωνυμίη
978 3785 1050 3831 nott.
1065 3778 1101 3829 ed
1113 3778 1137 3840 1,
1155 3778 1196 3831 14.
1220 3777 1269 3828 Cr.

136 3848 296 3910 Mt'lssvffllt
318 3845 351 3901 δὲ
376 3846 425 3901 καὶ
449 3845 504 3915 τὴν
533 3847 678 3918 βασιλείαν
713 3855 765 3905 'ad
780 3855 846 3905 haee
859 3851 992 3904 Herodoti
1005 3848 1088 3900 verba
1102 3847 1208 3899 confert
1217 3848 1272 3898 Eu·

139 3916 169 3973 3⁶
188 3937 237 3986 tv,
261 3912 437 3987 ἆφὲλόμένοε
457 3918 603 3986 Θυμοίτην
627 3913 679 3970 τόν
730 3924 815 3977 stath.
833 3923 867 3975 sd
878 3922 976 3988 Odyss.
991 3920 1049 3982 111,
1063 3919 1125 3968 415.
1142 3932 1203 3983 pag.
1220 3916 1270 3967 135

132 3939 286 4053 ’Okrinon'
321 3989 466 4057 Θυμοίτης
497 3983 549 4055 γάρ
579 3987 679 4054 Θησει-
729 3992 814 4045 Besil.
831 4021 864 4031 -
888 3993 922 4043 In
939 4006 1015 4055 seqq.
1031 3989 1129 4054 scripsi
1146 3978 1270 4052 άπηλλά-

136 4060 197 4113 δεῖν
239 4056 355 4126 ἔσχατος
386 4055 564 4127 ἐβασίλευσεν
598 4054 679 4126 Ἀθη·
730 4063 844 4128 χθησαν
860 4077 920 4114 eum
939 4058 1076 4111 Bredovio
1093 4072 1156 4124 pag.
1175 4057 1226 4108 294
1241 4059 1269 4106 et

136 4133 237 4183 ναίων.
273 4132 347 4183 Hine
365 4131 451 4195 satis,
471 4131 584 4197 opinor,
603 4137 679 4195 pete·
728 4133 885 4195 Dietsehio,
917 4146 978 4182 enm
1005 4133 1034 4180 in
1056 4128 1160 4178 eoristo
1188 4125 1270 4175 huius

135 4203 190 4267 bit,
205 4219 276 4270 quae
286 4202 473 4254 Pisistratidis
485 4217 546 4252 eum
559 4201 679 4266 antiquis
728 4204 805 4254 verbi
826 4206 925 4256 Noster
945 4201 1121 4265 augmentum
1140 4194 1270 4247 adhibere

135 4275 247 4326 Atticae
262 4278 354 4324 terrae
371 4272 480 4339 regibus
497 4277 526 4322 et
543 4275 678 4337 cumipse
729 4273 832 4337 soleat,
864 4270 937 4339 qnod
961 4271 990 4319 in
1015 4267 1174 4334 imperfecto
1200 4263 1269 4346 (rid.

135 4344 221 4396 Neleo
236 4346 408 4408 Nestoreque
428 4341 616 4392 intercesserit
634 4357 679 4392 eo·
726 4336 940 4393 ἀπαλλάσσοντο
958 4339 1038 4390 initio
1059 4336 1158 4402 ospitis
1175 4331 1269 4397 huius)

135 4415 244 4480 gnetiot
279 4413 386 4479 patebit
407 4428 471 4464 sero
494 4412 593 4472 etism,
616 4426 677 4462 oum
728 4412 887 4480 negligitiir3
905 4425 968 4462 mox
982 4425 1044 4460 eum
1060 4406 1154 4459 eodeni
1169 4401 1270 4455 Bredo·

136 4480 678 4553 ipsishlomseonidis,potentissimailla
728 4484 774 4536 vio
787 4501 814 4553 p.
830 4484 878 4537 137
894 4480 1023 4534 librorum
1039 4477 1204 4544 scriptorum
1222 4487 1269 4525 au·

1024 4559 1069 4631 8*
