3046 5134
518 403 791 472 POLYMNIA.
814 404 1026 475 01118-20.
1272 406 1335 471 477

203 616 240 656 τε
256 588 311 655 ἐπὶ
325 590 436 655 πᾶσαν
449 590 531 673 γῆν,
554 584 752 654 δουλεύσειν
774 588 811 654 τέ
829 589 863 654 oi
873 584 999 666 πάντας
1013 582 1226 672 ἀνθρώπους.
1262 578 1335 671 ἡδὲ

201 689 279 773 ὄψις
298 682 341 779 ἦν
358 687 429 778 ἥδε.
471 689 586 757 ἐδόκεε
605 685 624 757 ὁ
643 690 767 776 Ξέρξης
786 692 1043 779 ἐστεφανῶσθαι
1070 692 1182 776 ἐλαίης
1200 693 1334 780 θαλλῷ·

201 791 268 862 άπὸ
283 794 319 862 δὲ
342 799 399 881 τῆς
413 797 524 879 ἐλαίης
543 789 621 873 τούς
638 793 782 871 κλάδους
795 796 860 880 γῆν
880 798 991 861 πάσαν
1004 796 1166 880 ἐπισχεῖν·
1194 789 1276 879 μετὰ
1296 791 1334 860 δέ

201 895 435 984 ἀφανισθῆναι
456 897 534 983 περὶ
560 900 600 984 τῇ
621 900 753 984 κεφαλῇ
773 902 929 984 κείμενον
950 894 1008 965 τδυ
1029 899 1207 983 στέφανον.
1247 903 1332 980 Κρι-

202 1000 335 1069 νάντεον
350 1000 386 1068 δέ
404 998 509 1088 ταύτῃ
529 1002 598 1067 τσδν
612 999 745 1087 μάγων,
769 1003 928 1086 Περσέων
947 1005 1063 1068 τετῶν
1077 990 1334 1086 ιίίιλλεχθέντων

201 1100 322 1172 αὐτίκα
336 1107 399 1181 πᾶς
412 1100 498 1190 ἀνὴρ
512 1105 545 1191 ές
556 1098 618 1190 τὴν
631 1100 736 1191 ἀρχὴν
749 1102 811 1191 τήν
825 1105 953 1172 ἑωυτοῦ
968 1099 1136 1182 ἀπελάσας
1144 1154 1154 1187 ,
1167 1100 1235 1188 εἶχε
1249 1128 1331 1190 προ-

200 1213 332 1294 θυμίην
351 1211 461 1274 πάσαν
484 1208 538 1274 ἐπὶ
558 1222 642 1275 τοῖσι
658 1208 876 1294 εἰρημένοισι,
898 1209 1012 1275 θέλων
1026 1203 1125 1286 αὐτὸς
1142 1208 1279 1285 ἕκαστος
1292 1203 1332 1275 τά

202 1315 404 1398 προκείμενα
425 1313 516 1397 δῶρα
540 1315 672 1397 λαβεῖν·
703 1311 760 1377 καὶ
771 1311 894 1397 ,Ξέρξης
912 1314 973 1378 τοῦ
985 1314 1128 1396 στρατοῦ
1147 1304 1236 1378 οὕτω
1251 1308 1329 1378 ἐπά-

146 1435 324 1503 σνογερσιυ
339 1415 495 1497 ποιέεται,
508 1417 619 1501 χώραν
632 1411 740 1481 πάντα
753 1415 902 1499 ἐρευνῶν
915 1418 973 1502 τῆς
986 1408 1137 1500 ἠπείρου.
1173 1409 1253 1480 'Ami
1267 1410 1331 1503 γάρ
1339 1424 1378 1487 20

201 1516 377 1605 Αἰγύπτου
399 1512 540 1596 ἁλώσιος
560 1517 614 1585 ἐπὶ
635 1515 698 1605 μὲν
720 1517 858 1601 τέσσερα
885 1521 959 1585 ἔτεα
980 1515 1108 1604 πλήρεα
1128 1519 1331 1606 παραρτέετο

200 1764 370 1820 spectare,
394 1760 569 1819 pertinere
592 1757 629 1806 ud
650 1772 743 1809 omnem

200 1836 303 1877 terrum.
336 1826 416 1879 Cous.
433 1825 518 1889 VIII,
541 1826 599 1877 137.
632 1826 700 1876 lude
713 1826 742 1875 in

200 1910 276 1976 seqq.
301 1895 405 1947 verbis:
435 1887 494 1943 άπὸ
517 1888 548 1944 δέ
572 1892 623 1958 τῆς
647 1886 742 1958 ἐλαίης
827 1884 873 1943 ἐπὶ
884 1886 937 1959 pin
952 1889 1066 1958 τέσσερα
1081 1887 1143 1944 ἔτεα
1157 1886 1264 1958 πλήρεα
1277 1910 1331 1943 πα-

197 1979 265 2021 τους
282 1960 405 2022 κλάδους
424 1963 478 2029 γῆν
502 1965 598 2013 πᾶσαν
614 1955 740 2028 ἐπισχεῖν
791 1959 920 2028 ραρτέετο
937 1958 1114 2027 στρατιήντε
1131 1958 1179 2012 καὶ
1196 1959 1231 2013 τά
1246 1960 1332 2027 πρόσ·

198 2034 229 2099 (i.
249 2050 272 2088 e.
296 2037 354 2085 inde
375 2034 407 2084 αδ
428 2036 493 2085 oliva
514 2030 635 2084 exeuntes
656 2050 741 2084 ramos
790 2048 867 2098 φορα
884 2031 919 2099 τῇ
935 2031 1061 2098 στρατιῇ]
1080 2034 1099 2086 i.
1113 2050 1137 2084 e.
1152 2042 1270 2098 ριισιλυυν
1282 2050 1331 2097 per

195 2120 288 2154 omnem
308 2113 404 2155 terram
417 2103 554 2169 occupare)
571 2105 739 2169 praepositio
788 2107 989 2169 συνεπίσταμαι
1002 2103 1331 2166 Χσταεεμσναίιαιευετιί·

195 2163 254 2221 άτδ
280 2172 351 2224 haud
375 2179 472 2235 vacat,
498 2190 585 2238 neque
604 2166 662 2224 άτιδ
687 2174 738 2238 τῆς
788 2181 836 2224 tum
848 2181 873 2223 et
882 2189 948 2239 quae
958 2175 1083 2223 exercitui
1092 2178 1238 2224 necessaria
1247 2184 1330 2238 erunt,

196 2233 292 2306 ἐλαίης
304 2236 372 2301 roric
387 2235 512 2301 κλάδους
524 2244 596 2294 idem
608 2243 739 2294 denotare
787 2258 812 2295 s.
821 2247 852 2294 ut
861 2243 1133 2307 Schweighaeuserus
1142 2242 1244 2293 reddit:
1257 2252 1330 2308 ηιαιλ·

195 2318 280 2379 atqus
292 2306 360 2370 τοδς
379 2314 430 2378 τῆς
442 2305 536 2376 ἐλαίης
552 2305 690 2376 κλάδους,
708 2317 740 2364 ut
789 2322 847 2364 tuor
858 2314 934 2363 solidi
951 2314 1012 2363 unni
1027 2315 1053 2362 in
1069 2316 1239 2375 comparando
1252 2329 1329 2362 exer·-

196 2382 267 2432 dixit
280 2382 520 2447 Schweighaeuser
536 2382 564 2432 in
575 2383 669 2433 Lexic.
685 2383 739 2433 He·
787 2385 837 2432 αιία
849 2391 875 2432 et
891 2382 967 2431 rebar
983 2385 1110 2433 exercitui
1126 2385 1278 2433 necessaria
1293 2385 1329 2431 iu-

197 2452 286 2503 rodct.
299 2453 321 2503 1.
335 2467 397 2518 pag.
413 2454 461 2513 77,
482 2453 586 2503 monitu
600 2453 647 2503 vix
660 2468 736 2518 opus.
787 2455 950 2514 ενιορίίειαιλ.
963 2452 1096 2503 Herodoti
1105 2450 1225 2503 calculos
1234 2453 1258 2504 si
1267 2453 1330 2502 sub·

989 1789 1054 1841 Car.
1074 1790 1134 1845 XX.

194 2521 312 2574 Verbum
320 2510 552 2585 ἐπισηεῖνΝοειετ
561 2522 654 2573 eodem
684 2538 739 2572 ror·

195 2591 331 2642 anamodo
344 2590 456 2641 adhibet
467 2593 490 2649 1,
503 2592 565 2642 108:
584 2586 637 2654 τὴν
646 2537 739 2654 dicip-

195 2660 282 2709 πελου
294 2652 456 2724 ἐπισχεῖν
469 2655 521 2724 τὴν
532 2655 625 2723 Ἀσίην
634 2660 739 2711 πᾶσαν.

194 2732 232 2781 Et
246 2731 317 2780 conf.
331 2745 439 2795 quoque
450 2730 513 2791 VII,
529 2731 577 2780 127
593 2731 685 2795 ibique
697 2730 736 2779 al·

194 2799 264 2850 lata.
298 2800 340 2851 Au
358 2799 435 2851 verbi
453 2796 551 2848 δοκεῖν
570 2816 647 2851 usum
663 2799 734 2851 conl.

193 2870 267 2930 VII,
283 2869 314 2919 12
328 2873 357 2919 ct
373 2870 409 2920 ad
424 2870 509 2920 verba
529 2860 684 2933 ὡρμημένῳ
703 2863 735 2918 δὲ

194 2965 228 2974 -
246 2935 459 3003 στρατηλατέειν
484 2944 552 2989 nott.
570 2940 606 2989 ad
623 2939 690 3001 Vll,
708 2941 734 2988 4.

193 3035 226 3044 -
241 3009 464 3073 Insequentibus
479 3001 622 3065 ἀπελάσας
638 3015 681 3059 est
695 3025 737 3058 re·

191 3094 281 3129 uersae
298 3079 342 3129 vel
365 3079 474 3146 proprie
496 3079 735 3143 circamanentium,

191 3154 223 3198 ut
237 3148 315 3209 VllI‚
330 3148 373 3199 00.

227 3208 285 3280 εἶχε
301 3213 471 3281 προθυμίην
486 3212 580 3265 πάσαν
595 3206 643 3266 int
659 3216 734 3266 τοῖσι

190 3280 375 3353 είρημένοισι]
387 3286 672 3352 Schweighaeuserus:
682 3296 734 3337 atu-

191 3358 258 3407 dium
277 3372 358 3419 ονιπε,
383 3367 412 3406 αι
433 3358 503 3405 iaaac
524 3366 733 3423 exsequerentur,

191 3426 365 3477 adhibuerunt.
397 3427 518 3490 Longius
531 3427 676 3477 vernacule
692 3428 733 3478 sic

191 3497 341 3561 expressit:
367 3495 530 3545 andrachlen
546 3499 590 3545 mit
601 3499 672 3546 ollem
689 3497 731 3546 Ei·

188 3568 234 3627 ser
263 3569 316 3614 dem
343 3565 436 3628 Beselli
464 3564 675 3617 παυλτυίιοουιιαι.
697 3592 732 3602 -

787 2522 952 2583 duxerimus,
960 2521 1248 2586 apparebit.uudecimo
1255 2538 1328 2573 anuo

788 2596 851 2654 post
863 2591 1065 2641 Marathoniam
1077 2606 1196 2656 pugnarn
1211 2593 1328 2643 Xerxem

787 2659 988 2724 expeditionem
1010 2661 1038 2709 iu
1052 2662 1172 2712 Graecos
1192 2662 1328 2725 suscepis-

787 2745 829 2786 se;
849 2729 922 2794 quod
940 2729 1033 2780 decim
1052 2729 1204 2793 postillam
1222 2728 1327 2781 cladem

787 2813 858 2849 suno
868 2798 1003 2850 accidisse
1014 2799 1110 2850 scribit
1119 2798 1294 2863 Thucydiden
1304 2801 1326 2859 1,

788 2869 820 2919 18
831 2867 893 2918 coll.
905 2868 977 2919 Plat.
992 2869 1034 2920 Dc
1047 2868 1119 2933 legg.
1133 2868 1184 2918 111.
1199 2885 1225 2933 p.
1235 2870 1286 2919 008
1294 2870 1325 2923 O.

786 2938 898 2989 hriatid.
907 2938 997 2990 Schol.
1006 2955 1031 3003 p.
1041 2939 1088 2988 221
1100 2938 1244 2988 Frommcl.
1254 2938 1326 2987 Thu-

785 3007 909 3071 cydidem
926 3009 1029 3059 reiectis
1040 3007 1173 3058 Herodoti
1189 3007 1327 3058 sententia

786 3085 937 3143 sequuntur
945 3078 1077 3143 Scaliger,
1086 3076 1144 3139 alii,
1151 3084 1248 3127 contra
1257 3092 1326 3141 quos

785 3147 935 3212 Alphenin
948 3148 1109 3199 Commentt.
1122 3147 1279 3211 chronolog.
1290 3147 1325 3197 ad

785 3216 895 3268 Daniel.
907 3233 969 3282 cap.
982 3219 1008 3268 9.
1021 3218 1051 3266 P.
1062 3217 1115 3266 111.
1131 3233 1191 3283 cap.
1202 3218 1218 3269 3
1232 3222 1324 3282 (quern

784 3287 887 3337 Duker.
910 3287 1004 3337 laudat
1025 3286 1061 3335 ad
1082 3287 1233 3350 Thucydid.
1254 3288 1272 3336 l.
1292 3285 1323 3351 Ι.)

784 3344 852 3408 hene
868 3358 988 3420 monuit,
1003 3355 1172 3420 Thucydidis
1184 3358 1268 3407 rerba
1284 3356 1325 3406 ita

784 3427 885 3491 exponi
905 3442 1001 3490 posse,
1026 3431 1057 3476 ut
1075 3427 1258 3477 Herodoteam
1280 3442 1324 3477 ra-

783 3498 883 3546 tionem
896 3496 1007 3546 minime
1017 3496 1183 3561 impugnent.
1208 3497 1324 3559 Addam,

782 3581 850 3631 quae
865 3567 899 3615 ad
919 3565 1054 3616 moliorem
1073 3573 1223 3631 temporum
1244 3574 1324 3615 nota-

191 3635 224 3684 ln
246 3649 322 3700 seqq.
345 3635 380 3684 ad
401 3634 482 3685 verba
507 3626 594 3691 αδτός
617 3629 733 3691 ἕκαστος
781 3638 882 3686 tionem
894 3634 921 3686 h.
933 3628 1337 3699 l.adscripsitWesselingiua:‘

156 3719 161 3727 ·
192 3705 228 3755 ci.
252 3703 379 3754 Kuehnor
397 3704 443 3753 Gr.
463 3704 508 3752 Gr.
528 3706 553 3765 §t
571 3703 623 3755 030
644 3708 672 3754 et
697 3703 732 3752 ad

191 3788 287 3823 vocem
309 3764 457 3836 ἐπάγερσιν
478 3777 551 3825 nott.
571 3773 606 3823 ad
620 3773 689 3836 vn,
706 3774 730 3823 5.

191 3843 276 3892 Recte
301 3847 393 3893 cirtem
415 3842 450 3892 ad
472 3842 553 3892 huius
577 3843 631 3895 loci
651 3857 733 3907 argu·

191 3920 311 3961 mentum
326 3913 455 3962 observat
465 3913 578 3963 Bennel.
593 3929 657 3980 pag.
670 3913 732 3974 500,

189 3997 240 4046 pro
257 3981 437 4032 Orientalium
456 3998 530 4034 more
545 3985 631 4034 sacris
648 3987 732 4036 etlam

191 4052 299 4102 Veteris
321 4053 493 4102 Testamenti
516 4052 594 4103 libris
617 4055 733 4118 probato

190 4121 314 4186 publicas
338 4123 447 4172 muirni
470 4124 599 4174 momenti
620 4139 663 4172 rsa
689 4139 733 4173 so·

191 4191 272 4240 mulis
292 4192 401 4242 decerni
420 4207 566 4258 eorumque
581 4194 735 4258 interpreti-

190 4261 253 4311 bus.
283 4261 360 4311 Oouf.
381 4277 463 4327 supra
477 4264 505 4324 1,
527 4261 733 4315 107.108.110.

191 4329 255 4380 200.
275 4330 334 4391 111,
354 4331 397 4382 30.
417 4333 486 4395 VII,
506 4332 661 4387 12.14.10,
698 4334 735 4382 Et

191 4400 255 4463 quis
269 4401 296 4448 in
310 4400 412 4452 talibus
427 4401 508 4466 plura
524 4404 645 4467 requirat
659 4405 735 4454 testi·

192 4471 307 4520 monis?

783 3707 978 3771 „Apparatum
1001 3705 1081 3754 Darii
1107 3704 1143 3754 ad
1168 3720 1268 3755 uorum
1294 3704 1322 3754 in

783 3774 903 3825 Graecos
916 3774 1017 3825 bellum
1028 3773 1190 3826 triennalem
1202 3775 1325 3839 signavit

783 3860 808 3895 c.
823 3843 861 3902 l.;
880 3844 1031 3911 adiungens
1045 3850 1143 3910 quarto
1158 3850 1220 3910 post
1233 3845 1324 3894 Marn-

783 3914 906 3964 thoniam
928 3929 1044 3980 pugnam
1070 3913 1133 3979 [400
1151 3930 1175 3965 ιι.
1198 3914 1260 3964 Chr.
1280 3912 1319 3980 τι]

783 4000 855 4035 anuo
872 3982 936 4050 [400
950 4000 976 4034 a.
986 3984 1050 4034 Chr.
1062 3983 1101 4049 n]
1114 3985 1265 4049 Aegyptios
1278 3983 1324 4035 de·

782 4055 915 4116 acivisa03
935 4058 991 4104 tum
1005 4055 1127 4118 proximo
1139 4053 1202 4119 [485
1215 4069 1240 4104 a.
1258 4052 1321 4103 Chr.

784 4122 825 4189 n.]
850 4125 886 4174 ab
911 4139 1004 4174 eorum
1032 4123 1184 4173 defectione
1207 4123 1322 4172 Darium

783 4194 854 4245 diem
874 4193 966 4244 obisse
978 4207 1132 4259 supremum
1146 4207 1209 4257 cap.
1214 4194 1253 4261 ,4,
1276 4193 1324 4256 qui

785 4266 896 4330 quintus
915 4265 1010 4328 utique
1027 4278 1044 4311 a
1063 4260 1166 4326 proelio
1184 4262 1324 4312 Maratho-

783 4337 839 4384 ni0.
861 4335 1017 4400 Sequuntur
1027 4331 1100 4397 pleni
1110 4336 1239 4396 quattuor
1248 4334 1324 4395 anni,

785 4419 801 4451 u
808 4405 895 4454 Xerxe
906 4405 933 4453 in
944 4401 1135 4467 comparandis
1146 4402 1180 4453 ad
1190 4402 1324 4452 Graccum

785 4473 884 4524 bellum
897 4476 978 4525 robus
991 4474 1143 4539 absumpti:
1161 4466 1276 4541 πέμπτῳ
1292 4464 1324 4523 δέ
