2916 5130
640 402 909 465 EXOURSUS
940 405 974 463 II

529 824 1092 923 aucunsusn

560 994 623 1058 un
641 994 926 1062 aauonouun
944 996 983 1079 u,
1001 1003 1051 1063 ov.

395 1170 409 1239 t
421 1173 468 1227 Εα
495 1174 675 1230 Creuzcri
704 1173 890 1230 commentatt.
917 1175 1063 1237 Herodott.
1088 1195 1119 1248 p.
1152 1172 1226 1250 tt.)

798 1360 902 1367 ffi-——·-·-

289 1468 329 1534 nt
344 1498 373 1535 τε
391 1471 425 1551 δὴ
445 1466 519 1534 cillo
534 1475 565 1534 οἱ
579 1468 742 1535 Σικυώνιοι
758 1472 865 1552 ἐτίμων
880 1466 932 1535 τὸν
945 1467 1105 1553 ’Ἄδρηστον
1127 1475 1179 1537 καὶ
1198 1470 1233 1554 dul
1248 1467 1312 1551 πρὸς
1323 1467 1348 1535 ια’

368 1554 471 1622 πάθεα
488 1556 581 1619 αὐτοῦ
596 1565 762 1640 τραγικοῖσι
777 1565 888 1639 χοροῖσι
903 1559 1064 1640 ἐγέραιρον,
1079 1554 1132 1623 adv
1147 1562 1203 1642 μὲν
1224 1561 1349 1622 Διόνυσον

369 1647 404 1707 οὐ
418 1643 580 1723 viniones,
595 1639 646 1708 τὸν
662 1644 693 1707 δὲ
705 1639 876 1726 Ἄδρηστον.
903 1646 1085 1726 Κλεισθένης
1101 1647 1134 1710 δὲ
1150 1641 1348 1729 χορούςρὲνιρ

372 1724 508 1815 Διονύσῳ
535 1722 684 1807 ἀπέδωκε,
708 1721 763 1807 τὴν
790 1728 821 1792 δὲ
844 1724 937 1808 tttnv
962 1734 1076 1810 θυσίην
1099 1736 1147 1820 ,τῷ
1173 1734 1347 1814 Μελανίππῳ.

371 1818 471 1877 Ταῦτα
485 1813 540 1893 μὲν
557 1814 586 1888 ἐς
596 1809 739 1893 ’Ἁδρηστό
743 1839 758 1873 ν
771 1816 804 1875 ol
814 1818 965 1894 πεποίητο.

327 1992 422 2059 „ilaec
439 1992 534 2059 partim
552 1992 644 2057 vertit,
661 1990 757 2060 purtim
772 1985 931 2059 περιφράζει
952 1991 992 2042 ita
1007 1992 1152 2047 Bentleius
1170 2000 1240 2066 [mox
1258 1991 1347 2045 laudan·

243 2076 321 2144 dus]:
337 2117 353 2143 ‚,
364 2076 504 2143 „Sicyonii
518 2076 643 2127 omnibus
655 2076 740 2128 modis
756 2078 908 2129 memoriam
920 2076 1067 2129 coluerunt
1078 2079 1191 2131 Adrasti
1204 2088 1231 2133 et
1242 2075 1346 2147 imprimis

243 2180 287 2215 res
304 2161 376 2212 vitae
392 2161 451 2212 cius
468 2161 580 2229 tragicis
597 2162 686 2213 eboris
703 2162 892 2229 celebrarunt3
915 2179 974 2214 cum
991 2163 1130 2215 materiam
1153 2164 1209 2216 illis
1224 2164 1346 2217 subiectam

241 2267 295 2300 non
313 2248 459 2309 Bocchum,
475 2250 519 2297 scd
530 2249 674 2299 Adrastum
690 2247 822 2299 facerent.
851 2247 905 2299 Sed
919 2246 1075 2299 Clisthenes
1092 2250 1206 2302 chorum
1220 2246 1345 2316 assignavit

244 2332 347 2383 Bncobo
369 2338 396 2381 et
421 2329 554 2400 reliquum
575 2331 735 2383 festivitatis
752 2331 967 2401 Melanippo.““
984 2362 1027 2375 —
1043 2333 1115 2397 „Est
1139 2335 1217 2387 locus
1238 2331 1345 2384 classicus

241 2418 275 2468 ‹le
291 2417 396 2481 origine
413 2417 580 2483 tragoediae.
624 2417 665 2469 De
681 2432 734 2487 quo
750 2417 787 2468 ita
801 2416 945 2470 Bentleius
959 2416 986 2469 in
1004 2418 1174 2473 nobilissima
1188 2417 1343 2488 disputatione

242 2502 377 2553 adversos
402 2501 530 2568 Royleuub
553 2519 615 2570 pag.
631 2505 681 2556 ’293
698 2501 833 2572 (Opuscc.
857 2501 959 2571 philoll.
977 2521 1004 2571 p.
1022 2506 1073 2557 310
1088 2521 1150 2574 seq.
1174 2506 1216 2558 ed.
1240 2497 1343 2571 Lips.']:

242 2627 259 2653 ‚‚
269 2586 396 2653 „Revera
412 2585 477 2637 nihil
494 2586 566 2638 nliuud
584 2605 616 2638 ex
632 2587 675 2638 his
691 2586 758 2638 locis
777 2587 837 2639 elici
853 2595 963 2657 potest,
981 2588 1033 2639 nisi
1050 2588 1123 2657 quod
1142 2598 1206 2642 ante
1224 2583 1342 2654 Thespidu't

241 2681 348 2740 tempus
365 2671 449 2740 prima
464 2672 640 2724 turudumenta
654 2680 682 2724 et
696 2672 778 2740 quasi
791 2672 895 2723 semina
908 2673 1067 2739 tragoediae
1082 2674 1155 2726 iacta
1171 2676 1240 2739 sint3
1256 2672 1341 2723 luerunt

242 2757 316 2807 chori
332 2763 359 2807 et
375 2774 407 2807 ex
424 2774 455 2807 eo
470 2765 591 2826 tempore
608 2764 705 2809 cantus
723 2749 981 2825 αὖτοοχεδιαστικά,
1000 2759 1048 2809 sed
1075 2758 1141 2810 nihil
1168 2760 1289 2826 scriptum
1308 2767 1341 2803 net

242 2841 358 2906 editum,
384 2851 414 2892 ut
435 2842 530 2910 poema
556 2842 784 2894 dramaticum.““
828 2842 892 2904 Qua
911 2843 945 2894 de
967 2860 997 2894 re
1018 2843 1083 2894 nihil
1105 2845 1175 2897 certi
1194 2838 1339 2913 pronomine

242 2926 325 2978 nudet
346 2926 515 2994 wesseling.
538 2927 570 2978 ad
592 2928 617 2979 lu.
640 2926 657 2978 l.
680 2927 837 2979 Larcberus
860 2945 922 2996 pag.
938 2930 990 2981 303
1009 2945 1068 2996 seq.
1086 2929 1118 2979 ad
1142 2934 1262 2981 nostrum
1280 2924 1335 2975 locas

241 3011 321 3077 plane
338 3030 368 3062 se
383 3011 416 3061 ad
431 3011 547 3063 Bentleii
561 3012 750 3064 auctoritatem
766 3010 898 3081 applicat:
915 3014 937 3063 A
952 3012 1056 3079 l'ignrd
1069 3013 1104 3064 du
1120 3030 1238 3082 passage
1253 3009 1332 3062 d’uo

241 3096 321 3161 dote,
349 3113 449 3147 comme
475 3104 518 3147 cet
544 3096 676 3147 historien
704 3098 790 3149 vivoit
815 3097 883 3148 dans
905 3113 941 3148 un
960 3105 1046 3165 temps
1062 3115 1096 3150 ou
1116 3098 1143 3150 la
1159 3096 1277 3165 tragedia
1290 3088 1335 3144 auoit

241 3180 340 3230 utteint
352 3198 401 3230 son
415 3180 493 3248 point
504 3180 536 3233 de
551 3182 714 3250 perfectiom
726 3181 745 3232 il
761 3182 851 3234 donne
867 3199 983 3251 parone
998 3183 1125 3252 prolepse
1139 3200 1194 3236 anx
1209 3182 1337 3234 choenrsu

241 3264 385 3316 l'honnanr
397 3264 543 3316 d'Adraste
563 3264 588 3317 le
605 3283 666 3316 noun
682 3266 716 3317 de
730 3268 847 3319 cboeurs
859 3267 1011 3336 tragiques‚
1028 3267 1177 3337 quoiqu'ils
1189 3286 1223 3319 ne
1234 3264 1340 3317 l'eussent

240 3348 317 3418 point
333 3348 437 3400 alors.“
470 3349 552 3419 [tad.
571 3351 606 3401 G.
623 3350 788 3405 Schneider:
821 3353 861 3405 De
883 3353 972 3420 origg.
995 3353 1119 3420 tragoed.
1142 3354 1231 3422 capii
1250 3365 1303 3418 pug-
1318 3342 1340 3394 ll

240 3452 298 3502 seq.
316 3434 375 3500 Bc]
419 3433 451 3485 In
468 3432 519 3486 alia
536 3435 664 3487 abierunt
684 3453 772 3506 nuper
786 3437 927 3489 Heinrich.
944 3438 970 3488 in
988 3437 1149 3507 Epimenide
1166 3433 1281 3507 Append.
1294 3443 1340 3498 pag·

243 3524 290 3571 tus
316 3525 343 3571 et
370 3519 510 3585 Boettiger
537 3520 563 3571 in
591 3520 711 3589 protus,
743 3539 814 3591 quiue
837 3522 1012 3574 inscribitur:
1044 3524 1184 3586 Quattuor
1203 3524 1294 3573 aetates
1311 3508 1340 3563 rel

239 3605 364 3656 scenicae
381 3622 406 3672 p.
423 3608 449 3657 o.
470 3605 580 3667 Quibus
597 3606 665 3656 adde
679 3607 828 3658 Hermanni
842 3607 981 3677 disputata
996 3606 1029 3657 ad
1045 3607 1186 3662 Aristotel.
1200 3603 1289 3675 postia
1302 3594 1339 3655 lib

239 3692 255 3741 5
275 3707 338 3757 pag.
362 3692 425 3753 10⁴,
447 3690 493 3758 qui
516 3692 669 3760 Epigenem
690 3691 846 3758 Sicyonium
864 3692 996 3759 tragicum
1019 3709 1035 3743 a
1057 3692 1176 3744 Bentleii
1200 3684 1339 3742 dubitatione

240 3774 391 3825 vindicavit
416 3775 475 3844 (cf.
502 3776 589 3828 Bentl.
615 3775 735 3844 Opuscc.
762 3796 789 3845 p.
805 3780 856 3829 279
878 3796 936 3846 seq.
952 3777 994 3828 ed.
1016 3777 1108 3846 Lipa.)
1145 3778 1205 3845 Ego
1227 3791 1255 3825 eu
1274 3762 1338 3819 Soita

239 3858 314 3927 (Vol.
332 3859 368 3909 11.
386 3877 412 3927 p.
430 3863 478 3914 731
497 3860 625 3917 Κυρίου.)
642 3870 669 3912 et
685 3860 781 3913 Photio
798 3862 912 3930 (Lexico
929 3863 978 3914 Gr.
997 3879 1059 3931 pag.
1077 3865 1129 3915 tou
1150 3858 1221 3934 aeq.)
1242 3856 1272 3908 ab
1285 3851 1337 3903 Her·

239 3960 336 3994 manno
352 3943 477 4009 laudatis,
501 3946 605 4013 aliquot
621 3948 704 3997 verba
718 3964 860 4016 apponam,
876 3964 947 4016 qnae
967 3964 1026 3998 cum
1043 3947 1183 3999 Herodoto
1201 3932 1336 3998 conterenda

239 4047 301 4079 esse
326 4028 470 4080 videntur:
502 4024 594 4083 Ouidio
620 4026 922 4096 sciscitationem.
954 4024 1118 4100 Ἐπιγένους
1137 4035 1186 4086 τοῦ
1206 4019 1336 4084 Σικνυοῖῦυ

237 4114 392 4185 τραγῳδίαν
413 4111 451 4175 εἰς
472 4109 521 4167 τὸν
537 4111 678 4169 Διόνυσον
691 4111 868 4188 ποιήσαντες,
893 4111 1077 4186 ἔπεφνὶνηοάν
1091 4118 1263 4179 reverentino·
1280 4099 1334 4159 <litt

238 4190 255 4266 ἡ
272 4201 414 4266 παροιμία.
460 4198 569 4253 Βέλτιον
584 4197 613 4255 di
630 4194 719 4256 οὕτω·
743 4197 774 4257 τὸ
792 4198 917 4271 πρόσθεν
933 4199 971 4264 εἰς
984 4197 1034 4256 τὸν
1048 4197 1187 4257 Διόνυσον
1201 4192 1333 4271 rodomi·

306 4412 332 4474 *)
350 4414 421 4477 [vid.
439 4416 577 4481 Bentley's
595 4420 728 4475 Abhnndl.
743 4420 809 4472 iiber
830 4421 955 4471 Phalaris
968 4426 1021 4473 ato.
1038 4438 1091 4475 von
1108 4424 1151 4477 W.
1167 4412 1274 4473 Ribbeck
1284 4417 1331 4471 Ρῑῦ·

236 4481 283 4531 311
299 4498 374 4548 seqq.
390 4484 440 4534 318
454 4485 540 4550 seqq.]
