3008 5128
417 409 785 472 TERPSIOHORE.
812 412 849 470 V.
872 420 916 476 88.
939 420 981 475 89.
1206 412 1265 475 167

141 588 185 677 τῷ
196 584 243 654 ivi
255 585 310 653 rel
325 586 525 677 τριηκοστῷ,
547 588 665 677 Αἰακῷ
684 587 818 674 τέμενος
838 581 1081 671 ἀποδέξαντας,
1102 584 1266 675 ἄρχεσθαι

139 690 194 758 τοῦ
205 684 286 776 πρὸς
299 687 482 778 Αἰγινήτας
500 691 662 776 πολέμου·
688 697 748 759 καί
764 712 825 777 σφι
844 686 1009 778 χωρήσειν
1022 688 1062 758 τὰ
1075 689 1264 778 βούλονται.

137 788 223 880 civil
236 787 356 863 αὐτίκα
372 791 691 881 ἐπιστρατεύωνται,
710 790 816 861 πολλὰ
829 796 892 881 μέν
906 812 1011 881 σφεας
1032 796 1070 862 έν
1082 798 1130 886 τῷ
1142 792 1265 884 μεταξὺ

136 899 192 964 τοῦ
208 893 333 985 χρόνον
353 903 549 982 πείσεσθαι,
576 894 682 966 πολλὰ
706 895 742 965 δὲ
765 897 821 965 καὶ
840 895 1007 986 ποιήσειν·
1036 900 1127 978 τέλος
1151 900 1264 987 μέντοι

135 1002 428 1089 καταστρέψεσθαι.
471 1004 584 1070 Ταῦτα
611 996 655 1080 ὦς
676 996 918 1088 ἀπενειχθέντα
937 998 1087 1090 ἥκουσαν
1107 1007 1142 1071 ol
1165 998 1263 1091 Ἀθη-

135 1118 232 1189 ναῖοι,
253 1106 302 1195 τῷ
314 1103 378 1192 μὲν
392 1108 509 1196 Αἰακῷ
526 1106 662 1192 τέμενος
682 1100 848 1195 ἇπέδεξαγ
860 1109 976 1190 τοῦτο,
997 1102 1035 1173 τὸ
1052 1108 1118 1174 νῦν
1139 1107 1193 1175 ἐπὶ
1206 1110 1264 1194 τῆς

133 1201 248 1294 α’γορῆς
271 1211 424 1295 ἵδρυται·
452 1205 628 1297 τριήκοντα
650 1206 688 1277 ii
707 1213 781 1277 ἔτεα
801 1203 863 1277 οὐκ
876 1205 1073 1296 ἀνέσχοντο,
1097 1206 1261 1279 ἀκούσαν-

132 1335 194 1394 τες,
216 1307 304 1390 ὅκως
325 1308 435 1400 χρεων
454 1321 505 1399 εἴη
524 1312 689 1399 ἐπισχεῖν,
714 1310 927 1391 πεπονθότας
949 1309 1032 1399 πρὸς
1053 1316 1263 1402 Αἰγινητέων

131 1477 232 1526 aerium
248 1475 322 1527 male
339 1469 446 1526 οἰκίον.
483 1478 525 1531 Το
541 1472 616 1528 'coni
636 1476 670 1528 de
721 1477 758 1527 sit
770 1476 993 1542 Atheniensibus,
1006 1478 1105 1544 quibus
1120 1478 1169 1528 tali
1182 1479 1262 1530 mode

131 1544 329 1596 bacnominum
348 1548 377 1597 in
398 1548 444 1594 207
458 1548 613 1598 exeuntium
624 1563 669 1611 ge·
719 1547 1110 1613 respondendnmcensueriut.
1144 1549 1262 1600 Moxre·

131 1630 188 1667 aere
206 1615 320 1666 Isason.
350 1618 380 1665 iu
397 1614 512 1667 Seebod.
539 1621 568 1668 et
588 1616 668 1667 lehn.
720 1616 792 1667 tinui
812 1632 873 1668 cum
898 1622 1012 1669 recenti.
1038 1617 1100 1668 edd.
1123 1609 1261 1682 ἤκουσαν,

129 1685 229 1736 ΑοοοΙΙ.
247 1686 325 1738 1832.
345 1684 438 1751 Suppl.
455 1687 482 1751 1,
494 1688 520 1737 4.
540 1701 603 1752 pag.
616 1685 666 1737 571
718 1676 1261 1752 cuiusloceScbaeierusc'iaevsev,quod

129 1755 218 1806 ataid.
237 1756 483 1820 grammaticorum
501 1754 667 1806 Graecorum
717 1756 783 1807 ferri
795 1770 849 1807 uon
865 1773 945 1822 posse
960 1756 1060 1809 docent
1071 1756 1156 1808 allatu
1169 1772 1186 1806 a
1196 1758 1262 1809 Bre-

129 1814 247 1888 ἆδίιημα
253 1824 536 1890 explicantiamlocos
550 1826 576 1874 in
584 1824 666 1876 Thes.
717 1826 780 1877 (lov.
790 1842 854 1891 pag.
867 1826 927 1877 297.

129 1894 202 1958 Liag.
214 1895 316 1946 Graec.
335 1895 358 1943 1.
380 1909 443 1959 pag.
464 1894 516 1946 679
539 1895 583 1944 ed.
599 1895 666 1944 Din—
751 1886 784 1944 τὰ
800 1892 854 1961 νῦν
871 1886 917 1945 ἐπὶ
935 1892 986 1961 τῆς
1003 1884 1107 1960 ἀγορῆς
1126 1892 1259 1960 ἵδρυται]

129 1962 192 2014 dari.
220 1964 252 2014 Iu
265 1964 362 2015 verbis
380 1964 609 2028 subsequentibus
627 1961 667 2029 τῷ
718 1966 819 2028 Quaeri
842 1966 940 2030 possit,
965 1970 1054 2015 utrum
1073 1966 1107 2015 de
1123 1967 1262 2031 antiquiori

128 2022 166 2081 ivi
182 2028 229 2083 καὶ
252 2030 415 2100 τριηκοστῷ
434 2034 608 2099 Heogeveen.
629 2033 665 2082 sd
716 2034 922 2087 Atheniensium
934 2036 1001 2097 iero,
1012 2035 1193 2101 qaodPnycis
1204 2035 1260 2086 eol·

127 2103 210 2167 Viger.
218 2119 244 2167 p.
254 2102 291 2154 70
303 2106 386 2153 iiotst
398 2104 501 2153 numeri
511 2103 622 2154 minoris
633 2118 666 2153 ex
716 2104 737 2154 li
749 2106 901 2169 proximum
918 2105 1004 2156 inisse
1020 2106 1106 2156 fertur
1124 2104 1174 2171 (cl.
1187 2107 1258 2157 Κιο-

128 2172 236 2224 οτδίοεΙί
257 2174 287 2222 in
307 2172 488 2238 principalem
509 2173 666 2224 conversio·
716 2190 763 2225 se:
779 2174 875 2225 Hellas
889 2176 926 2237 ll,
942 2176 965 2227 l.
980 2190 1042 2241 pag.
1063 2174 1138 2240 103),
1151 2174 1196 2226 bic
1214 2191 1259 2226 co·

127 2258 195 2294 uern:
212 2231 465 2308 cumsaneproc‘vl
476 2248 666 2308 exspectasses
715 2243 857 2309 gitandum
877 2245 914 2296 sit
936 2260 971 2293 aa
993 2243 1025 2294 de
1044 2246 1182 2297 recentiori
1197 2244 1258 2296 foro

29 2328 30 2339 ¹
127 2309 231 2379 τροπῳ,
246 2314 550 2375 ινίοτοίιιεογιὺιιοοοιιο,
564 2312 607 2363 ter
619 2328 665 2363 een
714 2314 866 2379 porticibus
885 2317 983 2364 ornate
1003 2329 1088 2379 prope
1109 2315 1259 2366 Andronici

126 2398 152 2431 αι
164 2382 281 2448 σεπαρατε
295 2384 371 2443 ianr,
387 2387 419 2432 ut
431 2383 531 2433 Batavi
550 2380 665 2447 loquun·
716 2399 786 2448 quae
804 2399 876 2433 nunc
894 2386 1010 2434 vocatur
1027 2384 1139 2444 turrim,
1156 2384 1189 2434 de
1203 2400 1257 2449 que

127 2456 174 2503 tur.
184 2480 218 2489 -
229 2452 271 2503 Ad
286 2450 457 2503 locutionem
466 2445 581 2515 viperee
592 2446 664 2500 οἶτο-
715 2453 752 2507 ci.
765 2453 837 2503 idem
848 2454 938 2503 Kruse
950 2452 968 2504 l.
984 2451 1001 2500 l.
1014 2467 1076 2518 pag.
1091 2453 1137 2502 ill
1151 2468 1208 2518 seq.
1222 2455 1258 2504 At

126 2518 254 2582 δέξοντος
269 2521 308 2571 ef.
320 2523 355 2583 V,
368 2522 411 2573 67.
424 2522 486 2582 Vll,
501 2521 560 2573 178.
715 2522 781 2571 mihi
791 2523 838 2573 vix
847 2522 969 2575 dubium.
982 2522 1045 2586 quin
1057 2523 1091 2573 de
1103 2523 1258 2587 antequiori

157 2586 307 2656 χωρήσειν]
333 2592 379 2641 Ita
391 2590 456 2640 libri
469 2591 580 2651 vetusti,
596 2604 664 2656 quos
714 2591 775 2658 iqro
787 2591 831 2641 hic
843 2606 932 2641 sermo
948 2592 993 2653 sit,
1009 2591 1080 2655 quod
1094 2591 1123 2640 in
1136 2590 1208 2641 valle
1219 2593 1257 2641 in·

126 2674 180 2710 eam
195 2665 312 2712 recenti.
328 2660 391 2714 edd.
407 2665 518 2712 secutus
530 2675 597 2723 sum,
609 2674 664 2710 uno
716 2667 760 2711 tra
772 2663 899 2725 Ρογοοιο,
913 2663 1086 2725 Areopagum
1099 2666 1127 2711 et
1138 2665 1257 2725 Acropo-

126 2736 231 2794 excepto
246 2729 410 2791 Schaelero,
423 2731 516 2795 quiex
529 2745 584 2779 οοο
599 2728 665 2779 San-
714 2731 752 2781 lin
766 2731 852 2781 inisse
867 2730 1044 2796 probabiliter
1066 2731 1165 2780 statuit
1178 2730 1208 2783 0.
1222 2731 1255 2782 0.

126 2799 200 2850 crolti
215 2800 287 2851 libre
303 2800 429 2852 exhibuit
445 2799 571 2864 χωρῆσαι
588 2798 667 2848 item·
715 2800 828 2852 Mueller
840 2800 868 2849 in
881 2799 976 2850 Erscb.
995 2804 1023 2850 et
1039 2799 1152 2853 Graber.
1166 2801 1257 2865 bincy·

127 2883 172 2933 que
196 2886 258 2920 mox
285 2864 554 2933 καταστρέψασθαις
592 2867 665 2933 qnod
715 2870 835 2935 clopacd.
849 2869 910 2920 Vol.
922 2870 971 2919 VI.
991 2884 1055 2934 pag.
1067 2870 1127 2921 231.
1152 2871 1194 2920 De
1210 2884 1257 2919 an

125 2938 187 2989 citet
196 2939 229 2990 G.
239 2940 392 2991 Hermann.
404 2939 448 2990 sd.
458 2939 550 3002 Viget.
563 2954 589 3003 p.
603 2938 665 3000 775,
714 2941 790 3005 tique
806 2939 865 2989 iero
878 2940 987 3001 Attico,
1007 2939 1079 3003 quod
1093 2954 1175 2989 unum
1192 2938 1255 3002 init,

126 3022 172 3072 que
189 3009 248 3063 scil.
262 3013 377 3075 petest,
393 3023 474 3073 quem
490 3008 604 3059 licenter
618 3022 664 3057 ae·
714 3009 853 3060 meridiem
867 3023 962 3060 versus
978 3007 1151 3073 sbAcropoli
1162 3009 1255 3073 situm,

126 3078 193 3128 ristis
208 3078 312 3130 Gracci
333 3078 435 3129 fuerint
456 3078 513 3128 usi:
538 3078 663 3141 idemque
713 3077 1253 3144 postLeekium:Tepograpb.v.Atben.

125 3148 200 3198 etiem
212 3151 304 3200 tenurit
316 3148 455 3214 Stegeras,
469 3148 515 3213 qui
530 3147 664 3197 intactum
713 3164 773 3213 pag.
793 3147 840 3198 157
858 3164 931 3213 seqq.
949 3148 990 3198 ed.
1009 3148 1110 3212 Saupp.
1133 3146 1255 3212 pluribus

124 3211 393 3283 τοΙήοἰιχωρήσειν.
425 3218 663 3268 Noscaeterorum
714 3217 867 3277 disputavit
887 3218 1004 3267 Henriot
1024 3218 1065 3266 in:
1099 3218 1193 3268 Revue
1211 3234 1253 3267 οι·-

122 3285 244 3339 librerum
266 3290 346 3339 iussu
361 3288 408 3338 bic
425 3301 532 3353 quoqne
550 3286 664 3336 retinui·
713 3286 837 3348 clrioleg.
854 3288 901 3337 XI.
915 3302 941 3351 p.
957 3287 1006 3336 212
1021 3302 1096 3351 seqq.
1113 3287 1163 3336 257
1177 3302 1252 3351 seqq.

124 3371 177 3413 mus
189 3350 454 3422 καταστρέψεσθαι,
473 3356 544 3421 quod
557 3370 624 3407 saue
635 3354 663 3404 h.
714 3358 777 3407 272.
801 3355 856 3407 Alii
872 3356 907 3405 ad
922 3356 1090 3407 occidentem
1108 3372 1205 3406 versus
1219 3357 1253 3406 ab

123 3426 138 3477 l.
154 3428 339 3479 necessarium
351 3426 460 3478 videtur
475 3424 587 3489 (tandem
603 3440 663 3476 aero
712 3426 842 3488 Acrepcli
861 3425 949 3475 iorum
968 3426 1052 3477 luisse
1069 3425 1252 3476 contendunt:

123 3496 247 3559 Aeginam
261 3497 431 3549 Athenienses
442 3496 590 3546 sabricius-os
607 3511 665 3545 esee
713 3510 768 3558 qua
780 3496 814 3546 de
823 3511 853 3545 re
865 3495 918 3544 vid.
927 3511 998 3559 qnae
1007 3494 1252 3559 attulitForbiger:

123 3564 186 3617 dicit
198 3565 354 3630 oraculum)
373 3580 461 3632 seque
474 3570 558 3630 atque
574 3566 601 3616 ia
616 3579 663 3614 an·
711 3565 821 3615 Handb.
838 3565 863 3618 d.
880 3565 929 3615 alt.
942 3565 1039 3630 Geogr.
1053 3566 1104 3615 ΙΙΙ.
1119 3580 1179 3629 pag.
1191 3563 1251 3615 ute.

124 3637 310 3688 teredentibus
323 3626 478 3701 γωρήσειν;
496 3650 583 3700 neque
596 3650 662 3685 vero
712 3639 768 3687 net.
780 3637 824 3685 ll.

124 3721 186 3770 epus
196 3699 342 3770 ἄρχεσθαι
355 3709 459 3755 mutare
471 3705 498 3754 in
513 3692 661 3767 ἅρξεοθαι,
746 3694 799 3753 οὐκ
811 3693 1165 3767 ἆνέσχοντο,ἆκούτοντες]
1176 3702 1253 3763 Quae

123 3781 151 3823 ut
163 3777 293 3842 proponit
302 3774 422 3830 Veemel,
436 3775 472 3826 ad
482 3772 659 3826 Demostbea.
711 3774 785 3839 apud
801 3773 909 3823 Sabaei.
935 3774 1026 3837 posita
1050 3776 1092 3822 est
1114 3770 1254 3820 distinctio

125 3843 246 3897 l'ention.
269 3842 534 3912 pag.109Prolegg.
566 3843 606 3893 Ad
625 3844 662 3894 si·
711 3847 776 3894 aute
788 3835 969 3903 elucidantes,
981 3840 1097 3892 deletam
1106 3841 1214 3904 reperio
1224 3841 1252 3890 in

124 3914 324 3976 eaibcutienem
335 3914 413 3967 verbi
425 3915 527 3977 χωρεῖν
538 3913 575 3964 ci.
590 3918 659 3962 nott.
711 3911 863 3978 Schweigb.
881 3916 909 3963 et
921 3912 1009 3988 Gaias.
1026 3911 1153 3972 editione,
1167 3911 1207 3959 ita
1222 3915 1253 3961 ut

124 3984 155 4033 sd
168 3985 222 4049 111,
237 3988 283 4036 42.
315 3983 394 4046 Quod
411 3983 445 4032 sd
463 3984 551 4047 ipsum
568 3997 662 4033 arecu-
710 3982 884 4048 participium
905 3972 1079 4038 ἆκονσαντες
1094 3996 1155 4030 cum
1175 3980 1252 4029 anla-

124 4052 210 4104 calum
231 4054 349 4116 attinet,
380 4052 662 4118 Limburg-Brouwer
711 4053 819 4103 cedenti
835 4053 918 4102 verbo
935 4039 1089 4114 ἀνέσχοντο
1105 4053 1252 4099 connecta-

126 4120 256 4185 (Histoire
270 4124 302 4173 de
317 4123 345 4173 ls
365 4123 492 4174 civilisat.
509 4121 535 4172 d.
548 4122 595 4173 Gr.
613 4122 661 4172 1v.
712 4126 757 4172 tur
769 4136 932 4185 sensuque
947 4121 969 4183 Ι,
981 4121 1025 4172 80.
1039 4122 1072 4181 V,
1083 4118 1115 4170 19
1125 4117 1184 4183 (οοί
1194 4118 1250 4167 vid.

126 4191 196 4255 (v1.)
217 4210 280 4259 pag.
295 4193 346 4256 87,
367 4192 522 4251 existimat,
541 4191 662 4242 exhiberi
711 4191 795 4257 nott.)
818 4190 991 4256 participium
1016 4190 1078 4240 huic
1099 4187 1181 4238 verbo
1204 4187 1250 4236 ad-

125 4258 168 4311 bic
178 4263 316 4313 oraculum
329 4261 554 4325 ssacerdotibus,
563 4261 609 4327 qui
622 4277 662 4312 re·
711 4262 780 4321 strui
794 4261 923 4323 vidimus,
943 4260 1015 4310 hanc
1029 4260 1057 4308 in
1069 4258 1249 4309 senteutiam:

126 4344 181 4380 rum
199 4334 316 4384 omniurn
336 4333 371 4382 ad
392 4333 580 4397 quaestionem
600 4347 661 4396 pro·
711 4347 760 4381 noa
774 4332 943 4381 sustulerunt
960 4331 1059 4380 audire.
1091 4326 1146 4377 Ubi
1168 4325 1251 4375 elien-

126 4400 239 4461 positsm
253 4403 322 4454 bene
334 4403 415 4467 gnari
429 4401 532 4452 fuerint
546 4401 662 4466 indeque
712 4401 752 4451 dit
768 4402 867 4451 coristi
882 4399 1076 4466 participium,
1094 4395 1171 4445 cuius
1189 4392 1249 4444 loco

127 4466 193 4520 bene
211 4471 409 4535 intellexerint,
427 4471 490 4538 qnid
508 4470 661 4523 iaciendum
711 4472 863 4539 praeacutis
879 4469 1053 4535 participium
1068 4480 1136 4518 sane
1155 4479 1250 4530 exspe-
