2970 5128
254 342 316 407 336
695 342 963 406 HERODOTI

255 517 451 608 χρηστήριε,
467 507 487 606 ἦ
502 518 654 605 μεγάλως
667 548 707 608 με
722 517 909 608 ἠπάτηκας,
925 519 1074 607 φάμενος
1089 515 1206 606 Ἀργος
1219 518 1375 607 αἱρήσειν·

209 637 245 698 81
259 622 491 711 συμβάλλομαι
513 619 545 690 d'
561 622 691 712 ἐξήκειν
712 651 768 711 μοι
790 622 826 692 τὸ
840 623 1049 711 χρηστήριον.
1089 620 1187 691 Μετὰ
1201 623 1238 691 δὲ
1255 618 1377 691 ταῦταὸ

255 730 446 814 Κλεομένης
460 722 522 813 τὴν
534 725 596 813 μὲν
611 729 700 795 πλέω
715 725 873 814 στρατιὴν
886 724 993 814 ἀπῆκε
1007 723 1142 796 ἀπιέναι
1162 729 1196 806 ἐς
1209 725 1374 815 Σπάρτην·

255 927 357 975 olivum
376 924 522 975 adhibetur
545 926 618 990 apud
634 926 797 992 Aeschylum
849 940 865 972 a
878 926 1134 977 seelereeomrnisso
1144 941 1262 991 purgare
1272 927 1377 977 voluisse

255 996 343 1060 (Sept.
362 1011 385 1045 c.
399 994 485 1046 Theb.
500 994 542 1044 26.
560 998 718 1060 Agamemn.
732 997 795 1047 1241
848 996 989 1059 probabile
1005 1001 1062 1057 est,
1083 997 1136 1047 uisi
1149 1012 1181 1046 ea
1194 999 1286 1060 potius
1297 1011 1377 1045 seero-

255 1067 368 1116 Eumen.
383 1063 445 1126 282)
467 1070 494 1113 et
506 1065 662 1129 Euripidem
687 1066 796 1131 (Helen.
848 1081 906 1115 rum
921 1081 1020 1127 eausa,
1042 1080 1124 1130 quem
1140 1067 1197 1129 ipae
1211 1067 1264 1129 Vl,
1280 1066 1313 1115 82
1326 1080 1377 1131 pro-

254 1134 315 1185 820.
332 1135 391 1186 Ion.
410 1133 494 1195 1320).
848 1135 902 1185 fert
921 1136 1087 1188 Cleomenes.
1119 1135 1265 1194 Hereema,
1284 1136 1315 1184 de
1332 1150 1377 1200 qno

290 1196 414 1267 ἐξήκειν]
423 1204 463 1252 De
473 1204 602 1267 temporis
614 1203 716 1268 sperio,
726 1203 797 1267 quod
847 1205 901 1255 vid.
911 1205 932 1267 1,
940 1205 982 1265 31,
992 1204 1194 1255 celeberrimum
1204 1186 1377 1255 lunonislem·

255 1273 379 1338 expletur
399 1271 483 1335 (conf.
504 1272 632 1337 Sopboel.
650 1272 719 1323 Phil.
737 1272 795 1323 100.
847 1273 920 1337 plum
933 1276 960 1324 in
972 1276 1133 1338 Argivorum
1145 1279 1172 1323 et
1179 1275 1376 1338 Mycenaeorum

254 1345 314 1393 701).
328 1343 448 1392 Pausan.
464 1342 530 1405 Vll,
546 1345 588 1403 14,
603 1345 627 1391 2.
644 1342 697 1403 IX,
715 1341 755 1402 14,
771 1344 796 1392 4.
847 1343 1378 1409 eontiniesitumeratquudrngintesta·

254 1414 303 1473 IV,
314 1413 358 1475 20,
374 1411 411 1477 l.)
426 1427 511 1477 eoque
525 1426 558 1462 ae
574 1413 606 1462 de
619 1410 720 1461 divinis
737 1426 796 1461 ora·
848 1412 894 1462 die
907 1413 941 1462 eb
953 1413 1033 1477 Argis
1046 1418 1074 1465 et
1088 1413 1179 1462 decem
1195 1413 1288 1463 stadia
1300 1428 1316 1463 a
1327 1414 1377 1476 lly-

255 1483 324 1533 enlis
337 1482 499 1544 somniisve,
522 1497 591 1545 quae
610 1486 737 1530 eventum
749 1481 797 1529 hu·
847 1484 921 1531 cenis
934 1488 1075 1539 remotum,
1089 1487 1159 1533 teste
1171 1483 1299 1533 Strabon.
1309 1482 1376 1533 Vlll.

255 1554 331 1615 beut,
359 1543 471 1615 ἐξήκειν
495 1551 552 1600 diei
568 1556 651 1615 atque
670 1541 797 1609 ἐξελθεῖν
847 1567 874 1614 p.
887 1551 982 1602 3681).
1002 1569 1023 1602 s.
1036 1552 1125 1603 0008.
1145 1552 1206 1604 eoll.
1220 1551 1377 1607 Pouaeu.ll,

257 1622 294 1687 (v.
310 1638 334 1671 e.
353 1622 376 1685 1,
393 1620 451 1671 120,
471 1619 532 1682 VlI,
547 1621 603 1671 187.
621 1620 669 1682 111,
681 1621 723 1670 82.
738 1620 796 1670 108.
850 1622 895 1681 17,
910 1621 1053 1685 ubiplura.
1074 1621 1153 1675 (loni,
1164 1620 1377 1672 minnerevnl.

256 1691 355 1742 Suides
369 1707 391 1742 s.
406 1706 432 1743 v.
449 1691 526 1740 Tem.
543 1691 566 1739 1.
583 1706 609 1754 p.
626 1689 689 1753 771)
707 1689 799 1739 obser·
849 1706 875 1753 p.
890 1690 950 1742 051.
978 1690 1062 1741 Cuius
1079 1691 1210 1756 reliquias
1231 1707 1302 1740 anno
1318 1690 1374 1745 1831

255 1837 311 1881 tum
325 1830 419 1880 eodem
430 1834 541 1878 uuetore
551 1828 683 1878 Valcken.
695 1829 797 1880 dieitur
847 1828 901 1878 don
914 1828 1030 1894 Anglus,
1044 1829 1088 1881 vel
1103 1834 1195 1895 potius
1208 1831 1330 1891 Harriot,
1340 1829 1377 1878 de·

255 1892 445 1949 ἐιιιτελέεσθαι
459 1899 560 1949 Herod.
571 1899 618 1961 Vl,
634 1899 695 1960 140,
717 1888 798 1947 lans-
846 1899 1011 1965 scripsitque
1024 1899 1165 1951 Tbieraeh⁴
1180 1900 1215 1949 ab
1230 1902 1289 1965 ipso
1303 1898 1378 1964 perlu-

257 1968 408 2033 ριιίνεσθαι
422 1983 465 2032 ap.
479 1968 575 2034 Eurip.
589 1967 700 2033 Cyelop.
714 1968 773 2019 002.
847 1972 950 2019 stratas
964 1972 992 2018 in
1003 1968 1071 2018 eolle
1081 1985 1165 2035 prope
1176 1970 1267 2019 vicum
1278 1969 1378 2027 Chonie,

845 2040 894 2101 qui
906 2053 923 2087 e
933 2036 1053 2103 Nauplia
1067 2039 1154 2089 tribus
1170 2038 1283 2089 milium.
1295 2038 1378 2088 distet.

847 2109 922 2169 Quas
941 2108 1050 2159 eosdem
1068 2123 1097 2158 se
1115 2109 1231 2173 primum
1254 2108 1378 2158 invenisse

422 2138 488 2189 03¹²·
509 2139 633 2188 LXXXI·
846 2178 988 2228 contendit
1007 2176 1100 2229 Galim
1120 2178 1216 2229 doctus
1240 2177 1327 2242 Vielly
1342 2192 1379 2225 eu·

289 2238 381 2307 ἀπῆκε
395 2233 510 2291 ἀπιέναι
527 2231 554 2299 ἐς
571 2233 717 2305 Σπάρτην]
737 2243 754 2291 i.
770 2258 794 2298 e.
846 2246 906 2296 dem
918 2262 985 2297 sane
995 2248 1069 2301 loeo.
1083 2262 1135 2311 quo
1147 2248 1260 2298 Gordon
1274 2246 1333 2297 illas
1344 2247 1378 2294 iu·

255 2317 393 2366 eaeercitum
404 2315 493 2364 dimisit
503 2310 544 2377 (ut
553 2310 653 2375 abiret)
665 2310 795 2374 Spartam.

255 2384 339 2435 Haud
351 2382 432 2434 aliter
448 2383 504 2433 fere
522 2381 580 2444 ΙΙΙ,
592 2382 625 2431 75
638 2372 731 2444 ἀπῆκε
748 2380 796 2445 φέ-

257 2453 375 2519 ρεσθαι,
393 2453 440 2503 ubi
456 2451 528 2503 coni.
548 2456 625 2527 nott,
638 2456 666 2500 et
683 2453 713 2515 Ι,
735 2454 794 2505 104.

255 2525 310 2587 Vl,
323 2524 356 2575 02
375 2520 418 2572 flu.
436 2524 495 2585 (ubi
510 2513 588 2570 eloim
608 2512 796 2584 undrfoder),

254 2596 323 2657 v11,
342 2592 399 2644 121.
432 2593 507 2642 Satis
526 2606 590 2641 vero
603 2606 636 2640 ex
654 2588 697 2640 bis
710 2596 797 2655 petet,

256 2664 425 2716 Cleomenem
451 2678 480 2712 re
506 2661 609 2710 infectu
635 2659 724 2710 redire
752 2676 796 2711 eo-

256 2739 349 2785 aetum
380 2747 455 2791 esse,
491 2746 551 2782 eum
578 2732 666 2794 ipsum
694 2729 795 2794 urbem,

257 2820 337 2869 quem
353 2806 589 2867 aggressurum,
612 2813 709 2864 capere
723 2799 797 2850 bsud

254 2874 403 2938 potuisset,
431 2871 570 2921 defensam
591 2868 667 2918 illem
688 2870 795 2933 quidem

254 2940 400 2995 Telesillee
410 2944 438 2991 et
447 2940 588 2990 mulierum
601 2938 635 2987 ab
644 2937 696 2988 hoe
708 2955 796 2990 erma·

254 3019 344 3062 terum
359 3011 460 3061 virtute
475 3010 535 3074 (Vl,
548 3010 580 3060 77
594 3008 685 3073 ibique
696 3010 795 3075 nott.):

256 3080 391 3145 repulsum
403 3079 488 3143 igitur
503 3077 580 3128 tulit:
600 3092 669 3141 quse
687 3096 719 3128 eo
734 3095 795 3144 gru·

846 2318 956 2367 venisse
975 2316 1141 2382 perhibetur.
1184 2319 1228 2367 Tu
1247 2318 1301 2368 rid.
1316 2316 1378 2365 Mer·

846 2385 979 2451 genblett.
1000 2388 1073 2439 1831.
1094 2402 1135 2436 nr.
1152 2386 1212 2438 307.
1232 2402 1295 2452 peg.
1311 2386 1378 2435 1227.

845 2455 1018 2506 Kunstblatt.
1033 2454 1111 2507 1832.
1132 2472 1172 2505 nr.
1186 2458 1229 2508 04.
1254 2472 1314 2522 pag.
1327 2454 1378 2505 870.

846 2525 947 2575 Postea
961 2526 1053 2591 plures
1068 2526 1122 2575 viri
1137 2526 1211 2576 docti
1224 2542 1259 2575 ae
1274 2524 1379 2590 peregri·

848 2600 959 2646 natores
980 2596 1181 2660 inquisiverunt
1201 2597 1231 2645 in
1251 2597 1335 2660 ipsum
1346 2592 1379 2642 lo·

847 2680 909 2714 eum
923 2679 957 2713 ae
970 2664 1101 2730 reliquias
1118 2665 1198 2715 huius
1210 2664 1307 2730 templi
1322 2662 1378 2713 olim

848 2734 1031 2794 celeberrimi,
1052 2734 1106 2784 vid.
1120 2737 1210 2785 Mure:
1229 2732 1342 2785 Journal
1354 2730 1380 2781 el

846 2819 864 2852 u
875 2805 950 2854 Tour
963 2804 992 2854 in
1006 2805 1109 2855 Greeee
1122 2805 1199 2854 Tem.
1214 2805 1253 2855 11.
1268 2819 1326 2868 cup.
1340 2799 1376 2851 37.

845 2888 908 2937 pag.
927 2873 985 2937 177,
1003 2875 1121 2938 itemque
1134 2873 1253 2931 Sehoell,
1270 2875 1378 2939 quieum

845 2946 878 2992 0.
890 2943 1023 2993 Muellero
1041 2943 1128 2993 leeum
1148 2944 1308 3008 perquirens
1323 2942 1377 3005 ipso

847 3011 941 3076 templi
952 3013 1053 3063 rudera
1067 3014 1186 3074 invenit,
1199 3028 1332 3063 murorum
1343 3025 1378 3060 re-

843 3080 955 3146 liquias,
969 3081 1037 3144 elia;
1053 3081 1108 3132 rid.
1121 3082 1293 3134 Kuustblatt.
1309 3079 1376 3132 1840.

1463 1694 1465 1731 l

255 1769 303 1812 ret
313 1760 444 1812 Velelren.
470 1760 543 1808 Hine
553 1760 691 1809 oraculum
703 1758 798 1824 imple·
847 1760 920 1810 forte
940 1760 1050 1810 fortuna
1066 1759 1203 1811 detexisse
1224 1762 1309 1811 fertur
1322 1761 1378 1809 Gor·

255 3155 316 3203 rior
335 3149 469 3199 essevisu
487 3153 544 3210 est,
562 3163 623 3198 eum
640 3162 657 3196 u
676 3148 795 3199 mulieri·
843 3167 885 3204 nr.
906 3152 949 3201 71.
973 3167 1037 3217 pag.
1057 3152 1109 3201 2118
1133 3158 1161 3201 et
1186 3154 1261 3202 conf.
1280 3150 1379 3202 Leuke:

255 3221 305 3271 bus
323 3219 429 3269 inflictu
448 3224 533 3278 esset,
551 3217 669 3281 indeque
684 3224 795 3283 arrepta
844 3221 960 3272 Trarels
974 3222 1002 3271 in
1013 3224 1109 3272 Mores
1120 3221 1157 3272 11.
1172 3237 1233 3287 pag.
1249 3216 1377 3273 388-393

255 3308 272 3341 a
291 3288 443 3339 Cleomenis
459 3287 592 3349 inimicis,
615 3287 661 3351 qui
680 3286 794 3351 ephoros
845 3295 872 3340 et
885 3290 1120 3355 Peloponnesiaco
1135 3291 1230 3356 Suppl.
1246 3307 1308 3357 pag.
1323 3285 1377 3345 258,

255 3361 422 3419 excitarent,
444 3364 475 3408 ut
493 3356 663 3407 Cleomenem
681 3357 709 3405 in
724 3357 794 3407 iudi·
844 3362 997 3425 Boublaye:
1011 3360 1180 3411 Rechemlres
1191 3377 1237 3411 sur
1247 3361 1286 3411 les
1295 3360 1377 3408 ruines

254 3432 326 3480 cium
343 3433 489 3489 vocarent,
511 3427 557 3492 qui
575 3425 690 3490 pecunie
703 3442 795 3478 corru·
844 3430 877 3481 de
888 3429 979 3482 lloree
990 3446 1051 3495 pag.
1063 3434 1105 3483 42.
1116 3431 1159 3483 43.
1185 3432 1289 3481 Locum
1298 3431 1377 3494 ipsum

255 3506 318 3564 ptus
328 3514 356 3547 re
365 3498 469 3547 iniectu
479 3497 513 3546 ab
523 3497 603 3561 Argis
613 3496 733 3546 redierit.
752 3499 795 3548 Ee
844 3504 972 3550 oeerrrate
996 3500 1130 3552 indicavit
1156 3516 1189 3550 ae
1209 3499 1319 3565 singule
1338 3497 1378 3546 de·

255 3570 354 3634 igitur,
376 3583 444 3633 quae
458 3568 491 3617 de
507 3565 637 3616 Telesilla
653 3581 686 3616 se
702 3566 795 3617 mulie·
843 3571 955 3633 scripsit
971 3570 1095 3620 Curtius:
1114 3570 1294 3634 Peloponnes.
1305 3569 1339 3619 11.
1353 3582 1376 3631 p.

254 3641 330 3689 ribus
339 3637 449 3701 Argivis
459 3634 569 3686 aliunde
577 3636 731 3700 occepimus
741 3642 796 3686 tre·
843 3639 895 3690 800
903 3645 1058 3703 seqq.,post
1069 3655 1148 3704 quem
1158 3633 1378 3702 denuoRengabe'
1464 3652 1465 3685 l

254 3709 328 3771 dita,
353 3708 387 3756 ab
401 3706 541 3756 Herodoto
563 3719 673 3769 prorsus
692 3707 794 3757 omissa
843 3712 871 3758 et
884 3709 1002 3758 Bursian
1017 3710 1088 3759 buno
1098 3711 1127 3758 in
1138 3708 1227 3760 loeum
1237 3708 1378 3774 inquisire«
1464 3686 1465 3771 l

255 3778 349 3829 valent
372 3777 466 3841 utique
491 3776 527 3824 nd
551 3775 637 3840 ipsam
660 3774 796 3826 Herodoti
842 3779 1063 3843 runttemplique
1074 3779 1206 3829 ambitum
1217 3793 1251 3829 ee
1262 3775 1377 3841 singular
1464 3824 1465 3827 ,

256 3847 442 3899 narrationem
463 3834 650 3909 explicandum
676 3850 703 3894 et
729 3861 794 3910 sup·
842 3863 965 3912 quasque
980 3853 1072 3913 portes
1088 3865 1121 3899 ex
1139 3849 1189 3911 iis,
1211 3864 1281 3914 quae
1296 3845 1376 3896 sdhue

254 3917 390 3982 piendum.
405 3944 437 3952 —
450 3916 514 3965 Mox
529 3930 590 3965 eum
603 3918 717 3964 reeentt.
732 3914 794 3966 dedi
842 3924 1003 3981 supersunt,
1023 3919 1189 3969 constituere
1201 3922 1376 3979 aoeursteqne

255 3977 341 4043 αὐτὸς
355 4001 402 4050 pro
413 3975 536 4048 αὐτέων,
553 3983 630 4034 libris
648 3983 688 4033 ite
700 3985 794 4036 iuben·
842 3988 997 4038 describere
1019 3988 1113 4039 eonati
1131 3993 1207 4048 sunt;
1230 3988 1286 4038 vid.
1300 3984 1375 4036 Atbe·

255 4058 339 4107 tibus.
352 4049 795 4118 Schweighaeus.conieceraturi·
843 4071 942 4106 naeum
960 4056 1080 4120 iruneois
1100 4058 1175 4108 1854.
1194 4074 1234 4108 nr.
1254 4056 1297 4110 50.
1318 4067 1375 4119 peg-
1464 4072 1465 4105 l

254 4119 425 4189 coemeter.
451 4126 488 4175 At
498 4124 566 4173 haee
578 4122 631 4174 1οαί
641 4126 793 4175 sententia:
845 4125 912 4176 1190
931 4141 1006 4195 seqq.
1033 4132 1061 4176 et
1079 4128 1260 4189 Monumenti,
1283 4122 1376 4175 Annali
1464 4156 1465 4193 3

253 4198 417 4261 „Cleomenes
435 4196 540 4260 reliquie
554 4196 633 4257 copiis
648 4195 741 4243 (Ioniam
755 4197 793 4245 di·
843 4201 895 4245 ete.
910 4196 985 4246 1854.
1000 4194 1374 4262 Bulletino.pug.ll111eeqq.
1464 4198 1465 4221 ³

252 4267 334 4318 ταινία
344 4268 399 4330 ipse
415 4280 468 4314 cum
484 4266 549 4315 mille
562 4265 662 4314 selectis
677 4264 793 4315 militibus
843 4265 1120 4331 Hisdeniqueadde:
1140 4262 1373 4331 „Ausgrabungb
1464 4296 1465 4349 l

252 4338 350 4401 optimis
358 4336 490 4398 prefectus
504 4342 542 4384 eet
554 4334 734 4395 aerlei-aeuo,
749 4349 793 4384 sa·
843 4335 956 4399 Tempel
963 4336 1010 4385 der
1020 4335 1094 4385 Here
1105 4337 1206 4386 unweit
1215 4337 1310 4399 Argoa.
1328 4332 1375 4380 Ein
1464 4352 1465 4365 r

253 4421 299 4457 ινα
310 4407 442 4470 facimus,-
459 4403 557 4470 quibus
570 4404 655 4454 saeris
670 4403 745 4454 illum
762 4419 792 4454 se
843 4401 1375 4473 Βτὶθ1τ.Ρτο1.ΒὶτοΒααμ1)έ10811011
