3048 5130
193 369 254 435 182
620 369 895 431 HERODOTI

193 544 235 634 δὴ
256 546 311 613 καὶ
336 545 478 632 ἐγένετο.
513 545 652 613 ἐλθοῦσι
681 544 719 612 δέ
741 544 797 612 καὶ
821 544 1022 631 διζημένοισι
1041 540 1171 612 αὐτοῖσι
1197 538 1242 622 ὡς
1264 539 1332 613 οὐκ

193 654 368 738 ἐφαίνετο,
388 646 502 717 ἐδόκεε
519 643 812 732 ἀπαλλάσσεσθαι,
838 649 893 714 καὶ
915 646 1026 731 λέγειν
1045 644 1128 735 πρὸς
1148 643 1224 725 τοὺς
1245 643 1330 714 ἀπο-

195 755 404 842 πέμψαντας,
428 746 473 829 ὦς
492 750 600 820 πάντα
622 750 812 838 ποιήσειαν,
841 747 881 818 τοὶ
901 752 1025 818 ἐκεῖνοι
1046 753 1262 818 ἐνετείλαντο.
1298 752 1336 816 oi

194 857 257 947 μέν
275 854 317 944 δὴ
337 852 542 934 ἀπελθόντες
564 861 680 940 ἔλεγον
698 858 812 922 ταῦτα.
851 850 1002 921 Ἠετίωνι
1025 852 1063 921 δέ
1086 850 1168 941 μετὰ
1187 856 1292 920 ταῦτα
1312 846 1333 919 ὁ

196 976 273 1040 παῖς
294 956 471 1042 adtrivere·
502 964 562 1026 καί
581 963 616 1025 οἱ
633 956 837 1044 διαφυγόντι
863 961 983 1025 τοῦτον
1004 953 1064 1025 τὸν
1083 963 1247 1024 κίνδυνον
1264 951 1335 1023 ἀπὸ

194 1070 251 1153 τῆς
265 1065 412 1150 κυψέλης
429 1063 626 1150 ἐπωνυμίην
641 1060 794 1142 Κύψελος
808 1057 934 1148 οὕνομα
949 1062 1063 1145 ἐτέθη.
1103 1056 1333 1147 Ἀνδρωθέντι

196 1170 232 1238 δὲ
255 1167 310 1235 καὶ
328 1166 565 1259 μαντευομένῳ
584 1166 731 1257 Κυψέλῳ
757 1165 889 1250 ἐγένετο
910 1159 1108 1252 ἀμφιδέξιον
1130 1162 1335 1252 χρηστήριον

196 1275 233 1341 έν
253 1278 437 1356 Δελφοῖσι,
465 1275 511 1362 τῷ
533 1275 674 1346 πίσυνος
702 1266 882 1357 γενόμενος
905 1267 1101 1356 ἐπεχείρησέ
1123 1294 1160 1336 τε
1179 1269 1235 1335 καὶ
1257 1272 1334 1354 ἔσχε

197 1373 381 1461 Κόρινθον.
410 1367 428 1442 ὁ
442 1372 480 1442 δέ
494 1369 639 1461 χρησμὸς
653 1367 712 1440 ὅδε
726 1363 783 1461 ἦν·

196 1572 413 1627 Bacchiadarum
434 1578 515 1637 gente
539 1572 658 1622 nobilem
678 1586 739 1622 cum
790 1572 831 1623 Ad
849 1571 935 1622 verba
953 1582 1029 1633 seqq.
1050 1558 1216 1633 ἐπωνυμίην
1237 1562 1337 1633 Κύφο-

197 1645 270 1697 Iaide
284 1643 410 1694 luctuosa
423 1648 450 1692 et
463 1642 604 1693 deficiente
617 1643 739 1706 adeoque

198 1713 299 1765 clauda
312 1713 342 1778 (i.
354 1730 378 1766 e.
394 1720 468 1762 terra
482 1717 623 1763 arescente
638 1716 665 1761 et
677 1727 740 1760 con-

198 1786 323 1843 tristato,
337 1783 373 1833 cf.
389 1781 528 1835 Plutarch.
545 1783 582 1833 11.
601 1797 663 1847 pag.
678 1781 738 1843 366,

199 1871 261 1920 pag.
272 1854 324 1904 499
334 1850 540 1916 Wyttenbach.)
554 1855 739 1915 compararet:

198 1923 341 1989 parvulum
353 1927 443 1971 autem
454 1921 573 1972 eiusdem
584 1928 690 1973 erectae
699 1921 741 1970 in-

199 1993 270 2043 dolis
288 1997 316 2041 et
330 1992 376 2055 qni
390 1992 533 2055 expeditus
552 2008 566 2043 e
582 1991 743 2041 discrimini·

198 2064 250 2113 bus
269 2063 372 2111 virtute
389 2076 439 2111 sna
458 2076 534 2111 sitnm
548 2068 661 2113 matrem
676 2059 742 2110 insi-

199 2146 278 2197 gnem
301 2130 411 2191 iecerit,
436 2129 533 2181 Osiridt
553 2135 612 2182 sire
632 2129 740 2191 Boccho,

200 2207 340 2264 tamquam
356 2198 419 2261 Soli,
435 2215 469 2250 cx
484 2216 563 2251 arone
578 2201 699 2252 tenebris
713 2200 742 2250 in

200 2271 287 2321 lucem
301 2267 404 2320 enixoi
430 2271 466 2319 Et
485 2272 579 2335 quidni
597 2271 688 2335 potuit
703 2273 743 2318 et-

201 2342 257 2391 iam
269 2338 429 2404 religionum
439 2342 524 2390 causd
537 2356 597 2391 cum
608 2338 741 2404 Cypselus

201 2416 258 2461 tum
277 2409 485 2473 Cypselidarum
507 2409 622 2474 quilibet
644 2424 742 2473 pueru-

201 2481 244 2531 lus
263 2479 291 2528 in
312 2479 415 2530 Bacchi
433 2479 587 2531 Osiridiave
605 2494 671 2529 arca
689 2478 743 2527 rite

202 2549 348 2616 aliquando
369 2550 484 2614 deponi,
506 2550 666 2613 praesertim
683 2563 744 2598 cnm

201 2637 234 2671 ex
247 2619 474 2670 antecedentibus
492 2623 639 2684 appareat,
660 2633 743 2669 cuna·

201 2690 265 2741 bula
286 2689 421 2739 infantum
442 2705 459 2738 a
476 2690 572 2752 priscis
590 2687 744 2738 hominihus

202 2776 262 2810 curn
278 2774 344 2808 orca
358 2758 406 2808 illu
419 2759 526 2809 funebri
544 2775 591 2824 per
605 2756 745 2823 signitica-

202 2831 305 2879 tionem
315 2831 467 2892 composita
477 2844 537 2879 esse
544 2832 557 2878 ‘l
564 2830 581 2855 ‘⁴
597 2829 683 2878 Plane
693 2826 743 2877 ali·

202 2904 244 2949 ter
267 2896 301 2946 de
323 2896 366 2946 his
393 2900 493 2949 statuit
515 2899 546 2949 Δ.
574 2897 689 2949 Schoell.
715 2897 743 2945 in

202 2966 404 3018 Schneidewini
422 2968 556 3031 Philolog.
568 2969 602 3018 X.
621 2983 685 3031 pag.
699 2967 743 3026 48,

203 3037 260 3102 qui,
274 3038 391 3086 caeteris
404 3038 546 3099 missis,ex
560 3036 743 3101 ipsoCypselo

202 3109 230 3156 in
242 3103 413 3155 Bacchiadas
424 3110 565 3156 saeviente
574 3105 645 3155 hauc
658 3111 744 3155 totam

205 3174 325 3225 sahulem
338 3174 370 3225 de
383 3191 449 3226 arca
466 3175 608 3240 postmodo
625 3174 743 3225 effictam

204 3261 264 3295 esee
277 3248 371 3308 putat,
385 3261 438 3309 qua
449 3244 617 3295 inevitabilis
638 3244 690 3293 lati
701 3245 743 3293 vis

204 3319 232 3366 ot
252 3319 351 3364 nutura
370 3314 505 3380 insignem
530 3316 559 3364 iu
573 3314 681 3363 modurn
698 3329 743 3364 co·

207 3389 393 3450 gnosceretur.

238 3446 273 3501 τὰ
286 3444 322 3516 δὴ
336 3449 384 3502 καὶ
401 3445 522 3518 ἐγένετο]
548 3454 625 3515 Quod
638 3467 671 3503 ex
683 3451 743 3503 Ald.

204 3521 745 3587 etFlorent.libroreceperuutSchweig·

203 3593 299 3643 haeus.
321 3596 349 3642 et
362 3592 450 3644 Gaisf.
466 3583 587 3656 ἐγίνετο,
607 3608 667 3644 cum
684 3592 746 3642 reli-

206 3663 268 3727 quis
283 3661 343 3713 edd.
359 3665 464 3712 mutavi
475 3663 504 3712 in
520 3663 564 3725 id,
585 3662 656 3727 qnod
670 3663 746 3726 prius

203 3733 347 3796 legebatur
359 3723 436 3796 έγέν
447 3746 515 3793 ero,
531 3732 601 3797 quod
613 3732 683 3781 idem
690 3733 746 3782 No·

205 3808 261 3851 ster
279 3802 372 3866 posuit
395 3800 489 3852 eedem
515 3801 543 3851 in
563 3802 702 3853 locutione
721 3803 745 3863 Ι,

204 3872 254 3989 fill,
267 3871 314 3991 ιίλᾶἱ
325 3870 382 3925 vid.
401 3876 472 3923 nott.
498 3873 534 3921 Et
552 3872 623 3923 conf.
639 3887 746 3937 quoque

254 3978 261 4003 ,
308 3978 314 3989 .

445 4045 469 4105 p.
488 4042 513 4095 5.

240 4134 256 4193 ὁ
271 4143 339 4200 ταῖς
353 4135 502 4210 αὖξάνετο]
523 4146 575 4195 Pro
588 4139 657 4201 ποὶϊς
671 4160 748 4195 revo-

204 4215 268 4266 cavi
282 4213 359 4275 παῖς,
374 4220 405 4263 ut
420 4229 502 4279 supra
514 4217 547 4277 V,
561 4214 604 4268 30.
630 4215 682 4265 Pro
697 4207 747 4263 ocd-

208 4277 323 4347 ξὰντιο,
337 4283 407 4348 quod
420 4300 502 4334 unum
515 4300 607 4333 rerum
627 4299 687 4334 esse
700 4285 746 4334 do-

789 1641 838 1699 λος
851 1630 961 1700 οὔνομα
973 1629 1058 1702 ἐτέθη
1071 1637 1109 1691 cf.
1125 1639 1178 1701 IV,
1195 1639 1240 1690 181
1258 1648 1286 1692 et
1300 1641 1337 1692 de

790 1726 857 1762 voce
870 1701 1036 1771 ἐπωνυμίην
1053 1708 1093 1769 V,
1109 1708 1153 1759 66.
1186 1711 1253 1760 Inde
1266 1712 1340 1762 Kor-

791 1783 849 1831 tlim
862 1780 881 1829 l.
896 1793 958 1827 mox
967 1777 984 1826 l.
997 1792 1095 1826 nomen
1107 1777 1218 1842 Cypseli
1229 1795 1341 1845 germa-

790 1852 852 1901 nice
870 1847 949 1906 reddi
965 1847 1037 1898 rulte
1059 1847 1180 1912 Kistuer,
1204 1850 1339 1901 Dnuelrer

792 1918 903 1986 (Gesch.
920 1916 945 1967 d,
957 1916 1074 1967 Alterth.
1084 1916 1132 1969 1v.
1147 1932 1173 1981 p.
1187 1920 1214 1982 8)
1228 1921 1337 1971 reddit:

793 1992 949 2041 Lademaun.
970 1987 1023 2037 Pro
1034 1983 1233 2053 μαντευομένῳ
1245 1990 1338 2053 plnres

791 2051 1338 2126 codd.upvnroplqunodwesselingio

793 2145 847 2180 non
857 2126 1008 2191 displicuit,
1020 2125 1278 2191 Schweighaeusero
1288 2145 1340 2179 au·

793 2204 848 2249 tem
861 2198 998 2263 glossema
1009 2198 1127 2248 videtur.
1141 2224 1174 2233 -
1187 2188 1340 2261 ἀμφιδέξι-

792 2283 827 2317 ον
848 2260 1023 2331 χοηστήριον
1046 2266 1185 2317 oraculum
1210 2284 1270 2319 esse
1291 2287 1340 2320 aa·

792 2352 867 2401 ceps,
882 2336 1026 2401 uruhipuum,
1048 2339 1123 2386 recte
1144 2339 1250 2389 monuit
1268 2340 1341 2389 Lur-

793 2408 882 2468 oher.‚
906 2408 996 2458 citans
1012 2404 1175 2457 Valckenur.
1195 2408 1230 2458 ad
1242 2410 1339 2474 Eurip.

793 2475 905 2541 Hippoi.
924 2492 986 2542 pag.
1002 2477 1063 2537 247,
1078 2474 1142 2527 alia.

829 2538 992 2609 ἐπεχείρησέ
1004 2558 1033 2593 τε
1042 2540 1089 2592 καλ
1102 2538 1164 2610 ἔσχε
1172 2538 1337 2614 Κόρινθον]

795 2618 855 2679 Quo
868 2620 950 2680 pacto
964 2614 1097 2681 Cypselus
1112 2631 1196 2682 regno
1214 2618 1251 2667 sit
1265 2618 1340 2682 poti-

794 2693 850 2745 tus,
863 2690 937 2735 tacet
950 2685 1115 2735 Herodotus.
1145 2687 1199 2735 Sed
1215 2686 1340 2750 pluribus

794 2756 862 2806 haec
888 2756 1063 2821 persequitur
1084 2755 1215 2806 Nioolaus
1236 2757 1340 2806 Dama-

796 2839 909 2875 scenus:
929 2841 982 2890 quo
996 2830 1109 2875 auctore
1124 2825 1258 2890 Cypselus
1277 2843 1339 2876 ors-

795 2895 884 2946 eulnm
905 2901 1003 2945 nactus
1020 2895 1077 2946 suis
1097 2895 1221 2946 consiliis
1242 2902 1341 2961 aptum

797 2964 807 3031 (
815 2958 1017 3027 συμφέρουσαν
1042 2959 1196 3027 δεξάμενος
1219 2959 1339 3029 φήμην)

795 3034 870 3085 nulle
886 3035 1030 3086 interiecta
1043 3036 1120 3084 mord
1131 3034 1292 3086 Corinthum
1308 3051 1339 3085 se

795 3105 898 3169 recepit
925 3110 1008 3169 atque
1031 3104 1109 3155 brevi
1128 3105 1234 3156 civibus
1258 3105 1341 3155 valde

795 3182 891 3238 gratus
904 3175 1025 3235 exstitit,
1041 3178 1073 3223 ut
1091 3177 1138 3240 qni
1158 3175 1253 3237 fortis,
1276 3191 1340 3241 pru·

795 3245 862 3293 dens
886 3259 919 3294 ac
946 3243 1087 3309 populeris
1110 3245 1249 3295 rideretur
1273 3260 1341 3310 prae

795 3313 913 3364 caeteris
940 3313 1102 3379 Bacchidis,
1133 3314 1258 3379 superbis
1286 3314 1341 3366 illis

797 3383 905 3447 quidem
922 3387 950 3433 et
961 3383 1099 3434 violentis.
1130 3384 1189 3434 Iam
1206 3383 1342 3447 poleman-

796 3452 840 3503 chi
851 3468 960 3503 munere
969 3458 1084 3516 accepto
1095 3458 1123 3502 et
1133 3454 1267 3505 iuoivinm
1278 3470 1341 3519 gra-

798 3525 864 3571 tiam
887 3523 1078 3573 administrato
1103 3522 1197 3586 populi
1219 3539 1341 3575 amorem

797 3590 841 3641 vel
868 3593 957 3657 magis
981 3593 1034 3644 sibi
1059 3593 1232 3643 conciliavit:
1261 3609 1341 3657 quem

798 3676 858 3712 cnm
873 3661 1055 3713 intellexisset
1070 3664 1161 3714 auimo
1176 3662 1342 3715 Bacchiadis

799 3730 905 3781 infenso
919 3748 989 3792 esse,
1001 3732 1095 3782 ducem
1108 3731 1209 3783 huicce
1222 3734 1342 3797 praebu-

798 3803 822 3851 it
838 3803 920 3865 atque
939 3817 1001 3863 rege
1017 3803 1181 3866 Hippoclide
1193 3803 1341 3852 interiecto

798 3873 827 3921 in
843 3870 901 3920 eius
913 3870 1001 3922 locum
1014 3878 1123 3923 creatus
1140 3877 1192 3933 est,
1206 3872 1342 3923 Bacchia-

798 3941 840 3990 dis
859 3940 1015 3991 inexilium
1035 3943 1135 3995 missis.
1174 3942 1343 3992 deridetur

798 4025 865 4060 anne
876 4010 1015 4075 Cypselus,
1028 4012 1093 4062 utin
1104 4010 1259 4062 huiusmodi
1270 4013 1342 4075 opti-

797 4081 910 4129 matium
929 4082 1042 4146 imperio
1061 4081 1119 4132 fieri
1142 4081 1225 4142 solet,
1252 4080 1342 4145 plebis

798 4148 970 4213 potissimum
989 4167 1040 4214 ope
1056 4149 1228 4201 Bacchiadas
1245 4152 1342 4201 eineis-

799 4235 838 4280 se,
855 4218 964 4269 luxurii
978 4226 1006 4270 et
1018 4221 1145 4285 nuperbid
1155 4235 1267 4280 exosos3
1281 4222 1343 4284 qui·

799 4288 849 4338 bna
863 4289 967 4339 demum
981 4289 1066 4354 pulsis
1077 4295 1104 4339 et
1117 4289 1248 4341 Corintho
1263 4290 1342 4341 ceda-

205 4352 747 4419 cuitilredovpag.310,malequidam
797 4359 940 4409 reooactis
954 4359 1117 4410 illeexstitit
1128 4364 1272 4424 tyrannus.
1298 4359 1339 4410 Cf.
1417 4364 1426 4378 '

205 4423 283 4474 codd.
300 4416 457 4487 ηὐξάνετο,
479 4423 519 4474 Cf.
529 4424 551 4483 1,
562 4423 605 4477 58.
621 4424 669 4486 Vl,
687 4423 745 4475 132.
798 4428 827 4478 C.
846 4428 879 4481 Ο.
893 4429 1016 4480 Mueller.
1031 4431 1097 4480 Dor.
1112 4430 1133 4481 Ι.
1153 4446 1180 4495 p.
1195 4428 1255 4483 164.
1286 4430 1341 4491 Qui
