3008 5128
460 410 831 474 TERPSIOHORE.
854 408 893 476 V.
915 424 959 477 51.
981 419 1027 479 di.
1270 408 1307 475 81

102 588 243 662 antciol
264 586 433 676 βασιλήϊοι
453 588 510 657 καὶ
523 585 720 668 καταλύσιες
741 587 931 673 κάλλισται,
956 583 1012 656 dod
1032 590 1224 677 οἰκεομένης
1243 584 1313 676 τεὴ

163 787 308 852 regiorum
327 786 374 851 (de
393 788 491 853 quibus
512 787 566 837 vid.
581 788 664 851 VIII,
681 787 715 838 98
767 787 898 840 credibile
907 789 945 850 fit,
958 787 1026 837 haec
1035 786 1143 837 haurire
1153 788 1255 838 Noster
1265 785 1311 836 rix

163 857 263 922 ibique
275 856 371 922 nott),
387 858 415 907 in
427 858 519 910 varim
533 860 611 923 regni
622 862 716 923 partes
767 859 867 925 potnit,
880 858 935 923 qui,
949 862 979 908 ut
989 873 1048 907 mea
1059 857 1113 907 lert
1123 856 1226 921 opinio,
1240 855 1312 905 hanc

164 926 249 976 iussa
278 928 350 993 regis
378 928 574 992 perferentium
599 928 716 993 indeque
767 929 829 980 viae
838 929 930 993 regiae
940 928 1311 991 descriptionem,tanquam

164 995 359 1058 redeuntium,
374 1000 495 1063 itemque
507 999 535 1047 in
548 1012 625 1048 usum
639 1012 716 1063 prae·
767 987 943 1057 ἐπεισόδιον,
960 1013 1047 1047 rernm
1060 996 1213 1046 narrationi
1223 997 1309 1046 inser-

164 1066 306 1116 t'ectorum
337 1068 473 1132 regiorum
500 1068 528 1116 in
556 1069 716 1131 provincias
767 1066 1058 1128 tamntexhiberet,elr
1067 1066 1236 1131 potissimum
1246 1080 1310 1115 cau·

165 1137 317 1186 missorum
337 1142 366 1187 et
381 1136 418 1186 ad
441 1137 515 1201 regis
536 1137 627 1187 aulam
643 1151 716 1188 rece-
767 1139 799 1188 si
811 1137 940 1187 inductus
956 1143 1007 1199 est,
1019 1137 1100 1202 quod,
1113 1140 1144 1186 ut
1154 1136 1212 1200 ipse
1227 1140 1311 1186 testa·

167 1205 295 1256 dentium
308 1205 431 1271 adeoque
441 1206 563 1271 ipsarum
575 1208 717 1272 copiarum
768 1208 921 1272 turcsp.5⁴l
927 1205 999 1270 init,
1007 1208 1163 1257 accuratius
1171 1205 1309 1270 explicere

164 1276 307 1339 regiarum
330 1277 382 1326 iter
400 1275 558 1326 iacientium
575 1291 623 1341 per
640 1277 718 1341 regni
768 1275 920 1337 salsitas,
946 1291 1016 1342 quaa
1039 1290 1100 1340 cap.
1119 1275 1154 1326 50
1167 1277 1310 1340 Aristago-

163 1346 277 1395 Persici
302 1344 473 1410 provincias:
505 1345 573 1396 adeo
595 1352 627 1397 ut
649 1346 717 1397 haec

165 1429 238 1464 cura
250 1418 358 1466 riarum
372 1416 507 1479 regiarum
518 1416 665 1466 coniuncta
676 1416 718 1466 vi-

166 1484 271 1534 deatur
284 1500 345 1535 cum
359 1489 492 1534 accurata
512 1484 560 1536 illa
577 1486 653 1550 regni
668 1485 717 1534 ad-

166 1555 389 1613 ministratione,
401 1570 481 1620 quarn
492 1555 593 1605 Darius
603 1569 716 1620 regnum

167 1624 290 1689 adeptus
309 1625 429 1675 instituit
450 1628 561 1675 auctore
575 1623 715 1675 Herodoto

165 1693 233 1755 ΙΙΙ,
246 1694 281 1746 89
293 1693 351 1759 (nbi
365 1694 422 1744 rid.
437 1692 537 1758 nott),
551 1710 611 1744 cum
623 1695 715 1746 rarins

166 1766 250 1828 regni
270 1765 364 1829 pacati
392 1769 481 1814 terras
505 1779 552 1827 per
577 1765 715 1829 satrapias

166 1833 320 1893 divideret,
345 1833 445 1899 quibus
469 1834 585 1899 singulis
610 1834 718 1899 praese·

164 1909 232 1954 ctos
260 1904 405 1953 constituit
434 1903 620 1968 tributumque
651 1919 715 1968 pen·

165 1972 287 2024 dendum
317 1973 473 2037 imperavit.
523 1975 614 2036 Quare
640 1974 715 2039 equi·

167 2042 234 2092 dem
257 2048 344 2092 totum
369 2043 398 2092 id
419 2043 577 2092 institutum
603 2042 639 2093 ad
661 2044 715 2093 Da-

165 2112 240 2163 rium
253 2128 382 2163 revocare
394 2111 499 2174 malim,
511 2112 583 2178 quod
592 2113 663 2162 idem
677 2112 716 2163 ie-

165 2183 242 2233 cisse
252 2180 333 2232 rideo
342 2180 441 2233 Grote:
453 2183 567 2246 History
577 2182 608 2232 oi
613 2182 715 2232 Graece

165 2253 219 2303 lV.
233 2266 260 2315 p.
274 2252 338 2302 320:
359 2251 458 2303 etenim
472 2252 579 2318 insigne
595 2251 661 2301 mihi
675 2252 714 2302 ri·

165 2322 251 2373 detur
273 2321 463 2372 documentum
483 2336 542 2372 esse
559 2337 641 2372 curae
660 2321 715 2372 exi·

165 2391 715 2526 snasordinassetis:

166 2531 235 2582 dere
257 2544 368 2595 possum
390 2531 521 2594 Kieperto
544 2529 624 2581 huius
653 2531 715 2581 viae

165 2601 289 2664 vestigia
298 2600 428 2665 usquead
437 2601 611 2664 Assyriorum
621 2615 714 2665 regum

166 2678 297 2734 tempora
320 2668 447 2720 recedere
465 2669 631 2734 multumque
650 2669 714 2720 inde

166 2742 316 2792 Persarum
326 2754 437 2804 regnum
449 2740 611 2791 antecedere
624 2740 713 2805 suspi-

166 2811 246 2861 canti
258 2824 285 2873 p.
301 2810 349 2859 124
365 2809 393 2858 in
404 2809 613 2872 dissertatione,
633 2824 714 2873 quam

166 2882 204 2931 de
216 2880 269 2930 hac
282 2879 330 2928 via
342 2880 420 2944 regia
432 2879 559 2944 scripsit,
573 2880 676 2929 inserta
686 2878 717 2928 li·

165 2950 256 3000 bello:
270 2949 506 2999 Monatsberichte
517 2949 543 2999 d.
551 2948 681 2998 Akndem.
689 2947 716 2997 d.

167 3018 339 3070 Wisseuscb.
356 3034 379 3070 s.
391 3017 485 3069 Berlin
499 3018 575 3070 1857.
593 3018 673 3070 Febr.
689 3033 715 3083 p.

170 3087 585 3153 l2dseqq.,ubiadditsquoqne
594 3092 636 3138 est
645 3087 722 3137 tabu·

167 3159 199 3209 ls
208 3157 395 3224 geographica
403 3156 562 3223 singularis,
576 3173 647 3223 qnae
657 3172 718 3222 pro-

165 3229 264 3295 posuit
277 3228 321 3279 vir
333 3227 439 3290 doctus,
455 3228 553 3279 eximie
565 3227 717 3280 illustrans.

167 3298 251 3362 Quod
270 3311 335 3347 vcro
357 3297 427 3348 idem
443 3297 486 3347 rir
504 3295 602 3347 doctus
620 3312 646 3362 p.
665 3297 714 3348 1²5

167 3383 220 3431 ea,
236 3381 306 3432 quae
319 3367 346 3419 h.
357 3366 376 3418 l.
389 3367 546 3418 Herodotus
558 3365 591 3417 de
603 3365 655 3417 hac
668 3367 714 3415 via

767 1361 825 1396 ram
836 1346 972 1396 dicentem
981 1346 1087 1398 fecerat
1096 1345 1130 1395 de
1138 1344 1310 1410 longitndine

767 1416 831 1466 viae
843 1431 894 1479 per
905 1423 958 1466 tres
966 1431 1062 1467 menses
1073 1418 1216 1465 extensae:
1232 1428 1310 1479 prae·

768 1486 862 1536 sertim
875 1501 938 1537 cum
950 1487 1025 1536 recta
1038 1483 1168 1534 Sardibus
1182 1484 1252 1534 Susa
1265 1498 1310 1548 pe-

767 1557 889 1606 tentibus
911 1556 1021 1606 brevior
1039 1555 1134 1618 utique
1153 1557 1309 1617 suppeteret

766 1626 828 1688 via,
845 1629 972 1689 exparte
987 1640 1036 1690 per
1049 1622 1167 1673 incultas
1183 1623 1308 1688 regiones

766 1710 800 1745 ac
818 1695 926 1744 deserta
943 1693 1073 1759 periculis
1097 1693 1184 1742 omnis
1202 1691 1310 1757 generis

766 1764 870 1816 referta
883 1763 1026 1816 iacienda:
1052 1777 1122 1828 quse
1137 1762 1198 1827 ipsa
1210 1766 1242 1811 nt
1255 1761 1310 1812 evi-

767 1840 908 1897 tarentur,
935 1832 1002 1885 haec
1022 1833 1098 1898 regia
1121 1833 1168 1883 via
1191 1831 1310 1895 longiori

766 1905 883 1969 quidem,
893 1904 940 1955 sed
950 1903 1012 1953 utili
1022 1902 1126 1952 ambitu
1136 1901 1253 1962 ducebat
1262 1915 1310 1965 per

766 1976 891 2040 regiones
910 1974 978 2023 bene
1005 1971 1094 2023 cultas
1116 1972 1210 2022 omnia
1231 1971 1309 2035 proli·

767 2045 933 2094 ciscentibus
960 2041 1117 2093 necessaria
1145 2040 1309 2105 praebentes

767 2113 901 2178 simulque
914 2118 989 2165 tutes
1001 2127 1019 2162 a
1032 2110 1169 2161 latronum
1181 2114 1230 2160 aut
1242 2124 1307 2175 gen·

767 2185 834 2234 tium
848 2184 966 2234 ferarum
980 2180 1180 2257 incurqionibus
1193 2177 1255 2243 (διὰ
1267 2171 1308 2228 ol-

766 2251 902 2317 s'eopr'vqc
910 2244 966 2314 rsq‘
977 2243 1151 2307 ciddennaco
1160 2250 1208 2299 sol
1217 2239 1309 2310 ἄσφα-

765 2319 848 2387 λέος).
875 2320 952 2383 Quod
962 2322 1044 2386 igitur
1056 2320 1163 2385 longior
1173 2324 1232 2369 erat
1241 2319 1309 2368 haec

765 2392 811 2442 via
825 2392 914 2457 regia,
931 2390 994 2440 inde
1007 2388 1182 2453 intelligitur,
1198 2405 1246 2438 cnr
1255 2388 1309 2451 Cy·

765 2476 811 2512 rus
832 2462 920 2511 minor
938 2463 1005 2508 natu
1028 2457 1081 2507 hac
1104 2459 1165 2522 ipsa
1184 2457 1310 2522 neglecta

766 2531 849 2581 aliam
875 2528 1036 2595 praetulerit
1058 2528 1134 2576 recta
1158 2540 1206 2590 per
1226 2526 1309 2576 Asiae

766 2600 877 2650 minoris
890 2603 984 2664 partes
996 2594 1181 2648 meridionalis
1191 2592 1228 2645 ad
1240 2595 1309 2645 inte-

766 2671 847 2721 rioris
868 2671 950 2720 Asiae
970 2668 1067 2732 plagas
1093 2665 1251 2728 ducentem,
1279 2670 1310 2714 nt

766 2746 841 2792 recte
854 2740 958 2789 monuit
972 2737 1043 2787 idem
1056 2736 1169 2800 Kiepert
1183 2735 1212 2783 in
1225 2749 1310 2785 anno-

768 2812 875 2860 tatione
887 2809 922 2858 sd
932 2805 1102 2871 Xenophont.
1116 2805 1203 2855 Anab.
1213 2805 1242 2867 1,
1253 2805 1309 2867 2,o

769 2879 811 2930 ed.
831 2878 964 2929 Hertlein.
986 2891 1041 2928 sec.
1082 2876 1121 2925 Ac
1140 2874 1256 2939 denique
1274 2873 1310 2923 ad

767 2949 952 2999 Herodcteam
975 2947 1046 2996 hanc
1062 2947 1125 2995 riae
1147 2943 1310 3009 descriptio-

769 3034 830 3069 nem
858 3021 1076 3081 accurstamque
1102 3012 1310 3064 intervallorum

767 3089 936 3138 notationem
951 3085 1025 3136 haud
1043 3083 1100 3134 scio
1114 3099 1150 3134 an
1164 3082 1232 3133 illud
1244 3098 1310 3147 qno-

767 3173 820 3224 que
831 3157 931 3219 iaciat,
946 3156 1018 3221 qnod
1031 3155 1114 3204 etism
1123 3153 1247 3215 Ctesias,
1263 3151 1309 3218 qui

766 3226 901 3278 Herodoti
919 3225 1007 3275 iertnr
1027 3228 1055 3274 et
1072 3222 1195 3274 aemulus
1213 3226 1241 3272 et
1263 3221 1311 3272 ob·

766 3300 914 3358 trectntor‚
936 3294 1032 3345 iuliae
1054 3294 1145 3358 operis
1164 3293 1198 3342 de
1211 3292 1309 3341 Persa-

766 3383 826 3417 rum
843 3367 924 3418 rebus
939 3364 1090 3426 conscripti
1107 3360 1221 3412 similem
1237 3374 1311 3425 pror·

766 3452 813 3487 sus
835 3437 865 3486 in
882 3435 990 3485 modum
1006 3434 1069 3484 riae
1087 3432 1220 3481 rationem
1242 3431 1312 3480 eius-

766 3522 820 3571 que
832 3503 1029 3571 longitudinem
1045 3501 1231 3561 indicarerat,
1250 3513 1311 3549 cum

169 3578 320 3642 praelectis
335 3576 393 3639 ipse
406 3576 505 3626 Noster
519 3573 650 3626 Sardibus
670 3589 715 3625 ae·
766 3578 795 3626 in
812 3576 957 3639 Excerptis
976 3571 1061 3637 (apud
1077 3568 1216 3635 Photinm)
1238 3572 1262 3631 5.
1277 3569 1311 3620 ot

167 3646 292 3712 ceperit,
307 3644 586 3696 fluxissecontendit:
609 3644 636 3694 id
658 3645 715 3709 qui·
765 3645 834 3696 haec
850 3645 990 3710 legantur:
1018 3632 1075 3689 clud
1092 3632 1213 3717 Ἐφέσουἱ
1230 3632 1310 3702 μέχρι

168 3718 231 3768 dem
256 3714 324 3765 rnihi
347 3729 453 3780 quoque
477 3729 571 3766 verum
595 3714 715 3776 videtur,
766 3709 901 3780 Βάκτρων
913 3703 1093 3772 καὶἸνδικῆς
1107 3699 1234 3773 ἄριθμος
1248 3720 1311 3756 σια-

168 3787 216 3853 qni
230 3791 390 3836 accuratam
403 3785 464 3835 viae
477 3784 563 3851 ipsius
577 3798 610 3834 ac
623 3784 717 3849 singu·
767 3781 868 3848 lipsio,
889 3774 1016 3847 ἡμερῶν,
1035 3774 1241 3843 παρασαγγῶν,
1263 3776 1311 3827 ubi

169 3857 257 3907 lorum
272 3852 477 3907 intervallorum
491 3854 661 3905 notationem
674 3849 718 3905 vel
768 3854 842 3906 conl.
857 3868 928 3918 qnae
947 3850 1079 3900 annotavi
1099 3863 1162 3914 pag.
1177 3847 1238 3899 217.
1269 3847 1313 3898 Dc

169 3942 184 3976 e
197 3925 315 3992 publicis
324 3925 469 3974 Persarum
483 3924 686 3976 commentariis
700 3937 717 3972 a
768 3922 925 3976 huiusmodi
950 3921 1004 3970 viis
1036 3922 1120 3984 atque
1146 3917 1313 3969 stationibus

168 3996 271 4047 Nostro
290 3994 423 4059 inspectis
443 3993 554 4045 ductam
579 4009 639 4044 esse
661 4007 718 4043 cre·
769 3994 833 4045 olim
848 3992 1016 4056 scripserant
1027 3990 1114 4039 Baete
1124 3993 1152 4039 et
1163 3989 1311 4052 Amyntas:

168 4067 233 4117 dam
248 4065 293 4116 rel
311 4080 329 4114 a
340 4064 484 4115 Persarum
501 4063 649 4130 praelectis
663 4063 717 4112 He·
767 4065 801 4115 de
815 4062 912 4128 quibus
927 4059 985 4111 rid.
998 4075 1070 4125 quae
1082 4074 1145 4109 mox
1157 4055 1312 4108 afferemus.

168 4137 270 4186 rodoto
283 4134 427 4199 quaerenti
439 4134 580 4185 traditam.
607 4135 649 4183 Ex
662 4132 717 4182 He·
807 4127 936 4192 σταθμοί
951 4142 982 4178 sa
1001 4124 1132 4193 πανταχῆ
1158 4122 1214 4176 alul
1235 4122 1314 4203 βασι-

169 4207 261 4257 cataei
273 4203 384 4267 tabula,
398 4206 426 4254 in
441 4220 495 4270 qua
506 4208 613 4269 praeter
625 4208 717 4253 terrae
769 4194 856 4267 tritor]
876 4202 1014 4251 Intactum
1036 4197 1149 4250 serrari
1173 4209 1313 4258 πανταχη,

169 4277 258 4327 totisrs
269 4274 403 4324 ambitum
413 4276 502 4324 maria
512 4278 619 4323 tantum
631 4278 659 4323 et
668 4272 717 4321 ilu-
767 4272 841 4323 baud
859 4269 1017 4321 mutandum
1035 4269 1064 4319 in
1081 4265 1229 4328 παντακῆς
1256 4263 1312 4313 vid.

169 4348 245 4396 mina
261 4342 400 4409 insculpta
413 4344 498 4395 fuisse
507 4344 607 4394 Noster
622 4342 717 4393 scribit
767 4346 837 4392 nott.
845 4340 880 4391 sd
889 4340 926 4401 ΙΙ,
941 4339 998 4390 124.
1008 4366 1039 4374 —
1051 4330 1175 4397 σταθμοὶ
1184 4348 1243 4384 cnm
1253 4348 1314 4398 pro·

171 4431 233 4482 esp.
245 4415 295 4475 49,
310 4414 422 4480 singula
433 4414 518 4480 igitur
527 4413 603 4473 loca,
621 4412 718 4463 statio·
741 4466 747 4480 ⁶
769 4413 827 4477 prie
838 4412 894 4462 sint
905 4424 1034 4475 pecorum
1045 4404 1156 4458 stabula
1170 4408 1219 4453 ant
1229 4402 1314 4453 homi·

171 4500 237 4549 nes,
251 4484 351 4548 nrbes,
367 4483 423 4534 alia
435 4482 510 4536 haud
523 4482 646 4535 indicata
658 4495 719 4535 esse
769 4497 832 4533 nurn
843 4482 871 4531 in
884 4492 946 4531 rnre
955 4477 1140 4529 habitantium
1150 4488 1231 4526 casae
1245 4470 1314 4539 (rid.

207 4590 375 4634 nnnonor.
396 4589 446 4633 111.
1101 4562 1121 4625 6

166 3438 248 3502 regia
268 3435 370 3499 tradit,
396 3451 429 3485 ex
449 3436 498 3487 illa
517 3436 653 3487 Hecataei
673 3439 715 3484 tn-

168 3508 253 3567 bnla‚
269 3505 372 3556 additis
387 3507 436 3563 iis,
456 3521 527 3571 quac
541 3519 559 3554 a
571 3506 715 3556 Persarum
