2998 5138
453 1076 624 1185 ingiter
650 1082 734 1165 hle
760 1078 937 1164 Valuini
963 1086 1131 1167 adiectae.

714 1344 864 1352 -.-..
1074 1316 1083 1351 ἆ

161 1563 170 1571 ’
263 1582 283 1631 1.
297 1596 366 1651 pag.
385 1579 444 1631 228.
473 1581 569 1645 Imago
588 1595 676 1646 aquae
696 1584 724 1630 et
737 1580 857 1646 regionis
870 1581 998 1649 Stygiae,
1018 1598 1052 1634 ex
1070 1598 1152 1648 opere
1170 1583 1251 1635 liberi
1266 1584 1350 1635 Baro·

475 1681 519 1731 nia
537 1680 571 1730 de
590 1680 786 1750 Staokelberg:
817 1685 859 1735 La
877 1683 975 1736 Greee.
1006 1684 1080 1736 Vues
1097 1685 1280 1751 pittoreaquea
1298 1690 1350 1735 eto.

474 1783 516 1834 121.
535 1767 620 1833 xvn.
641 1780 678 1833 ad
694 1785 825 1835 nemrot.
846 1787 898 1849 vr,
917 1786 958 1835 74.

159 1930 161 1933 ,
244 1887 280 1937 ΙΙ.
300 1903 363 1953 pag.
382 1884 440 1937 4⁴29.
471 1885 566 1950 Imago
583 1885 767 1937 Marathonia:
786 1887 841 1937 vid.
861 1887 976 1938 Glarke:
994 1887 1110 1938 Travela
1128 1888 1168 1951 11,
1187 1886 1211 1937 3.
1231 1904 1296 1954 pag.
1311 1888 1349 1940 12.

475 1986 510 2037 ad
526 1987 658 2051 Herodot.
677 1988 729 2050 VI,
750 1987 806 2038 102.

231 2088 282 2140 III.
301 2106 366 2156 pag.
384 2087 442 2141 435.
471 2091 567 2157 Imago
579 2090 658 2140 Darii
671 2106 731 2140 oum
743 2092 889 2142 Persarum
905 2091 1064 2157 proceribus
1082 2091 1115 2141 de
1135 2091 1349 2143 Graecia'inva-

472 2192 562 2242 denda
574 2191 767 2253 deliberantie3
786 2193 840 2243 vid.
854 2197 921 2243 nott.
936 2192 971 2243 ad
983 2192 1085 2243 Herod.
1098 2193 1163 2255 VII,
1178 2192 1201 2244 1.
1214 2209 1277 2260 pag.
1289 2193 1347 2246 430.

223 2283 279 2345 '1v.
298 2310 361 2360 pag.
380 2292 438 2344 504.
468 2294 626 2346 Delineatio
639 2293 814 2360 Hellesponti
832 2299 859 2345 et
876 2294 966 2360 pontia
982 2293 1123 2359 utriusque
1141 2311 1158 2345 a
1170 2296 1261 2346 Xerxe
1279 2302 1349 2348 atru-

471 2397 523 2460 oti,
543 2397 578 2447 ad
595 2397 726 2447 Herodot.
743 2397 810 2461 VII,
828 2394 870 2447 30.

245 2499 278 2569 V.
297 2516 361 2566 pag.
380 2498 438 2550 717.
469 2500 626 2552 Delineatio
649 2499 769 2565 regionis
786 2499 1043 2566 Thermopylarum,
1072 2499 1107 2550 ad
1129 2498 1261 2551 Herodot.
1284 2501 1346 2563 VII,

472 2601 532 2665 170,
550 2603 598 2654 ubi
615 2603 669 2652 vid.
688 2607 757 2651 nott.

230 2705 277 2756 VI.
295 2721 359 2772 pag.
378 2703 436 2755 798.
465 2705 561 2771 Imago
584 2705 703 2755 faucium
728 2703 763 2753 ad
780 2703 990 2770 Thermopylae:
1018 2704 1071 2753 vid.
1091 2702 1207 2755 Glarka:
1230 2706 1344 2756 Travela

469 2807 510 2868 11,
528 2805 553 2856 3.
573 2822 637 2872 pag.
655 2802 791 2854 238-240
809 2809 836 2854 ot
857 2805 893 2854 of.
912 2809 979 2854 nott.
1000 2804 1035 2853 ad
1052 2804 1184 2857 Herodot.
1201 2805 1265 2867 VII,
1283 2806 1340 2856 225.

215 2908 277 2961 vn.
295 2924 361 2976 pag.
378 2907 438 2959 ⁸24.
467 2905 627 2957 Delineatio
646 2905 736 2972 campi
753 2905 934 2969 Marathonii,
958 2905 993 2956 ad
1009 2906 1125 2957 Exoura.
1143 2907 1181 2958 VI
1204 2906 1239 2958 ad
1256 2905 1341 2957 Hero·

468 3008 524 3059 dot.
543 3008 593 3073 VI,
616 3006 672 3059 102.
