2970 5128
187 362 250 431 202
619 364 888 431 HERODOTI

178 541 342 633 Ἕλληνας
356 532 449 613 οὗτοι
470 544 610 613 έιέλεον.
647 529 795 625 ἔλεξαθέ
807 546 903 633 μέχρι
917 546 1064 633 Περσέος
1084 550 1185 615 τοῦδε
1199 549 1325 631 εἵνεκα,

187 644 264 718 ἀλλ’
282 644 345 717 oris
360 644 529 717 ιἰνέιιαθεν
543 653 592 717 έτι
608 652 748 735 ἔλαβον,
769 644 820 716 ότι
833 645 896 716 οὐκ
915 654 1028 718 ἔπεστι
1043 651 1217 739 ἐπωνυμίη
1232 658 1325 738 Περ-

188 756 242 822 σέι
252 748 394 839 οὐδεμία
407 749 532 842 πατρὸς
545 756 693 839 θνητοῦ,
713 746 826 839 ὥσπερ
835 747 993 841 Ἡρακλέι
1001 750 1226 841 Ἀμφιτρύων.
1259 750 1327 842 ἤδη

189 848 238 926 όν
249 851 346 948 ὀρθῷ
356 855 444 948 λόγῳ
458 857 636 948 χρεωμένῳ
650 857 745 942 μέχρι
759 860 820 924 τοῦ
830 857 977 945 Περσέος
989 854 1102 945 ὀρθῶς
1116 863 1247 945 είρηιαί
1257 884 1327 945 μοι.

188 957 254 1030 ind
269 959 307 1028 01
320 959 474 1045 Δανάης,
494 964 551 1048 τῆς
563 956 731 1046 Ἀκρισίον
739 1011 748 1043 ,
770 963 985 1048 καταλέγοντι
1000 958 1079 1040 τούς
1093 958 1166 1030 ἅνω
1180 963 1246 1029 niel
1260 987 1328 1029 αα-

189 1065 286 1154 ιέρας
307 1059 420 1131 αὐτόν
442 1067 619 1151 φαινοίατο
640 1055 685 1130 ἂν
705 1060 817 1144 έόνιες
838 1068 873 1133 ολ
889 1068 959 1133 των
979 1065 1143 1151 Δωριέων
1164 1060 1330 1153 ἡγεμόνες

192 1167 372 1255 Αἰγύπτιοι
395 1167 579 1253 ἰθαγενέες.
613 1170 718 1234 ταῦτα
733 1169 796 1253 μέν
809 1193 893 1253 νυν,
913 1163 1164 1256 κατόἝλληνες
1178 1168 1327 1254 λέγουσι,

144 1268 480 1361 54γεγενεηλόγηιαι.
526 1266 582 1349 Ὡς
610 1268 646 1338 δὲ
673 1265 871 1357 όΠερσὲων
896 1269 993 1358 λόγος
1013 1274 1143 1358 λέγεται
1151 1323 1161 1357 ,
1188 1267 1329 1352 αότόςό

191 1446 267 1507 dedi,
287 1450 318 1495 ut
337 1457 526 1522 semper„13ro
547 1431 682 1521 ⁰⁸3⁰§lst'llr
707 1448 734 1493 et
783 1448 896 1508 gnatum
916 1458 976 1494 esse
989 1440 1137 1505 Persem,
1159 1443 1206 1508 qui
1225 1457 1258 1492 ex
1272 1444 1329 1492 An-

191 1516 273 1583 panlo
287 1514 566 1577 inferinsnornvpro
579 1505 697 1563 αντέων.
783 1512 915 1563 dromeda
951 1515 1078 1576 genuerit
1117 1513 1326 1575 Achaemenem,

225 1579 309 1651 ὀρθῷ
323 1579 395 1651 λόγῳ
411 1577 570 1649 χρεωμένῳ]
599 1581 733 1646 01.1λ,88
785 1582 878 1647 stirpis
897 1582 1043 1634 Persarum
1063 1583 1154 1648 regiae
1175 1588 1327 1635 auctorem.

192 1655 284 1721 ibique
301 1660 370 1705 nott.
400 1654 432 1703 In
444 1653 564 1717 proxime
576 1665 652 1716 seqq.
673 1667 734 1702 cum
783 1652 863 1702 Unde
875 1653 916 1703 ita
927 1652 1045 1703 discedit
1056 1652 1239 1718 Apollodorus
1251 1651 1328 1715 (coll.

191 1723 321 1787 Wessel.‚
337 1721 487 1788 Schweigh.
501 1727 528 1772 et
542 1727 657 1772 reeentt.
671 1721 745 1771 edd·
784 1721 887 1774 Herod.
902 1723 969 1783 Vll,
984 1721 1045 1787 61),
1062 1728 1094 1772 ut
1108 1723 1238 1773 Perseum
1251 1722 1328 1772 loris

192 1794 304 1844 exhibui
321 1790 446 1856 είρηιαι,
465 1790 537 1857 quod
549 1791 661 1857 praebet
673 1791 736 1841 Flo·
785 1791 937 1842 acDanaiis
946 1790 1038 1853 filium,
1050 1797 1196 1858 antequam
1205 1792 1235 1841 in
1244 1792 1330 1842 Grae-

192 1866 315 1916 rentinus
332 1863 400 1913 liber
420 1877 479 1912 cunr
500 1862 635 1911 Parisinis
654 1860 733 1911 codd.
784 1861 855 1911 ciem
881 1862 1018 1924 venisset,
1045 1862 1200 1927 suscepisse
1224 1861 1330 1912 scribat

192 1934 346 1985 Gronovius
364 1937 391 1983 et
404 1929 567 1981 Sohaeferus
584 1947 598 1980 e
610 1931 734 1981 Mediceo

192 2004 308 2069 aliisque
328 2007 488 2067 receperant
510 1994 645 2063 είρέαται,
665 2016 734 2067 quae

192 2080 235 2125 est
256 2073 340 2122 tertia
359 2086 475 2137 persona
491 2070 603 2135 pluralis
626 2069 668 2135 (ut
685 2070 733 2132 lv,

192 2143 236 2193 81.
249 2144 314 2205 Vll,
327 2142 369 2192 81.
382 2138 444 2204 90),
459 2139 550 2190 aliena
565 2139 613 2190 illa
625 2141 734 2205 quidem

192 2212 226 2262 ab
239 2212 290 2262 hoc
303 2211 373 2275 loco,
387 2210 433 2260 ubi
448 2209 594 2274 singularis
608 2224 736 2261 numerus

192 2283 348 2347 requiritur.
369 2279 414 2331 Sic
424 2276 534 2342 εἴρηται
544 2279 591 2343 Vl,
602 2282 644 2342 55,
659 2281 735 2330 item·

193 2367 245 2417 que
259 2351 328 2413 vll,
344 2350 388 2402 83.
409 2348 452 2401 93.
472 2347 507 2400 00
526 2348 603 2400 libris
622 2350 734 2415 scriptis

192 2421 317 2473 omnibns
343 2419 586 2471 consentientibus.
605 2446 610 2453 ·
626 2418 666 2469 Ad
693 2435 734 2481 ea,

192 2507 263 2557 qnae
287 2494 449 2557 sequuntur:
479 2481 536 2539 ἀπὸ
563 2482 594 2537 θλ
617 2482 735 2551 Δανάης

193 2559 243 2626 τῆς
258 2551 397 2624 Ἀκρισίον
415 2575 440 2609 ιι.
457 2575 481 2610 r.
497 2558 521 2610 λ.
544 2559 580 2610 ei.
593 2558 733 2609 Plutarch.

192 2632 229 2681 11.
243 2648 269 2696 p.
283 2631 374 2684 85711.
400 2630 501 2679 Vocem
517 2621 658 2692 ἰθαγενὴς
669 2630 735 2678 atti-

191 2702 219 2765 gi
235 2700 269 2751 sd
282 2701 373 2765 11,17.
392 2700 492 2749 Glossa
504 2699 662 2749 Herodotea
674 2698 734 2749 red-

192 2771 234 2821 dir
247 2764 278 2819 οί
289 2761 400 2834 γνήσιοι
411 2765 520 2825 ιιαίθες.
546 2769 592 2820 Sic
604 2768 677 2833 apud
685 2768 736 2817 lle·

192 2840 277 2904 schyl.
300 2841 375 2890 Pers.
398 2837 449 2889 300
473 2833 606 2902 Τενάγων
624 2831 652 2886 ι’
672 2830 734 2901 ἀρι-

192 2904 273 2966 στεός
295 2908 443 2973 Βακτρίων
468 2900 641 2972 ἰθαγενὴς
667 2908 736 2958 dici-

193 2985 250 3029 tur:
277 2979 311 3028 ad
331 2994 409 3044 quem
427 2978 515 3028 locum
534 2979 613 3041 plura
632 2977 734 3028 similia

192 3047 288 3099 attulit
301 3046 450 3098 Blomfield.
464 3049 491 3097 in
502 3046 652 3097 Glossario.

238 3111 309 3165 κατὰ
322 3107 455 3179 Ἓλληνες
480 3109 608 3181 λέγουσι]
645 3117 734 3182 Vulgo

192 3178 263 3236 αατό
276 3182 323 3235 rei:
348 3187 473 3251 equidem
485 3184 574 3237 delevi
592 3178 640 3249 toi,
656 3203 734 3237 secu-

191 3262 237 3307 tus
256 3256 395 3307 Struvium
418 3255 446 3304 in
463 3256 580 3318 Specim.
606 3255 630 3308 I.
650 3271 678 3321 p.
700 3256 733 3308 30

192 3326 329 3391 (Opusec.
348 3326 385 3375 ΙΙ.
405 3340 468 3390 pag.
483 3324 551 3390 304)
570 3328 598 3374 et
618 3326 734 3378 Bredor.

192 3410 255 3459 peg-
272 3395 321 3455 93,
339 3411 400 3445 eum
414 3387 485 3444 κατὰ
497 3395 614 3460 positum
632 3397 670 3445 sit
684 3412 734 3462 pro

192 3454 265 3513 καθ’
285 3454 318 3525 όὶς
343 3465 467 3529 idemque
485 3464 538 3515 feei
560 3466 587 3526 1,
604 3466 663 3515 208.
685 3468 734 3529 1v,

192 3536 226 3585 70
241 3542 269 3585 et
281 3535 348 3597 201,
363 3535 411 3585 ubi
426 3535 483 3587 vid.
498 3539 568 3584 nott.
592 3541 620 3585 et
637 3538 674 3594 V,
689 3536 733 3587 80.

192 3603 250 3655 112.
263 3604 310 3668 Vl,
323 3605 367 3655 88.
390 3605 476 3657 Verbo
487 3603 663 3668 γενεηλογεῖν
674 3604 737 3671 (orl-

189 3678 271 3739 ginem
284 3677 398 3741 generis,
416 3676 504 3737 stirpe
525 3674 669 3740 recensere)
683 3674 733 3725 ali·

192 3746 300 3810 quoties
316 3746 416 3796 Noster
430 3746 531 3794 utitur:
557 3744 599 3807 ΙΙ,
614 3746 657 3795 01.
674 3746 732 3798 148.

194 3814 253 3867 140.
268 3815 320 3878 111,
334 3816 376 3865 75.

383 3986 448 4041 Car.
467 3986 540 4037 LIV.

184 4152 190 4161 ·
219 4078 267 4147 Ὡς
286 4083 318 4139 cll
333 4079 349 4138 ό
365 4085 497 4152 Περσέων
517 4082 600 4154 λόγος
615 4084 732 4156 λέγεται]

191 4160 295 4210 Eadem
317 4159 374 4211 lere
402 4160 435 4209 de
459 4161 601 4210 Persarum
628 4162 733 4225 origine

783 1930 898 1993 Persen,
918 1946 935 1980 a
954 1946 1008 1996 quo
1021 1933 1095 1996 apud
1112 1930 1249 1997 Cepheum
1261 1931 1327 1981 reli-

785 2005 829 2050 cto
850 2001 983 2066 originem
1004 2000 1107 2052 ducant
1119 2002 1264 2052 Persarum

783 2085 840 2134 ges.
874 2070 931 2120 Nos
946 2070 1012 2120 illud
1026 2076 1181 2123 teneamus:
1201 2074 1230 2121 in
1241 2016 1330 2131 tofi

785 2138 895 2189 fabulae
922 2140 1148 2206 significationem
1179 2140 1329 2207 inquirenti

784 2225 846 2259 mox
857 2224 1002 2274 apparere,
1023 2214 1169 2262 tesserario
1183 2210 1263 2262 modo
1282 2210 1330 2260 hic

785 2278 835 2329 snb
861 2278 1015 2330 fabularum
1042 2280 1190 2331 involueris
1210 2280 1329 2331 indicari

784 2350 870 2413 ipsius
890 2354 981 2399 terrae
1004 2350 1188 2400 conditionem
1206 2350 1330 2415 solisque

782 2420 838 2470 vim
849 2420 878 2469 in
891 2418 978 2469 solum
992 2419 1084 2470 sterile
1099 2425 1181 2485 atque
1197 2426 1280 2470 tenue
1292 2419 1328 2468 ad

784 2488 1073 2553 nugamentorum,
1088 2489 1330 2556 PersanmqneSo-

782 2558 817 2607 lis
831 2559 909 2608 deum
923 2575 983 2610 esse
998 2559 1162 2625 heroiimque
1180 2561 1243 2614 inde
1257 2557 1330 2609 cele-

784 2629 859 2677 brari
877 2628 976 2680 sortem
989 2645 1022 2680 ae
1034 2635 1188 2693 strenuum,
1206 2630 1265 2679 sive
1278 2631 1331 2679 Aa·

784 2699 886 2763 syrium
899 2698 957 2749 sive
967 2700 1078 2750 Persam
1090 2700 1149 2750 sire
1162 2700 1329 2765 Aegyptium

783 2768 842 2817 sive
854 2768 970 2833 denique
979 2768 1128 2820 Graecum:
1144 2768 1199 2818 vid.
1208 2768 1328 2820 Preller:

784 2837 936 2903 Mytholog.
948 2838 984 2888 ll.
997 2853 1025 2903 p.
1036 2839 1069 2889 41
1082 2853 1157 2903 seqq.
1170 2839 1211 2899 50,
1226 2837 1330 2889 Raoui-

784 2906 931 2958 Roehetie:
951 2907 1032 2959 uem.
1050 2909 1085 2957 de
1097 2906 1202 2958 l'riead.
1217 2907 1266 2957 des
1280 2907 1328 2956 ln-

784 2977 878 3042 script.
893 2983 946 3028 ete.
957 2977 1045 3030 XVII.
1061 2978 1091 3026 P.
1103 2978 1128 3030 2.
1146 2993 1171 3041 p.
1184 2976 1227 3039 71,
1240 2977 1330 3027 Choix

784 3046 818 3097 de
836 3048 958 3098 Peintur.
985 3047 1018 3097 de
1035 3046 1157 3111 Pompej.
1181 3062 1245 3112 pag.
1268 3046 1329 3108 187,

784 3116 941 3167 Rawlinson
956 3117 999 3165 in:
1017 3115 1133 3166 Journal
1147 3116 1177 3166 oi
1190 3116 1236 3167 the
1248 3116 1330 3166 Asia·

785 3186 822 3237 tic
834 3186 944 3249 Sociely
957 3186 1020 3248 XV,
1033 3187 1059 3234 2.
1073 3200 1135 3252 pag.
1153 3188 1219 3249 257,
1233 3186 1330 3236 Grole-

784 3255 864 3305 send:
882 3257 1064 3320 Erluuterung
1084 3256 1110 3306 d.
1127 3255 1329 3306 Keiliuselrriit.

784 3325 911 3391 babylon.
922 3325 1086 3376 Baelrsteine
1096 3324 1235 3390 (Hannov.
1248 3326 1329 3387 1852)

783 3410 846 3459 pag.
861 3397 902 3446 22.
929 3394 1028 3458 Qualia
1040 3410 1101 3445 cum
1112 3396 1233 3447 Persicis
1246 3397 1274 3444 in
1287 3411 1331 3444 re-

782 3465 930 3529 ligionibus
943 3465 1045 3515 Mithra
1061 3465 1231 3526 indicentur,
1248 3464 1329 3515 intel-

784 3534 891 3599 ligetur,
904 3550 994 3599 spero,
1008 3535 1073 3600 quid
1086 3534 1140 3585 sibi
1153 3533 1329 3585 velitGraeci

784 3602 873 3653 herois
889 3605 963 3668 origo
976 3606 1086 3654 Persica
1105 3619 1219 3669 regesve
1230 3606 1330 3655 Persa·

783 3688 842 3722 rum
862 3689 879 3723 n
894 3675 1000 3723 Graeco
1018 3673 1100 3725 herois
1116 3675 1234 3725 oriundi.
1273 3673 1329 3726 Sed

785 3742 819 3794 de
833 3742 884 3793 hoe
898 3744 1166 3809 exponerelongnm,
1183 3760 1234 3794 uec
1247 3744 1328 3794 huius

783 3811 846 3865 loci.
871 3814 933 3863 Vid.
947 3813 1072 3864 Creuser.
1087 3813 1207 3878 Symbol.
1222 3814 1246 3865 Ι.
1263 3829 1328 3879 pag.

783 3882 835 3933 280
850 3897 926 3948 seqq.
945 3885 991 3934 1v.
1008 3899 1035 3948 p.
1049 3883 1101 3934 288
1118 3898 1176 3949 seq.
1196 3884 1239 3934 ed.
1252 3888 1327 3947 tert,

783 3953 853 4016 quie
864 3952 967 4018 duplici
975 3952 1022 4004 illa
1029 3952 1112 4016 sama,
1120 3954 1328 4019 quaePeraeam

784 4022 864 4072 modo
882 4025 1023 4086 Assyrium
1047 4024 1213 4088 Persemque
1238 4023 1326 4088 fingit,

784 4092 863 4142 modo
875 4093 1053 4158 Aegyptium,
1073 4092 1124 4144 hoo
1142 4098 1216 4144 certe
1234 4093 1327 4157 colligi

782 4177 863 4228 posse
878 4163 1007 4213 observat
1023 4178 1056 4214 ex
1071 4168 1188 4228 utraque
1204 4164 1326 4228 regione,

191 4230 259 4294 Vll,
279 4230 329 4281 150
341 4228 403 4280 coll.
419 4229 462 4280 01.
480 4229 634 4295 Apollodor.
649 4231 679 4281 ΙΙ
686 4268 694 4293 ,
706 4233 733 4293 4,
783 4233 1327 4299 exAegyptoaequeacsnperiorisrlaiae

191 4301 222 4363 5,
239 4299 286 4349 ubi
298 4299 353 4352 rid,
367 4299 470 4365 Heynii
482 4298 614 4354 Obserrv.
636 4317 663 4365 p.
686 4302 732 4351 127
783 4307 874 4353 tractu
891 4304 1054 4354 Graecarum
1069 4302 1231 4368 religionum
1245 4304 1328 4355 semi—

191 4375 219 4419 et
231 4369 354 4434 Xenoph.
367 4370 466 4434 Cyrop.
477 4370 501 4432 Ι,
513 4371 539 4433 2,
552 4370 575 4419 1.
593 4372 618 4421 N
620 4385 663 4420 sm
675 4371 733 4420 vul·
783 4387 819 4421 na
832 4377 914 4437 atque
925 4374 1007 4423 initia
1019 4373 1167 4437 repetenda
1181 4387 1250 4423 esse.
1278 4374 1329 4422 At·

191 4454 226 4507 go
239 4439 409 4500 intrudunt,
420 4454 437 4489 a
447 4439 512 4492 love
523 4456 555 4490 ac
565 4440 661 4490 Danai
671 4456 733 4506 pro·
783 4458 836 4508 qne
849 4442 931 4494 etiam
943 4443 1084 4509 Koeppen.
1102 4442 1139 4507 (N
1141 4443 1261 4509 ordgest.
1277 4443 1327 4496 des
