3052 5134
216 406 277 475 372
651 402 920 475 HERODOTI

215 585 372 675 βώσαντα
387 584 425 653 δὲ
438 582 476 653 τό
490 580 618 671 οὕνομα
633 587 694 652 τοῦ
708 588 941 652 Φειδιππίδεω
954 579 1013 650 τόν
1025 585 1125 650 Πᾶνα
1140 577 1351 670 Ἀθηναίοισι

215 695 371 758 κελεῦσαι
391 686 607 774 ἀπαγγείλαι,
633 686 718 756 διότι
741 689 869 757 ἑωυτοῦ
889 682 1053 773 οὐδεμίαν
1068 687 1262 773 ἐπιμέλειαν
1274 711 1350 755 ποι·

216 798 349 879 εὖνται,
374 791 486 871 ἐόντος
509 789 631 860 εὐνόου
655 789 881 891 Ἀθηναίοιση,
911 791 968 858 καί
990 794 1138 878 πολλαχῆ
1164 792 1351 877 γενομένου

215 895 280 985 ἤδη
298 903 394 983 σφίσι
414 901 595 984 χρησίμου,
620 892 659 963 τά
681 891 713 963 δ’
731 901 779 962 ἔτι
800 896 857 962 καί
873 895 1043 981 ἐσομένου.
1085 895 1150 961 Καὶ
1170 897 1274 961 ταῦτα
1287 893 1351 980 μὲν

211 997 403 1087 Ἀθηναῖοι,
418 998 654 1067 καταστάντων
664 1005 760 1085 σφίσι
775 989 813 1066 εὖ
824 994 888 1086 ἤδη
897 1002 966 1065 τῶν
976 995 1197 1084 πρηγμάτων,
1211 996 1349 1065 πιστεύ-

215 1105 333 1182 σαντες
348 1101 434 1171 είναι
448 1099 594 1190 άληδέα,
618 1102 799 1190 ίδρόσαντο
815 1097 883 1170 ὑπὸ
902 1106 943 1191 τη
962 1097 1123 1188 ἀκροπόλι
1136 1097 1249 1181 Πανός
1264 1098 1350 1188 ἱρόν,

215 1285 271 1320 rem
291 1271 470 1335 igneumque,
493 1271 566 1319 vitae
584 1270 689 1318 semina
709 1270 757 1334 qui
806 1268 898 1331 λείαν,
919 1268 1054 1317 intactum
1073 1266 1185 1332 reliqui,
1205 1266 1271 1317 licet
1285 1268 1349 1317 Bre-

215 1340 354 1390 continest
367 1347 464 1390 etcum
476 1338 636 1389 Prometheo
647 1354 758 1404 compo·

214 1415 306 1471 natur,
320 1409 410 1458 Lucidi
418 1409 577 1473 cognomine
585 1409 756 1473 insignitum.

214 1478 358 1530 Caeterum
377 1478 413 1528 ad
427 1478 496 1528 hanc
511 1479 643 1527 Herodoti
661 1493 756 1528 narra-

215 1550 317 1599 tionem
331 1547 363 1598 de
374 1548 449 1598 Pano
461 1548 534 1598 conf.
544 1549 663 1597 Pausan.
677 1548 700 1609 Ι,
711 1550 754 1598 28.

213 1622 238 1681 ᾗ.
252 1622 278 1669 4.
291 1618 369 1681 Vlll,
381 1618 424 1671 ot.
439 1621 463 1681 ξ.
474 1618 501 1669 5.
515 1617 615 1667 Suidas
627 1633 648 1667 s.
661 1633 686 1665 v.
699 1609 754 1666 ‘Irr-

213 1687 281 1745 πίας
296 1689 328 1738 Τ.
344 1688 367 1740 I.
383 1702 445 1753 pag.
463 1688 521 1738 142.
536 1688 650 1737 Lucian.
667 1686 751 1737 Diall.

214 1757 300 1806 deorr.
322 1759 369 1819 22,
391 1758 406 1807 3
425 1762 452 1807 et
470 1758 518 1806 Bis
539 1771 631 1807 accus.
649 1756 676 1806 9.
711 1758 753 1807 Do

212 1826 316 1876 Pericle
338 1825 427 1876 similo
444 1826 510 1890 quid
534 1825 605 1890 apud
625 1826 751 1878 Frontis.

213 1896 333 1959 Strateg.
350 1895 378 1955 Ι,
396 1895 436 1945 ll.
454 1896 493 1945 10.
531 1896 584 1957 Qui
601 1910 687 1960 nuper
700 1895 755 1945 He·

212 1966 326 2015 rodotea
336 1966 440 2028 attigit,
452 1964 623 2014 Schoemann
633 1967 676 2014 in:
690 1966 753 2014 Pro-

213 2034 264 2086 lus.
279 2036 312 2083 de
324 2031 419 2097 religg.
433 2038 530 2083 exterr.
545 2049 591 2098 ap.
605 2034 753 2084 Athenien·

213 2119 256 2153 ses
270 2102 481 2166 (Gryphiswald.
495 2102 582 2166 1857).
595 2118 659 2167 pag.
676 2105 717 2163 17,
729 2105 752 2154 is

211 2187 317 2222 omnem
336 2172 519 2221 narrationem
539 2171 572 2221 de
589 2172 751 2238 Phidippide

212 2248 239 2293 et
262 2242 347 2291 Panis
373 2241 460 2292 sacris
483 2242 609 2307 festoque
630 2241 752 2292 fabulam

211 2327 270 2362 esse
283 2316 364 2376 putat
376 2313 571 2376 „compositam
583 2326 631 2361 seu
643 2311 678 2361 ab
692 2313 752 2378 ipso

209 2381 371 2446 Phidippide
386 2383 445 2431 sive
463 2382 498 2431 ab
518 2381 595 2444 aliis,
612 2397 665 2446 quo
681 2383 751 2431 laci-

209 2451 263 2502 lius
279 2450 394 2516 populus
406 2452 441 2501 ad
454 2451 582 2502 honorem
595 2453 699 2516 agresti
710 2450 751 2501 illi

211 2528 238 2571 ct
258 2522 336 2586 quasi
356 2521 389 2570 ds
407 2521 484 2586 plebe
506 2522 542 2586 (l)
566 2520 616 2571 deo
633 2527 689 2570 tam
710 2523 750 2571 in·

209 2592 314 2655 signem
339 2589 491 2640 habendum
516 2591 748 2656 permoveretur.¹‘

210 2661 307 2722 Addit,
329 2660 417 2710 videri
428 2660 480 2710 hoo
495 2659 639 2711 consilinm
660 2667 747 2711 ortum

209 2736 272 2794 post
289 2734 408 2795 pugnam
424 2730 529 2781 demum
545 2729 747 2780 Marathoniam

208 2805 236 2849 et
245 2805 356 2865 propter
366 2801 452 2865 ipsum
464 2808 571 2864 pugnae
580 2801 676 2855 locum,
687 2816 748 2851 cum

208 2868 349 2933 probabile
362 2872 411 2929 sit,
432 2870 459 2917 in
477 2869 528 2919 huc
540 2871 651 2920 Atticae
663 2878 747 2936 parte

208 2939 301 3002 pecori
329 2940 417 3003 magis
452 2955 532 3003 quam
564 2941 748 3003 agriculturae

208 3015 274 3071 apta
285 3010 338 3056 iam
358 3015 441 3058 antea
452 3008 529 3058 Paua
545 3009 579 3057 ab
591 3009 689 3058 incolis
701 3025 748 3074 pa-

207 3077 327 3127 storibus
350 3082 378 3126 et
396 3078 507 3127 rusticis
528 3077 629 3128 cultum
651 3079 746 3141 luisse,

807 1338 905 1388 dorius
921 1336 997 1401 (pag.
1018 1335 1079 1400 128)
1101 1336 1238 1401 praeierat
1256 1328 1348 1398 ἐπιμε-

806 1405 923 1471 λείην,
938 1422 987 1456 nec
1002 1410 1088 1471 magis
1100 1412 1208 1457 secutus
1222 1421 1280 1455 sum
1292 1407 1347 1456 Ns-

807 1478 899 1528 herum
919 1478 946 1525 in
965 1477 1134 1541 Mnemosyn.
1152 1477 1206 1527 111.
1219 1491 1280 1541 pag.
1295 1477 1347 1526 482

805 1552 867 1611 post
883 1544 1008 1609 πολλαχῆ
1027 1547 1189 1596 inserentem
1208 1545 1274 1607 με’νς
1299 1546 1347 1595 sed

805 1613 885 1678 σφίσι
912 1616 974 1665 dedi
996 1631 1058 1665 cum
1077 1614 1296 1680 Schweighaeus.
1318 1620 1346 1665 et

804 1685 971 1747 Gaislordio‚
987 1686 1034 1736 ubi
1044 1685 1143 1771 reliqui
1154 1686 1274 1735 editores
1284 1697 1346 1748 σφι.

804 1755 883 1818 Quod
896 1756 1021 1819 sequitur
1033 1746 1068 1803 τά
1081 1752 1099 1801 δ
1122 1794 1128 1817 ,
1145 1754 1193 1804 ubi
1203 1770 1258 1803 non
1269 1769 1347 1818 prae·

803 1827 888 1876 cessit
902 1820 937 1873 τά
951 1817 1017 1890 μὲν,
1039 1825 1134 1889 attigit
1148 1823 1283 1874 Matthiae
1297 1826 1345 1875 Gr.

803 1894 848 1945 Gr.
863 1898 888 1958 ξ.
900 1896 960 1945 288.
972 1900 1029 1944 not.
1039 1898 1063 1944 4.
1090 1894 1169 1960 Apud
1179 1895 1346 1943 Pausaniam

802 1964 819 2015 l.
834 1980 917 2028 supra
936 1965 954 2015 l.
967 1963 1035 2015 haec
1053 1966 1093 2013 ita
1109 1964 1268 2014 traduntur:
1294 1957 1345 2012 τόν

803 2029 835 2081 δὲ
848 2030 932 2082 Πάνυ
951 2024 966 2083 ὁ
981 2030 1172 2098 Φειδιππίδης
1185 2027 1260 2098 ἔλεγε
1279 2029 1345 2097 περὶ

803 2098 835 2151 τὸ
847 2093 917 2164 ὅρος
929 2096 1082 2167 ἐντυχόντα
1094 2098 1124 2152 ol
1133 2097 1165 2151 τὸ
1176 2096 1345 2165 Παρθένιον

803 2166 894 2236 φάναι
911 2188 938 2221 τε
952 2165 990 2229 τός
1003 2164 1105 2230 εὔνους
1122 2164 1286 2235 Ἀθηναίοις
1297 2170 1343 2237 riq

802 2238 850 2291 aul
867 2234 911 2291 ότι
927 2233 954 2301 ἐς
968 2240 1141 2307 Μαραθῶνα
1160 2236 1220 2306 ἥξει
1236 2256 1344 2306 συμμα-

800 2306 910 2377 χήσων·
939 2299 1023 2369 οὗτος
1036 2307 1088 2375 μὲν
1104 2301 1157 2362 οὖν
1175 2307 1191 2361 ὸ
1209 2305 1280 2369 θεὸς
1297 2305 1343 2361 ἐπὶ

800 2374 887 2446 ταύτῃ
902 2379 936 2448 τῇ
948 2374 1063 2451 άγγελίᾳ
1074 2381 1230 2446 τετίμηται.

839 2448 1038 2501 καταστάντων
1059 2451 1140 2515 σφίσι
1157 2438 1190 2501 sti
1208 2443 1265 2515 η”δη
1283 2447 1342 2499 τάν

799 2514 983 2587 πρηγμάτων]
1006 2525 1023 2570 i.
1041 2537 1064 2571 s.
1082 2522 1157 2572 rebar
1171 2521 1233 2572 berre
1250 2523 1342 2572 consti-

798 2594 866 2641 tatr'r.
897 2591 999 2642 Eodem
1012 2593 1090 2642 modo
1103 2594 1202 2644 Noster
1214 2592 1277 2651 vll,
1292 2591 1340 2642 132

799 2660 859 2710 coll.
879 2661 936 2713 le.

832 2722 988 2789 ίδρόσαντο
1001 2719 1059 2779 ind
1077 2727 1112 2794 τῇ
1126 2720 1267 2792 ἀκροπόλι
1280 2728 1340 2778 Πα-

797 2791 847 2857 νὸς
861 2792 938 2864 ἱρόν]
961 2800 1021 2851 Ηοο
1035 2800 1119 2852 Panis
1136 2800 1231 2851 lanum
1249 2800 1341 2851 hodie·

797 2886 848 2934 que
866 2875 1020 2920 monstrant
1037 2871 1086 2921 sub
1100 2873 1161 2935 ipsa
1179 2886 1242 2920 arce
1258 2872 1339 2919 situm

797 2938 870 2989 haud
892 2939 970 3005 louge
993 2940 1028 2990 ab
1055 2941 1179 3004 angustis
1200 2939 1339 3004 gradibus,

796 3010 893 3074 quihus
926 3025 943 3058 a
973 3011 1160 3073 septentrione
1188 3010 1222 3059 ad
1249 3025 1338 3060 arcem

797 3078 957 3130 escendunt.
987 3079 1063 3129 Cous.
1079 3080 1201 3145 Euripid.
1216 3079 1275 3129 Ion.
1288 3079 1340 3130 hott

207 3147 275 3196 adso
289 3152 320 3196 ut
332 3146 367 3195 ab
385 3147 435 3195 hoc
448 3147 497 3195 deo
511 3148 538 3196 in
555 3163 645 3212 pugna
656 3148 704 3198 illa
717 3163 746 3199 se
798 3164 873 3213 seqq.
907 3150 977 3211 Quin
995 3151 1063 3214 ipsis
1080 3150 1108 3199 iu
1126 3149 1337 3200 numishocia-

206 3215 318 3264 adiutos
335 3216 551 3265 existimaverint
565 3218 680 3282 indeque
699 3233 747 3282 pu·
797 3234 860 3268 num
871 3225 1025 3283 comparet,
1043 3219 1135 3284 dequo
1146 3219 1225 3284 plura
1234 3220 1336 3271 Kraser

206 3284 291 3335 blicos
316 3287 340 3335 ei
361 3284 475 3334 honores
496 3285 587 3334 deberi
607 3288 746 3338 iudicare·
796 3287 892 3339 Hellas
904 3288 944 3352 ΙΙ,
960 3291 983 3339 l.
998 3305 1060 3353 pag.
1078 3288 1211 3355 llllseqq.
1239 3290 1337 3340 Unde

205 3356 270 3405 rint.
298 3354 366 3404 Mihi
383 3371 493 3419 prorsus
507 3354 588 3405 aliter
603 3357 637 3407 do
649 3356 692 3405 his
705 3358 745 3407 vi·
796 3358 848 3408 hoc
863 3359 983 3408 sacrario
995 3358 1101 3408 consuli
1118 3359 1177 3409 vult
1189 3360 1294 3411 b‘tuart.
1308 3361 1336 3408 iu

205 3425 279 3486 deri,
295 3440 327 3475 ex
341 3426 389 3483 iis,
408 3441 478 3491 qnae
490 3441 573 3490 supra
587 3426 657 3487 diri,
676 3429 745 3477 satis
795 3429 908 3492 Antiqq.
928 3427 1027 3479 Athen.
1045 3429 1075 3477 P.
1095 3428 1132 3478 11.
1151 3445 1178 3492 p.
1197 3428 1249 3478 248
1263 3445 1334 3480 vers.

204 3500 329 3559 apparet.
794 3497 1193 3563 germanfflarmsuurs‘rs).
1218 3499 1262 3549 'l'u
1273 3498 1334 3549 add.

244 3558 375 3630 βώσαντα
388 3591 420 3599 -
433 3555 612 3628 ἀπαγγείλαι]
635 3564 745 3615 Oratio·
794 3567 899 3617 Lealrs:
918 3568 1109 3633 Topographie
1127 3584 1151 3617 v.
1167 3567 1258 3617 Athen
1272 3584 1334 3634 pag.

203 3634 247 3683 nis
264 3640 404 3685 structura
418 3632 510 3683 subito
525 3640 630 3711 mutata
646 3636 745 3697 pendet
798 3637 845 3686 126
858 3653 891 3687 ex
904 3652 974 3688 vers.
987 3640 1105 3704 Saupp.,
1118 3638 1240 3688 Vischer.
1258 3640 1336 3688 Erin-

203 3718 220 3751 a
240 3704 332 3752 verbis
368 3705 530 3767 rasgressis:
556 3720 593 3759 ως
610 3696 697 3761 αὐτός
714 3721 743 3754 τε
793 3707 1335 3773 ιιοτιιτιημιιι(ΙτίτοὴοοΙψομ,1115.ΙΙε

203 3765 276 3837 ἔλεγε
290 3720 481 3834 Φειόίππίδης
502 3769 550 3821 καὶ
567 3763 742 3838 Ἀθηναίοισι
793 3782 887 3827 αιτιοι
903 3778 987 3826 Panis
1007 3793 1090 3842 prope
1112 3778 1164 3827 hoc
1184 3780 1335 3828 sacrariam

201 3837 367 3906 α’πήγηελλες
381 3842 574 3904 cuinsgcneris
584 3844 684 3894 similia
695 3861 741 3894 no·
791 3845 904 3897 inventa
922 3848 1026 3897 monuit
1040 3848 1122 3898 Yates
1141 3847 1159 3901 l.
1174 3846 1192 3897 l.
1207 3863 1271 3913 pag.
1285 3851 1335 3906 463

202 3913 320 3962 lavimus
343 3913 378 3989 sd
391 3912 452 3975 ΙΙΙ,
467 3912 509 3962 14.
528 3914 580 3971 lV,
598 3914 622 3963 5.
638 3914 684 3973 95;
704 3915 740 3964 ad
792 3915 825 3964 ‹le
838 3916 901 3966 aliis
913 3915 993 3967 huius
1006 3919 1090 3967 Panis
1102 3917 1267 3981 imaginibus
1277 3919 1334 3968 rid.

200 3978 603 4059 ίοτωιιωβωσανταμίδωοῑλ.
616 3983 684 4043 adl,
700 3983 739 4034 10.
791 3982 821 4038 C.
835 3985 866 4035 0.
880 3987 1006 4037 Mueller:
1033 3986 1209 4051 Archaeolog.
1227 3990 1251 4050 ξ.
1272 3987 1332 4038 381.

200 4050 264 4100 Mox
275 4067 323 4114 pro
334 4050 666 4117 vulgat.evv0v1<00n.ad
675 4054 740 4104 Gre·
790 4060 847 4105 not.
867 4056 891 4106 7.
923 4056 986 4108 Huc
1006 4072 1114 4122 quoque
1133 4058 1254 4121 pertinet
1276 4073 1335 4108 soo-

200 4135 257 4183 gor.
272 4120 333 4173 Cor.
350 4121 392 4172 De
402 4120 466 4171 dial.
479 4120 539 4171 Ion.
555 4126 579 4185 5.
593 4124 634 4172 71.
648 4139 676 4188 p.
688 4124 741 4173 480
791 4123 857 4174 lium
878 4125 906 4174 iu
925 4124 968 4175 dei
986 4127 1113 4177 honorem
1133 4133 1197 4191 post
1215 4142 1332 4193 pugnam

200 4189 323 4253 Sabaei,
343 4192 474 4255 probante
493 4191 644 4255 Lambere,
663 4198 741 4242 resti·
790 4193 991 4246 Marathoniam
1002 4202 1142 4247 cantatum
1153 4196 1331 4262 spudllthsn.

199 4261 240 4309 tui
253 4260 311 4311 vult
328 4251 446 4311 εόνόουι
473 4261 545 4325 quod
563 4278 623 4312 cum
638 4264 740 4313 Bredo-
790 4263 853 4327 XV,
877 4267 914 4315 14.
936 4281 962 4330 p.
983 4266 1074 4317 11941).
1098 4266 1247 4331 (Analectt.
1264 4271 1332 4317 vett.

197 4333 244 4380 vio
261 4329 298 4394 (p.
318 4330 380 4393 248)
403 4336 431 4382 et
447 4331 588 4382 Dietschio
607 4334 739 4398 recipien-
790 4335 876 4397 politt.
888 4336 911 4385 l.
923 4349 950 4399 p.
965 4336 1225 4402 156.V111.T.1.p.
1240 4337 1274 4389 89
1288 4336 1330 4387 ed.

198 4396 260 4447 dum
280 4400 357 4463 duxi,
375 4416 435 4451 oum
449 4401 604 4452 Herodoteo
619 4402 739 4453 sermoni
788 4403 856 4467 lac,
870 4404 970 4469 Bergk.
985 4406 1076 4455 Poiitt.
1091 4407 1201 4471 Lyrico.
1214 4423 1241 4472 p.
1254 4404 1331 4469 1018)

196 4471 360 4529 conveniam
382 4472 455 4535 quod
479 4471 618 4523 antecedit
642 4463 736 4538 ἔπιμί-
788 4479 817 4523 et
832 4475 976 4541 inscriptio
990 4476 1075 4526 Panis
1089 4480 1198 4528 statuae
1213 4492 1230 4527 a
1245 4475 1333 4528 Simo·
