3052 5134
527 386 707 448 ERATO.
731 385 786 447 VI.
812 394 871 449 108.
1203 382 1264 444 379

132 572 252 633 λευον·
281 565 316 631 ol
332 561 370 632 δὲ
391 558 453 633 οὐκ
473 558 678 650 ἠπίστησαν,
701 555 774 628 ἀλλ’
793 555 985 646 Ἀθηναίων
1005 554 1061 647 λρόι
1077 556 1266 628 ποιεύντων

84 682 223 753 asarotos
244 665 376 736 δυόδεκα
397 677 509 736 θεοῖσι
528 667 633 736 ἱκέται
653 663 797 752 ἱζόμενοι
819 664 873 732 ἐπὶ
892 661 951 732 τὸν
971 659 1088 751 βωμόν
1106 665 1265 731 ἐδίδοσαν

18 760 20 839 l
131 773 237 858 σφέας
251 767 384 850 αὐτούς.
426 777 567 858 Θηβαῖοι
584 767 621 838 dl
634 767 822 855 πυθόμενοι
837 771 940 835 ταῦτα
955 762 1192 856 ἐστρατεύοντο
1211 768 1266 836 ἐπὶ

130 872 210 953 τούς
224 876 427 959 Πλαταιέας,
453 871 626 962 Ἀθηναῖοι
651 875 691 942 δέ
710 894 771 957 σφι
795 868 971 959 ἐβοήθεον.
1013 870 1207 959 μελλόντων
1229 870 1266 940 db

130 976 317 1048 συνάπτειν
342 977 452 1067 μα’χην
471 983 650 1065 Κορίνθιοι
672 973 714 1045 οὐ
732 980 918 1063 περιεῖδον·
955 972 1203 1062 παρατυχόντες
1229 974 1267 1045 dl

131 1085 189 1151 καὶ
211 1081 490 1167 καταλλάξαντες,
517 1078 767 1169 ἐπιτρεψάντων
793 1075 1012 1167 ιἰμφοτέρων,
1044 1074 1186 1166 οὔρισαν
1206 1076 1268 1168 τὴν

130 1185 247 1275 χοόρην
266 1188 322 1255 ἐπὶ
342 1191 473 1256 τοῖσδε·
498 1188 558 1255 ἐᾶν
572 1190 741 1273 Θηβαίους
761 1187 920 1252 Βοιωτῶν
939 1179 1018 1264 τούς
1036 1180 1081 1270 μὴ
1102 1186 1273 1271 βουλομέ-.

131 1318 216 1370 νους
239 1292 271 1371 ἐς
291 1286 460 1370 Βοιωτούς
478 1290 615 1358 τελέειν.
656 1286 925 1376 Κορίνθιοιμὲν
946 1284 988 1376 δὴ
1007 1290 1111 1356 ταῦτα
1130 1286 1269 1373 γνόντες
1371 1372 1376 1379 ἢ

131 1391 397 1464 ἀπαλλάσσοντο.
434 1391 643 1481 Ἀθηναίοισι
664 1391 702 1461 dl
721 1387 859 1461 ιἰπιοῦσι
885 1389 1094 1478 ἐπεθήκαντο
1115 1392 1268 1477 Βοιωτοὶ,

131 1617 191 1670 qaia
216 1617 234 1651 a
257 1601 375 1652 caeteris
399 1601 527 1667 gentibus
548 1616 577 1652 se
597 1616 678 1666 quam
729 1599 808 1662 Quod
825 1598 950 1663 sequitur
970 1589 997 1657 ἐς
1012 1594 1154 1656 Βοιωτοὺς
1165 1598 1269 1650 τελέειν

132 1673 253 1723 maxime
271 1686 377 1736 semper
399 1670 583 1736 segregarint,
603 1671 678 1721 inde·
729 1670 868 1721 illustrant
889 1667 991 1719 similes
1006 1668 1061 1719 loci
1081 1668 1138 1732 ΙΙΙ,
1153 1668 1196 1720 34.
1219 1670 1268 1731 Vl,

132 1759 189 1809 que
202 1758 261 1793 earn
274 1740 454 1791 calliditatem
470 1741 592 1806 aliosque
605 1740 680 1791 frau·
728 1741 776 1797 53,
794 1738 842 1788 ubi
859 1739 914 1788 vid.
934 1743 1003 1791 nott.
1030 1739 1138 1790 Etenim
1156 1740 1269 1790 verbnm

132 1810 220 1862 dandi
234 1818 261 1861 et
273 1811 426 1876 decipiendi
440 1811 569 1872 studium,
583 1811 611 1860 in
625 1825 677 1877 quo
728 1808 831 1871 τελεῖν,
850 1809 922 1872 quod
935 1809 1051 1859 tributam
1061 1810 1174 1872 pendere
1186 1810 1270 1874 signi-

132 1889 230 1933 tamen
248 1885 276 1931 et
293 1882 353 1944 ipso
371 1881 505 1931 maximus
524 1881 631 1945 patriae
650 1896 679 1929 a·
727 1882 804 1935 licat.
825 1878 886 1928 dein
901 1878 936 1929 ad
954 1894 1001 1929 eos
1020 1879 1200 1943 transfertur,
1221 1879 1270 1944 qni

132 1968 195 2004 mor
213 1951 341 2014 latuerit,
361 1952 450 2014 repeti
468 1949 540 2013 vult,
559 1951 594 2000 ab
614 1950 678 2000 aliis
728 1949 800 2014 qnod
814 1948 946 1998 tributum
960 1955 1063 1999 certum
1075 1950 1136 2000 sive
1148 1965 1268 1999 aunuum

133 2027 282 2086 tantopere
310 2020 511 2086 reprehensum.
551 2022 587 2070 Et
611 2035 678 2070 sane
728 2021 786 2072 sive
803 2023 969 2069 menstruum
985 2019 1120 2085 pendunt,
1140 2024 1270 2070 certoor·

133 2092 184 2159 qni
197 2106 302 2141 ornnem
313 2092 452 2142 Laconum
471 2106 526 2141 rem
540 2089 677 2154 publicam
729 2090 786 2139 dini
800 2107 821 2140 s.
835 2088 919 2139 classi
927 2089 1052 2140 civitatis
1061 2090 1195 2155 adscripti
1205 2094 1271 2140 sunt

132 2165 266 2225 vitaeque
289 2165 422 2211 rationem
442 2161 599 2212 accuratius
618 2176 679 2225 per·
729 2175 751 2212 s.
772 2159 860 2209 locum
880 2160 910 2209 in
929 2160 1170 2211 confoederatione
1192 2175 1270 2210 suurn

134 2232 272 2299 spexerit,
291 2232 337 2280 vix
355 2231 505 2293 dubitabit,
529 2229 679 2296 quintalia
730 2230 853 2279 obtinent
881 2228 1024 2294 (censer-ih
1053 2229 1110 2280 vid.
1134 2229 1269 2280 Boeclrh.:

135 2319 172 2355 ex
183 2316 288 2352 summo
303 2301 358 2351 isto
373 2316 466 2352 amore
483 2301 604 2366 patriae,
624 2315 679 2366 qua
730 2298 966 2351 Staatsbausbalt.
980 2299 1006 2349 d.
1020 2299 1118 2349 Athen.
1132 2300 1154 2349 Ι.
1169 2316 1195 2364 p.
1208 2299 1270 2349 651.

135 2371 207 2424 nihil
224 2369 276 2422 illis
298 2371 349 2421 tuit
368 2371 520 2436 antiquius,
541 2375 602 2421 orta
619 2385 679 2422 esse
729 2369 797 2419 Inde
811 2367 1084 2433 Schweighaeuserus
1102 2368 1127 2418 b.
1140 2369 1157 2419 l.
1167 2369 1270 2418 reddit:

137 2443 225 2493 dicat.
588 2500 590 2504 Α
731 2442 794 2502 „pra
804 2438 952 2488 Boeotorum
961 2441 1080 2488 communi
1094 2435 1221 2503 [foederi]
1232 2445 1272 2488 at-

174 2504 246 2560 etot
261 2498 314 2559 οόκ
329 2498 501 2575 ἠπίστησαν]
523 2510 541 2560 i.
557 2525 580 2560 e.
594 2511 681 2559 illice·
730 2509 806 2561 ιιτλικῖ
823 2509 946 2559 nollent.“
977 2508 1093 2558 Videtur
1111 2512 1202 2557 autem
1221 2507 1272 2558 bac

137 2599 170 2634 ro
184 2582 232 2632 loc
242 2580 366 2632 consilium
378 2581 457 2629 secati
471 2588 534 2629 sant.
561 2580 680 2630 Verbum
730 2579 870 2628 locutione
884 2578 984 2644 respici
996 2577 1031 2629 ad
1043 2576 1140 2628 foedus
1155 2579 1272 2629 Boeoto-

135 2645 270 2702 ἀπιστεῖν
284 2649 366 2715 attigi
379 2650 415 2700 ad
431 2650 487 2712 ΙΙΙ,
503 2650 543 2700 15.
570 2649 682 2699 Addunt
731 2664 790 2699 rum
809 2646 853 2710 (de
871 2663 923 2713 quo
936 2647 1008 2698 conf.
1026 2648 1113 2698 citata
1127 2648 1161 2697 ad
1173 2648 1210 2711 V,
1226 2646 1272 2710 76)

138 2722 307 2785 llar'pocrat.
328 2734 393 2782 pag.
414 2719 461 2781 56,
481 2719 529 2784 qni
549 2711 681 2768 α’πιστεῖν
733 2723 761 2771 et
772 2718 807 2768 ad
820 2718 949 2769 civitates
965 2717 1017 2768 hoe
1030 2717 1138 2769 loedere
1153 2733 1273 2781 compre·

138 2792 308 2854 scribitponi
317 2787 382 2839 ἀντὶ
391 2786 444 2838 τοῦ
453 2781 596 2853 ἀπειθεῖν,
608 2791 683 2838 itern-
731 2789 848 2847 hennae,
866 2803 937 2853 quae
955 2787 1115 2839 dicebantur
1133 2787 1274 2844 συντελεῖς

139 2878 193 2929 qne
206 2863 305 2911 Zonar.
319 2875 380 2926 pag.
393 2859 445 2910 234
457 2851 590 2915 ἄπιστος·
612 2848 627 2907 ὁ
644 2853 682 2923 μὴ
734 2858 802 2924 (vid.
816 2857 934 2908 Boeckh.
957 2857 975 2909 l.
996 2858 1014 2909 l.
1032 2859 1055 2909 I.
1075 2873 1100 2922 p.
1113 2858 1173 2908 5r5.
1193 2858 1231 2907 ll.
1246 2874 1272 2921 p.

139 2922 324 2991 πειθόμενος.
733 2928 794 2979 663.
806 2929 877 2991 705),
888 2943 948 2979 oum
962 2942 1040 2978 suam
1052 2927 1184 2977 baberent
1194 2928 1276 2979 ditio·

175 3001 217 3052 Ad
230 3001 395 3051 locutionem
411 2989 566 3061 forincesis
585 2997 621 3048 cs.
634 2998 682 3056 Vl,
734 3015 795 3049 nem
805 3003 887 3063 atque
896 3013 951 3048 rem
962 2997 1097 3063 publicam
1109 3003 1137 3048 et
1147 2999 1190 3048 sni
1200 3013 1275 3063 pror-

140 3075 174 3122 57
193 3075 222 3121 et
243 3070 276 3121 de
290 3068 433 3121 duodecim
452 3067 563 3118 deorum
582 3083 631 3118 ara
645 3068 682 3131 ll,
734 3084 780 3120 sus
794 3073 884 3118 essent
898 3070 974 3131 iuris,
986 3069 1040 3118 nisi
1054 3068 1127 3131 quod
1139 3071 1275 3134 potentio·

141 3142 264 3206 ‘libique
278 3144 362 3202 nott,
382 3137 480 3203 quibua
499 3138 562 3189 add.
575 3137 682 3188 Lealse:
733 3139 807 3189 ribus
832 3139 992 3189 civitatibus
1021 3138 1150 3189 tributum
1175 3138 1275 3204 pende-

141 3209 334 3277 'I'opopraphie
347 3225 401 3260 von
414 3207 503 3258 Athen
520 3223 581 3273 pag.
602 3207 650 3257 122
668 3223 683 3258 e
733 3208 969 3272 rent,societatem
978 3209 1006 3258 in
1016 3208 1093 3260 bellis
1104 3210 1275 3273 praeberent,

141 3297 214 3333 vers.
227 3281 328 3344 Saupp.
341 3279 419 3329 -In
432 3293 508 3343 seqq.
523 3278 557 3328 de
566 3276 684 3328 structu·
734 3296 799 3340 nec,
820 3284 851 3328 ut
864 3278 987 3339 videtur,
1007 3279 1123 3329 concilio
1139 3278 1275 3329 communi

141 3368 174 3402 ra
189 3351 267 3402 verbi
279 3347 390 3409 ἵζεσθαι
409 3348 482 3399 conf.
499 3348 587 3398 citata
603 3347 638 3397 ad
650 3347 684 3409 V,
734 3349 873 3399 adessent.
903 3349 965 3398 Vid.
985 3347 1015 3402 Ο,
1035 3348 1067 3399 Ο.
1081 3348 1204 3401 Mueller.
1225 3349 1275 3398 Or-

144 3423 186 3473 le.
216 3422 256 3471 Ac
274 3435 340 3470 sane
359 3423 435 3484 patet
453 3434 486 3468 ex
506 3418 558 3469 hoc
578 3416 638 3467 loco
654 3417 683 3465 in
734 3419 855 3470 chaman.
868 3434 894 3483 p.
905 3416 1024 3470 :10:30011.
1036 3435 1061 3483 p.
1073 3418 1134 3481 ⁶211,
1146 3420 1274 3469 Kortiimr

142 3492 245 3557 Lysiae
255 3494 323 3540 orst.
336 3488 440 3539 iuuebr.
456 3492 479 3551 ξ.
500 3488 528 3537 ta
541 3486 683 3551 legendum
734 3489 864 3553 Beitr'aige
877 3505 924 3538 zur
936 3487 1034 3541 Gescb.
1048 3488 1155 3543 Hellen.
1167 3489 1275 3539 Staats-

143 3577 219 3612 esee:
242 3553 330 3608 ῑκέται
345 3550 391 3607 lut
408 3551 459 3607 τὸν
477 3550 574 3624 βωμὸν
586 3548 686 3605 ἐκαθέ·
735 3557 849 3609 νοεῖται.
871 3573 932 3623 pag.
953 3559 1002 3621 85,
1016 3557 1211 3609 Wachsmuth:
1231 3561 1276 3608 lus

142 3631 234 3689 ζοντα,
247 3629 294 3679 ubi
309 3629 373 3679 olim
386 3626 526 3691 vulgatam
539 3628 685 3679 lectionem
735 3628 856 3695 gentium
869 3627 943 3691 apnd
955 3628 1067 3678 Graece.
1082 3633 1134 3681 etc.
1152 3645 1213 3694 pap.
1230 3628 1274 3680 68.

143 3691 189 3749 lut
202 3696 259 3748 τοῖν
275 3695 376 3762 βωμοῖο
389 3698 502 3748 retinuit
516 3697 577 3748 Car.
593 3695 685 3747 Schei-
736 3702 794 3748 not.
808 3699 834 3747 4.
866 3696 967 3748 Incidit
983 3713 1048 3749 vero
1061 3698 1112 3749 hoo
1125 3703 1153 3749 in
1167 3698 1274 3763 Olymp.

142 3773 177 3822 be
197 3771 226 3819 in
245 3769 330 3819 altera
344 3768 444 3830 Lysiae
464 3767 600 3828 editione,
616 3780 686 3829 qrrae
735 3768 825 3828 LXV,
843 3768 854 3816 1
878 3783 899 3817 s.
921 3768 972 3817 5111
990 3771 1056 3818 ante
1071 3768 1131 3818 Chr.
1152 3785 1194 3819 n.:
1213 3768 1277 3819 vide

143 3840 257 3903 Lipsiae
275 3838 377 3903 prodiit
395 3853 458 3890 arrn.
483 3838 547 3888 1655
567 3836 639 3899 apud
651 3837 684 3886 B.
736 3837 861 3888 clintes:
879 3838 955 3887 Fast.
971 3837 1079 3889 Hellen.
1098 3838 1168 3905 (ΙΙ.)
1189 3855 1214 3904 p.
1236 3840 1276 3893 16.

144 3910 176 3961 G.
185 3909 320 3960 Teubner.
341 3909 383 3957 Tu
394 3907 449 3959 vid.
464 3907 498 3957 ad
511 3906 537 3956 li.
550 3906 685 3957 l.Lebean
737 3910 788 3957 224
808 3906 849 3957 erl.
864 3909 993 3969 Krueger.
1020 3908 1063 3959 De
1076 3924 1129 3973 quo
1146 3925 1217 3959 anuo
1232 3910 1278 3959 du-

144 3981 172 4029 in
186 3979 302 4029 Observ.
321 3978 348 4028 in
362 3978 460 4041 Lysiae
475 3977 521 4027 Or.
538 3977 556 4025 f.
574 3975 685 4041 specim.
737 3977 878 4027 bitandum
895 3978 1002 4027 videtur
1016 3978 1075 4028 viro
1093 3979 1173 4030 docto
1190 3978 1277 4041 Angla

144 4065 208 4113 pag.
221 4051 264 4110 21,
277 4048 325 4098 ubi
338 4046 416 4111 plura
426 4047 548 4098 citantur
561 4046 687 4098 consimi·
737 4048 820 4098 Grote
831 4046 957 4112 (Hiatory
970 4047 1000 4096 oi
1008 4047 1110 4098 Greece
1123 4049 1170 4102 lV.
1187 4064 1213 4111 p.
1226 4051 1278 4098 222

143 4120 194 4169 lia.
222 4120 270 4171 Cr.
289 4116 570 4180 contuleratTaylor.
589 4117 686 4179 iaLy·
737 4116 842 4182 sequi,
862 4118 907 4182 qui
924 4122 987 4182 post
1007 4116 1145 4182 expulsum
1163 4118 1277 4168 Athenis

145 4187 340 4253 siaellpitaplr.
353 4202 379 4252 p.
393 4189 425 4238 72
436 4187 529 4238 Reislr.
544 4188 687 4237 Pertincnt
736 4188 881 4252 Hippiam,
895 4186 967 4252 quod
984 4202 1056 4237 anno
1068 4188 1120 4239 516
1131 4205 1156 4239 a.
1172 4187 1234 4239 Chr.
1250 4204 1277 4238 n.

145 4259 199 4307 bne
216 4270 323 4323 qaroqne
344 4273 392 4319 ea,
411 4272 481 4322 qnae
500 4257 534 4306 ad
551 4259 591 4318 V,
606 4257 638 4306 51
659 4261 686 4305 et
737 4257 840 4307 factum
859 4273 919 4308 esse
942 4262 1066 4318 constat,
1093 4258 1119 4306 id
1143 4257 1278 4307 accidisse

144 4327 277 4387 V11‚ttt
297 4327 514 4377 adnotatasunt.
547 4325 686 4377 llererbo
737 4326 886 4377 contendit.
930 4327 1050 4377 Eandem
1080 4326 1277 4377 dubitationem

146 4392 301 4447 συνάπτειν
322 4397 356 4448 cf.
372 4401 441 4449 nott.
456 4398 490 4447 ad
502 4398 538 4458 V,
552 4399 599 4456 75,
614 4400 642 4446 et
654 4395 687 4445 rle
738 4396 992 4460 profertDunclrer:
1010 4395 1107 4447 Gesch.
1123 4398 1148 4450 d.
1161 4395 1277 4447 Altcrth.

145 4467 232 4520 verbo
247 4456 444 4516 aaruitoirrrw
455 4470 523 4517 nott.
543 4466 579 4516 ad
591 4468 629 4526 V,
643 4468 686 4515 26.
737 4467 786 4518 1v.
798 4482 861 4533 pag.
874 4468 925 4516 tae
937 4470 993 4515 not.
