2998 5138
256 414 297 477 32
654 476 663 495 ,
690 402 958 478 Hn'sonous

256 620 313 673 νος
335 591 372 661 δὲ
393 595 533 661 δεῖπνον
552 592 801 682 μεγαλοπρεπὲς
822 593 953 661 ἐδέκετο
974 588 1052 671 τούς
1072 592 1207 681 Πέρσας
1233 589 1387 679 φιλοφρό-

256 724 332 776 νως.
361 691 458 775 ὡςδὲ
479 691 544 764 ἀπὸ
566 699 706 765 δείπνου
726 699 897 783 ἐγένοντο,
923 700 1133 775 διαπίνοντες
1148 694 1249 764 εἶπαν
1261 699 1295 763 ol
1305 698 1387 779 Πέρ-

257 823 313 869 σαι
335 799 430 868 τάδε·
460 802 558 877 Seiva
578 797 769 886 Μακεδών,
796 795 877 887 ἡμῖν
902 798 1002 887 νόμος
1030 801 1100 869 ἐστὶ
1128 814 1217 867 τοῖσι
1237 801 1388 887 Πέρσῃσι,

257 902 360 973 ἐπεὰν
374 907 514 972 δεῖπνον
528 903 771 993 προτιθώμεθα
791 905 893 991 μέγα,
914 902 988 971 τότε
1008 905 1065 972 καὶ
1085 900 1143 982 τὰς
1157 901 1327 983 παλλακὰς
1340 903 1390 970 καὶ

256 1005 314 1087 τὰς
342 1011 516 1095 κουριδίας
538 1024 702 1094 γυναῖκας
726 1005 908 1094 ἐσάγεσθαι
929 1011 1125 1096 παρέδρους.
1153 1006 1197 1076 σύ
1218 1033 1299 1091 νυν,
1326 1009 1394 1075 ἐπεί

257 1136 319 1198 περ
333 1109 516 1199 προθύμως
529 1110 592 1198 μὲν
606 1113 737 1196 ἐδέξαο,
756 1109 907 1198 μεγάλως
922 1110 959 1179 δὲ
973 1114 1139 1196 ξεινίζεις,
1162 1114 1270 1189 διδοῖς
1284 1136 1317 1177 τε
1335 1116 1390 1197 βα·

257 1218 344 1283 σιλεί·
356 1221 491 1305 Δαρείῳ
505 1217 569 1301 γῆν
590 1241 625 1282 τε
639 1217 695 1283 καὶ
709 1210 820 1300 ὕδωρ,
844 1216 922 1282 ἕπεο
943 1213 1035 1305 νόμῳ
1056 1217 1104 1305 τῷ
1117 1205 1278 1304 ἡμετέρῳ.
1313 1211 1391 1280 Eine

257 1315 340 1404 πρὸς
354 1323 456 1386 ταῦτα
475 1314 651 1406 Ἀμύντης·
670 1308 710 1384 Ὠ
723 1320 870 1404 Πέρσαι,
896 1316 997 1406 νόμος
1017 1316 1080 1405 μὲν
1100 1312 1182 1405 ἡμῖν
1202 1321 1243 1405 γέ
1254 1321 1322 1385 ἐστι
1335 1312 1391 1383 ούιι

256 1412 371 1508 οὗτος,
393 1418 476 1490 diii
498 1429 703 1509 κεχωρίσθαι
725 1417 851 1509 ἄνδρας
871 1424 1060 1507 γυναικῶν·
1087 1423 1163 1489 ἐπεί
1181 1448 1216 1489 τε
1243 1420 1279 1488 δὲ
1293 1415 1390 1508 ὑμεῖς,

257 1524 367 1604 ἐόντες
396 1521 572 1611 δεσπόται,
605 1531 837 1615 προσχρηίζετε
863 1523 1012 1611 τούτων,
1044 1526 1206 1611 παρέσται
1234 1518 1315 1611 ὑμῖν
1341 1523 1391 1591 καί

256 1696 348 1760 Vigor.
363 1709 426 1760 pag.
437 1693 489 1745 856
504 1699 532 1745 et
544 1692 631 1745 Cobet
646 1695 674 1745 in
684 1697 805 1747 Mnemo·
856 1696 889 1747 18
901 1711 977 1762 seqq.
989 1695 1052 1747 coll.
1068 1696 1092 1759 Ι,
1103 1695 1129 1745 il.
1149 1722 1182 1731 —
1199 1695 1324 1744 Formam
1336 1707 1392 1741 con·

257 1781 317 1845 synt.
330 1765 393 1818 vil,
411 1780 437 1829 p.
458 1765 505 1817 roe
520 1780 577 1829 seq.

855 1767 972 1817 iunctivi
991 1757 1202 1829 προτιθώμεθα
1222 1765 1257 1815 ab
1276 1762 1392 1814 omnibns
1478 1778 1479 1795 ι

298 1835 368 1900 ημῖν
392 1828 479 1898 νόμος
503 1824 561 1883 ἐστὶ
584 1835 656 1883 τοῖσι
679 1828 805 1900 Πέρσῃσι
854 1836 932 1886 codd.
945 1835 1093 1886 exhibitum
1103 1842 1179 1885 recte
1189 1837 1276 1885 tuitus
1287 1833 1392 1884 estBre·
1478 1846 1479 1867 ³

256 1921 282 1959 ιι,
295 1921 318 1957 τ.
332 1901 368 1967 L]
384 1905 426 1953 De
436 1904 488 1953 h'oc
498 1906 641 1954 Persarum
653 1920 727 1954 more
738 1920 804 1954 non·
855 1907 916 1955 dor.
939 1922 966 1971 p.
986 1905 1052 1956 395:
1079 1920 1168 1971 neque
1195 1905 1259 1955 iude
1282 1903 1391 1954 scriben-

257 1974 332 2025 nulia
347 1978 456 2023 exstant
475 1973 547 2039 apud
561 1973 682 2026 Brissoa.
700 1973 718 2024 l.
733 1973 751 2023 l.
765 1974 804 2039 ΙΙ,
855 1976 918 2025 dum
931 1968 1165 2039 προτιθεοὶμεθα,
1200 1974 1277 2036 Quae
1288 1972 1392 2023 Graecis

260 2042 403 2095 lat-129.
435 2042 726 2107 Vixilleadpriscam
741 2043 804 2094 Per·
855 2046 893 2095 ait
907 2038 1139 2110 uovotdiuyvvrl,
1158 2046 1316 2094 notavimus
1328 2042 1361 2091 ad
1372 2040 1391 2095 l,

257 2129 348 2164 aarum
368 2118 488 2162 aetatem
502 2113 667 2177 pertinuisse
685 2114 802 2175 videtur,
856 2115 913 2165 135.
928 2144 962 2153 -
981 2115 1014 2164 In
1027 2129 1102 2180 seqq.
1478 2166 1479 2171 ,

257 2183 305 2235 sed
320 2183 415 2232 seriori
435 2184 522 2232 aetati
539 2182 612 2232 haud
628 2183 685 2232 scio
704 2197 740 2232 an
757 2182 804 2232 ad·
853 2185 991 2247 rentinus,
1008 2183 1069 2248 alii,
1085 2132 1179 2240 διδοῖς
1191 2178 1238 2249 δὲ,
1259 2182 1330 2249 (μισδ
1341 2194 1394 2246 pru
1478 2180 1479 2247 i

257 2253 340 2305 scribi
364 2252 477 2316 debeat,
498 2268 551 2318 qna
571 2252 668 2302 Persas
690 2251 804 2302 mulium
854 2254 972 2305 habilius
1000 2255 1109 2304 videtur
1133 2253 1391 2319 Schweighaeusero.

257 2323 284 2372 in
305 2336 384 2372 omne
406 2322 529 2372 luxuriae
551 2337 637 2387 genus
660 2321 803 2387 prolapsos
853 2324 987 2389 Equidem
1001 2341 1061 2375 curu
1079 2324 1191 2389 reliquis
1212 2324 1272 2374 edd.
1289 2335 1317 2371 τε
1335 2319 1392 2370 reti·

258 2408 317 2443 esse
330 2394 463 2442 novimus.
492 2392 551 2441 Vid.
566 2398 634 2444 nott.
647 2393 681 2442 ad
695 2393 723 2455 Ι,
738 2390 802 2452 1333
854 2394 972 2445 nendum
985 2395 1063 2459 duxi,
1078 2410 1139 2445 cum
1154 2395 1294 2445 sententia
1306 2387 1393 2443 διδοῖς

258 2480 291 2513 ac
312 2478 379 2512 sane
402 2462 474 2527 apud
497 2461 612 2513 eundem
635 2462 804 2513 Brissoniuan
854 2453 979 2526 -e'ldrao
996 2466 1035 2514 sic
1053 2466 1158 2514 arctius
1178 2463 1324 2514 cohaereat
1338 2474 1392 2511 cum

257 2534 314 2583 alia
324 2548 432 2598 quoque
449 2538 559 2583 exstant
575 2533 733 2583 testimonia
750 2526 804 2596 (10-
855 2534 946 2584 verbis
963 2535 1085 2599 proxime
1097 2534 1336 2593 antecedentibus,
1352 2540 1394 2591 με·

259 2603 335 2668 seph.
353 2604 445 2667 Antiq.
464 2603 516 2665 XI,
527 2602 554 2653 6.
571 2602 670 2652 lustin.
685 2603 762 2665 XLI,
777 2600 803 2653 3.
855 2596 946 2670 γύίως
959 2597 990 2652 δὲ
1001 2600 1141 2667 ξεινιῗεις,
1154 2618 1243 2670 neque
1255 2603 1288 2653 ab
1300 2602 1333 2651 iis
1344 2599 1393 2649 dis·

1142 2131 1171 2164 ro
1186 2112 1282 2170 διδοῖς
1297 2125 1325 2161 τε
1338 2111 1393 2161 Flo·
1478 2156 1479 2159 ,

258 2678 281 2737 ξ.
296 2676 340 2737 2),
361 2687 432 2738 quae
444 2674 543 2723 Persas
564 2672 627 2721 olim
642 2673 804 2723 severiorem

259 2758 384 2794 seruasse
396 2742 482 2808 legem
494 2741 636 2792 declarant
646 2757 747 2806 eosque
755 2754 804 2806 pro

260 2811 432 2863 orientalium
443 2811 579 2861 hominum
593 2828 666 2862 more
678 2811 804 2861 mulieres

260 2899 277 2933 a
289 2884 406 2931 virorum
420 2887 570 2946 conspectu
588 2881 705 2947 indeque
720 2883 805 2930 etiem

260 2967 277 3001 a
288 2952 423 3001 conviviis
439 2950 534 3001 sedulo
552 2951 697 3002 retinuisse
715 2957 805 3002 osten-

260 3021 336 3070 dunt.
371 3020 423 3070 Sed
435 3020 489 3069 iata
503 3021 662 3084 postmodo,
677 3026 708 3070 ut
720 3020 763 3081 fit,
775 3020 804 3071 ln

261 3092 425 3141 oblivionem
446 3090 553 3140 venisse
574 3092 632 3142 veri
650 3090 680 3139 fit
700 3088 801 3140 similli-

261 3177 346 3223 mum,
367 3160 420 3211 nisi
433 3159 541 3209 omuino
554 3160 667 3222 Persas,
684 3176 737 3225 quo
751 3176 805 3210 me·

261 3232 312 3280 lius
333 3245 365 3280 sc
386 3230 509 3280 securius
531 3230 720 3295 voluptatibus
746 3230 805 3280 suis

261 3300 478 3365 perfruerentur,
504 3298 585 3350 talem
606 3300 708 3365 legem,
734 3315 805 3365 qaae

260 3370 386 3420 mulieres
401 3370 436 3420 ad
453 3384 563 3419 coenum
583 3370 675 3421 induci
690 3371 806 3434 iuberet,

260 3440 371 3491 finxisse
384 3446 434 3489 ont
443 3438 585 3490 simulasse
597 3446 715 3491 statuas.
737 3441 807 3490 Nam

262 3508 805 3576 inPlutarch.Symp0ss.1‚1.pagetta.

260 3570 806 3645 ΙορίιιιιιεκαὶτοὺςΠέρσαςόρθτδςφασὶ

260 3647 298 3716 μὴ
316 3653 377 3706 ταῖς
396 3649 528 3713 γαμεταῖς
543 3641 613 3697 ditet
626 3651 688 3708 ταῖς
702 3649 806 3705 uniiu-

260 3719 317 3769 ιιίσι
333 3709 584 3782 συμμεθύσκεσθαι
600 3715 648 3768 καί
661 3721 806 3787 συνορχεῖ-

261 3789 346 3847 σθαι;
358 3789 419 3839 add.
430 3789 551 3839 Maerob.
560 3790 618 3840 Sat.
628 3790 690 3849 vn,
704 3791 726 3840 Ι.
748 3790 806 3839 Ma-

260 3860 303 3924 gis
316 3859 444 3910 convenit
459 3874 520 3908 cum
535 3861 584 3922 iis,
609 3874 677 3925 qaae
690 3860 716 3914 h.
730 3858 747 3912 l.
762 3862 805 3910 sui

260 3930 342 3980 moris
353 3944 413 3978 esse
424 3928 518 3978 dicunt
529 3930 638 3991 Persae,
651 3930 723 3994 qued
733 3930 804 3994 apud

260 3998 401 4050 Danielem
417 3997 516 4063 legitur
530 3999 562 4063 V,
581 3998 612 4064 δ,
632 4000 678 4049 ubi
692 3999 799 4050 Baitha-

855 2673 991 2726 cemenda
1004 2676 1049 2724 sit.

890 2737 977 2808 νόμος
988 2737 1039 2808 μὲν
1053 2734 1121 2808 ἡμῖν
1134 2737 1164 2806 γε’
1177 2732 1236 2791 ἔστι
1252 2733 1304 2790 οὖα
1317 2723 1393 2791 οὗτος

856 2829 882 2865 κ.
901 2829 924 2864 τ.
944 2810 980 2878 i]
1012 2814 1057 2863 lia
1075 2812 1184 2862 locutus
1208 2817 1252 2863 eat
1268 2812 1392 2875 Amyntas

855 2883 984 2946 Macedo,
1005 2882 1184 2945 Graecorum,
1205 2882 1302 2949 quibus
1315 2896 1342 2929 se
1353 2890 1393 2926 nc·

855 2953 961 3004 censeri
972 2953 1117 3003 voluerunt
1127 2968 1205 3017 roges
1214 2948 1392 3005 Macedoniae,

855 3039 956 3074 morem
967 3023 1130 3088 respiciens,
1149 3022 1182 3072 de
1201 3038 1255 3089 quo
1275 3016 1392 3071 siccatis

855 3094 928 3143 inter
940 3098 1161 3143 omnesconsiut.
1185 3093 1244 3143 Nec
1255 3092 1332 3141 aliter
1339 3084 1394 3135 Phi·

854 3163 976 3213 lodamus
994 3163 1065 3228 apud
1079 3163 1166 3214 Cicer.
1183 3164 1212 3212 in
1225 3165 1299 3214 Verr.
1313 3158 1353 3215 11,
1371 3154 1392 3215 l,

855 3234 889 3286 26
916 3235 1040 3298 negavit,
1073 3234 1180 3296 „moris
1204 3248 1265 3283 esse
1286 3231 1394 3280 Graeco·

856 3318 929 3367 rum,
946 3309 977 3353 ut
990 3304 1017 3352 in
1028 3304 1154 3353 convivio
1163 3304 1285 3353 virorum
1296 3309 1394 3349 accum-

857 3374 953 3423 berent
972 3372 1127 3425 mulieres.“
1163 3373 1225 3422 Alia
1240 3372 1272 3423 de
1285 3371 1392 3421 Graeco·
1478 3376 1479 3413 z

857 3458 914 3492 rum
928 3459 1011 3507 moro,
1023 3458 1055 3493 ex
1067 3457 1119 3508 quo
1132 3443 1260 3494 mulieres
1270 3440 1393 3489 honestae

857 3514 891 3563 eb
916 3513 1072 3564 huiusmodi
1097 3512 1177 3563 rebus
1201 3513 1281 3578 plane
1302 3506 1394 3558 absunt

857 3582 982 3649 domique
995 3588 1107 3633 manent
1123 3598 1220 3648 resque
1238 3577 1392 3632 domesticas

857 3659 968 3714 curant,
983 3651 1078 3702 attulit
1086 3652 1219 3703 Laeeulx:
1238 3654 1292 3702 Zur
1301 3642 1391 3697 Gesch·

857 3740 883 3774 u.
894 3722 994 3772 Philos.
1010 3723 1035 3772 d.
1048 3721 1106 3772 Ehe
1119 3722 1163 3772 bei
1174 3722 1197 3772 d.
1209 3720 1315 3771 Griech.
1326 3732 1351 3781 p.
1362 3711 1392 3762 62

858 3792 996 3858 (desidem.
1012 3791 1157 3843 ribhnndll.
1169 3806 1232 3856 pag.
1248 3786 1318 3853 421).

891 3854 954 3910 ίπεί
965 3876 993 3909 τε
1011 3856 1042 3910 δὲ·
1061 3853 1155 3924 ὑμεῖς,
1173 3853 1267 3918 ἔύντες
1284 3873 1308 3906 τι.
1322 3869 1344 3904 τ.
1359 3846 1391 3913 b]

856 3921 940 3995 „irtel
950 3945 978 3979 τε
993 3923 1024 3979 δὲ
1041 3946 1090 3996 pre
1105 3936 1231 3996 quonium,
1246 3922 1392 3997 quondoqui-

855 4007 909 4052 dem
926 4001 993 4051 alibi
1012 4001 1085 4066 apud
1101 4000 1269 4051 Herodotum
1291 4010 1341 4047 non
1359 3991 1392 4039 1ο-

260 4084 321 4131 aar,
336 4066 548 4132 Babyloniorum
566 4085 627 4129 rex,
649 4071 804 4121 convivium
855 4072 939 4136 gitur,
961 4072 1034 4137 apud
1051 4086 1129 4137 quem
1146 4071 1222 4121 valet
1240 4056 1390 4140 postquam-{¹

258 4140 356 4200 habet,
369 4137 403 4187 ad
413 4137 483 4202 quod
496 4139 607 4188 invitati
618 4154 678 4189 curn
692 4155 755 4205 rege
765 4140 805 4190 bi·
856 4142 891 4190 Il.
915 4145 1012 4205 Apetz.
1064 4140 1144 4190 Haud
1168 4142 1304 4192 assentior
1323 4145 1390 4197 eqtll·

258 4211 322 4261 bere
343 4208 471 4257 dicuntur
496 4214 527 4263 et
546 4223 671 4272 proceres
696 4211 754 4260 eius
778 4215 806 4260 ei
857 4212 927 4261 dem.
953 4212 1013 4262 vid.
1027 4210 1124 4261 Matth.
1139 4211 1185 4261 Gr.
1199 4212 1244 4261 Gr.
1262 4213 1285 4272 ξ.
1298 4202 1354 4257 618.
1367 4200 1391 4278 et

258 4295 355 4332 uxores
373 4281 426 4329 eius
450 4280 478 4326 ei
495 4277 647 4328 concubinae
667 4281 734 4331 cias:
759 4280 805 4330 ubi
857 4281 988 4334 llerodot.
1009 4281 1068 4343 111,
1089 4279 1148 4331 156.
1168 4283 1208 4344 V,
1226 4280 1269 4333 39.
1286 4277 1332 4336 ill,
1351 4283 1392 4335 qur

258 4350 330 4401 ceni.
348 4347 488 4412 Lengerke
507 4349 536 4396 in
557 4346 728 4399 Comminus
743 4365 805 4415 pag.
857 4350 932 4401 locus
952 4357 980 4401 et
997 4351 1056 4415 ipse
1068 4351 1211 4414 Apeizium
1232 4345 1347 4400 offendit.
1361 4364 1390 4374 ‹-

258 4420 323 4471 246:
342 4433 395 4482 quo
410 4417 504 4468 eodem
518 4418 602 4467 etiarn
619 4418 804 4482 pertinebunt,
856 4421 920 4471 Mox
930 4436 990 4471 cum
1001 4425 1115 4471 recenti.
1126 4420 1185 4470 edd.
1197 4417 1303 4471 restitui
1312 4420 1391 4475 προσ·

258 4504 328 4557 quae
346 4489 472 4554 leguntur
488 4487 515 4537 in
532 4486 668 4540 Estherae
685 4489 753 4540 libro
767 4490 804 4554 ΙΙ,
856 4486 979 4556 χρηΐζετε
996 4506 1045 4556 pro
1060 4489 1133 4556 vulg.
1147 4480 1344 4556 προσχρῄζετε,
1365 4481 1391 4527 ui
