<?xml version="1.0" encoding="UTF-8"?>
<!DOCTYPE html PUBLIC "-//W3C//DTD XHTML 1.0 Transitional//EN"
    "http://www.w3.org/TR/xhtml1/DTD/xhtml1-transitional.dtd">
<html xmlns="http://www.w3.org/1999/xhtml" xml:lang="en" lang="en">
 <head>
  <title>
</title>
<meta http-equiv="Content-Type" content="text/html;charset=utf-8" />
  <meta name='ocr-system' content='tesseract 3.04.00' />
  <meta name='ocr-capabilities' content='ocr_page ocr_carea ocr_par ocr_line ocrx_word'/>
</head>
<body>
  <div class='ocr_page' id='page_1' title='image "./herodotihalicar03bhgoog_0657.png"; bbox 0 0 3010 5134; ppageno 0'>
   <div class='ocr_carea' id='block_1_1' title="bbox 656 385 918 447">
    <p class='ocr_par' dir='ltr' id='par_1_1' title="bbox 656 385 918 447">
     <span class='ocr_line' id='line_1_1' title="bbox 656 385 918 447; baseline 0 -1"><span class='ocrx_word' id='word_1_1' title='bbox 656 385 918 447; x_wconf 79' lang='lat' dir='ltr'><strong>HERODOTI</strong></span> 
     </span>
    </p>
   </div>
   <div class='ocr_carea' id='block_1_2' title="bbox 224 388 286 451">
    <p class='ocr_par' dir='ltr' id='par_1_2' title="bbox 224 388 286 451">
     <span class='ocr_line' id='line_1_2' title="bbox 224 388 286 451; baseline -0.065 0"><span class='ocrx_word' id='word_1_2' title='bbox 224 388 286 451; x_wconf 89' lang='grc'>636</span> 
     </span>
    </p>
   </div>
   <div class='ocr_carea' id='block_1_3' title="bbox 224 555 1359 1063">
    <p class='ocr_par' dir='ltr' id='par_1_3' title="bbox 224 555 1359 1063">
     <span class='ocr_line' id='line_1_3' title="bbox 224 555 1354 651; baseline -0.006 -17"><span class='ocrx_word' id='word_1_3' title='bbox 224 569 531 651; x_wconf 73' lang='grc' dir='ltr'><strong><em>προσυμμίσγοντες</em></strong></span> <span class='ocrx_word' id='word_1_4' title='bbox 549 556 587 628; x_wconf 88' lang='grc' dir='ltr'><strong><em>τό</em></strong></span> <span class='ocrx_word' id='word_1_5' title='bbox 608 556 703 646; x_wconf 75' lang='grc' dir='ltr'><strong><em>ὕδωρ</em></strong></span> <span class='ocrx_word' id='word_1_6' title='bbox 724 559 846 640; x_wconf 80' lang='grc' dir='ltr'><strong><em>πάντες</em></strong></span> <span class='ocrx_word' id='word_1_7' title='bbox 860 563 892 639; x_wconf 78' lang='grc' dir='ltr'><strong><em>ἐς</em></strong></span> <span class='ocrx_word' id='word_1_8' title='bbox 906 555 1031 628; x_wconf 76' lang='grc' dir='ltr'><strong><em>τώυτό·</em></strong></span> <span class='ocrx_word' id='word_1_9' title='bbox 1061 556 1165 629; x_wconf 71' lang='grc' dir='ltr'><strong><em>ἐπεὰν</em></strong></span> <span class='ocrx_word' id='word_1_10' title='bbox 1183 558 1219 626; x_wconf 74' lang='lat' dir='ltr'>di</span> <span class='ocrx_word' id='word_1_11' title='bbox 1232 580 1354 646; x_wconf 91' lang='grc' dir='ltr'><strong><em>συμμι-</em></strong></span> 
     </span>
     <span class='ocr_line' id='line_1_4' title="bbox 224 659 1355 755; baseline -0.007 -19"><span class='ocrx_word' id='word_1_12' title='bbox 224 669 350 755; x_wconf 78' lang='grc' dir='ltr'><strong><em>χθέωσι</em></strong></span> <span class='ocrx_word' id='word_1_13' title='bbox 372 666 523 752; x_wconf 82' lang='grc' dir='ltr'><strong><em>τάχιστα,</em></strong></span> <span class='ocrx_word' id='word_1_14' title='bbox 548 666 711 732; x_wconf 77' lang='grc' dir='ltr'><strong><em>ἐνθεῦτεν</em></strong></span> <span class='ocrx_word' id='word_1_15' title='bbox 727 660 791 751; x_wconf 76' lang='grc' dir='ltr'>ἥδη</span> <span class='ocrx_word' id='word_1_16' title='bbox 813 659 989 750; x_wconf 82' lang='grc' dir='ltr'><strong><em>όΠηνειὸς</em></strong></span> <span class='ocrx_word' id='word_1_17' title='bbox 1011 668 1057 755; x_wconf 77' lang='grc' dir='ltr'><strong><em>τῷ</em></strong></span> <span class='ocrx_word' id='word_1_18' title='bbox 1077 659 1239 749; x_wconf 77' lang='grc' dir='ltr'><strong><em>οὐνόματι</em></strong></span> <span class='ocrx_word' id='word_1_19' title='bbox 1253 689 1355 730; x_wconf 78' lang='grc' dir='ltr'><strong><em>κατα-</em></strong></span> 
     </span>
     <span class='ocr_line' id='line_1_5' title="bbox 224 763 1357 859; baseline -0.004 -21"><span class='ocrx_word' id='word_1_20' title='bbox 224 771 374 859; x_wconf 78' lang='grc' dir='ltr'><strong><em>κρατέων</em></strong></span> <span class='ocrx_word' id='word_1_21' title='bbox 394 766 593 855; x_wconf 76' lang='grc' dir='ltr'><strong><em>ἆνωνύμους</em></strong></span> <span class='ocrx_word' id='word_1_22' title='bbox 612 763 689 846; x_wconf 80' lang='grc' dir='ltr'><strong><em>τούς</em></strong></span> <span class='ocrx_word' id='word_1_23' title='bbox 703 764 825 847; x_wconf 77' lang='grc' dir='ltr'><strong><em>ἄλλους</em></strong></span> <span class='ocrx_word' id='word_1_24' title='bbox 845 765 932 835; x_wconf 83' lang='grc' dir='ltr'><strong><em>εἶναι</em></strong></span> <span class='ocrx_word' id='word_1_25' title='bbox 946 770 1061 836; x_wconf 78' lang='grc' dir='ltr'><strong><em>ποιέει.</em></strong></span> <span class='ocrx_word' id='word_1_26' title='bbox 1103 763 1147 834; x_wconf 89' lang='grc' dir='ltr'>Τό</span> <span class='ocrx_word' id='word_1_27' title='bbox 1163 764 1199 834; x_wconf 72' lang='lat' dir='ltr'>di</span> <span class='ocrx_word' id='word_1_28' title='bbox 1213 763 1357 834; x_wconf 77' lang='grc' dir='ltr'><strong><em>παλαιόν</em></strong></span> 
     </span>
     <span class='ocr_line' id='line_1_6' title="bbox 226 862 1359 959; baseline -0.006 -16"><span class='ocrx_word' id='word_1_29' title='bbox 226 878 375 959; x_wconf 75' lang='grc' dir='ltr'><strong><em>λέγεται,</em></strong></span> <span class='ocrx_word' id='word_1_30' title='bbox 388 867 450 940; x_wconf 79' lang='grc' dir='ltr'>οὐκ</span> <span class='ocrx_word' id='word_1_31' title='bbox 465 871 577 950; x_wconf 80' lang='grc' dir='ltr'><strong><em>ἐόντος</em></strong></span> <span class='ocrx_word' id='word_1_32' title='bbox 590 862 711 938; x_wconf 59' lang='grc' dir='ltr'><strong><em>κοντοῦ</em></strong></span> <span class='ocrx_word' id='word_1_33' title='bbox 724 867 874 948; x_wconf 77' lang='grc' dir='ltr'><strong><em>αὐλῶνος</em></strong></span> <span class='ocrx_word' id='word_1_34' title='bbox 888 869 943 937; x_wconf 77' lang='grc' dir='ltr'>καὶ</span> <span class='ocrx_word' id='word_1_35' title='bbox 958 865 1113 958; x_wconf 78' lang='grc' dir='ltr'><strong><em>διεκρόου</em></strong></span> <span class='ocrx_word' id='word_1_36' title='bbox 1127 867 1266 955; x_wconf 86' lang='grc' dir='ltr'><strong><em>τούτου,</em></strong></span> <span class='ocrx_word' id='word_1_37' title='bbox 1281 867 1359 948; x_wconf 85' lang='grc' dir='ltr'><strong><em>τούς</em></strong></span> 
     </span>
     <span class='ocr_line' id='line_1_7' title="bbox 226 969 1356 1063; baseline -0.006 -17"><span class='ocrx_word' id='word_1_38' title='bbox 226 972 393 1063; x_wconf 77' lang='grc' dir='ltr'><strong><em>ποταμοὺς</em></strong></span> <span class='ocrx_word' id='word_1_39' title='bbox 410 972 565 1059; x_wconf 82' lang='grc' dir='ltr'><strong><em>τούτους,</em></strong></span> <span class='ocrx_word' id='word_1_40' title='bbox 581 973 637 1042; x_wconf 83' lang='grc' dir='ltr'>καὶ</span> <span class='ocrx_word' id='word_1_41' title='bbox 652 971 735 1059; x_wconf 88' lang='grc' dir='ltr'><strong><em>πρός</em></strong></span> <span class='ocrx_word' id='word_1_42' title='bbox 749 988 833 1042; x_wconf 77' lang='grc' dir='ltr'><strong><em>τοῖσι</em></strong></span> <span class='ocrx_word' id='word_1_43' title='bbox 851 988 1029 1060; x_wconf 80' lang='grc' dir='ltr'><strong><em>ποταμοῖσι</em></strong></span> <span class='ocrx_word' id='word_1_44' title='bbox 1042 971 1189 1042; x_wconf 82' lang='grc' dir='ltr'><strong><em>τούτοισι</em></strong></span> <span class='ocrx_word' id='word_1_45' title='bbox 1203 969 1265 1060; x_wconf 79' lang='grc' dir='ltr'><strong><em>τὴν</em></strong></span> <span class='ocrx_word' id='word_1_46' title='bbox 1279 980 1356 1040; x_wconf 90' lang='grc' dir='ltr'><strong><em>Βοι-</em></strong></span> 
     </span>
    </p>
   </div>
   <div class='ocr_carea' id='block_1_4' title="bbox 225 1171 1361 2279">
    <p class='ocr_par' dir='ltr' id='par_1_4' title="bbox 225 1171 1361 1997">
     <span class='ocr_line' id='line_1_8' title="bbox 226 1171 1358 1239; baseline -0.005 -12"><span class='ocrx_word' id='word_1_47' title='bbox 226 1175 306 1227; x_wconf 86' lang='lat' dir='ltr'>modo</span> <span class='ocrx_word' id='word_1_48' title='bbox 317 1178 360 1226; x_wconf 88' lang='lat' dir='ltr'>eet</span> <span class='ocrx_word' id='word_1_49' title='bbox 371 1189 404 1226; x_wconf 81' lang='lat' dir='ltr'>ex</span> <span class='ocrx_word' id='word_1_50' title='bbox 417 1172 471 1223; x_wconf 80' lang='lat' dir='ltr'>illis</span> <span class='ocrx_word' id='word_1_51' title='bbox 481 1171 599 1239; x_wconf 73' lang='lat' dir='ltr'>fluviis),</span> <span class='ocrx_word' id='word_1_52' title='bbox 613 1176 645 1224; x_wconf 92' lang='lat' dir='ltr'>ut</span> <span class='ocrx_word' id='word_1_53' title='bbox 658 1174 712 1222; x_wconf 85' lang='lat' dir='ltr'>iam</span> <span class='ocrx_word' id='word_1_54' title='bbox 723 1189 766 1222; x_wconf 89' lang='lat' dir='ltr'>re·</span> <span class='ocrx_word' id='word_1_55' title='bbox 785 1228 790 1235; x_wconf 52' lang='lat'><em>‚</em></span> <span class='ocrx_word' id='word_1_56' title='bbox 817 1173 909 1224; x_wconf 84' lang='lat' dir='ltr'>cultus</span> <span class='ocrx_word' id='word_1_57' title='bbox 928 1178 970 1223; x_wconf 87' lang='lat' dir='ltr'>eet</span> <span class='ocrx_word' id='word_1_58' title='bbox 989 1171 1055 1238; x_wconf 80' lang='lat' dir='ltr'>(rid.</span> <span class='ocrx_word' id='word_1_59' title='bbox 1070 1171 1154 1223; x_wconf 82' lang='lat' dir='ltr'>allata</span> <span class='ocrx_word' id='word_1_60' title='bbox 1167 1187 1185 1221; x_wconf 83' lang='lat' dir='ltr'>a</span> <span class='ocrx_word' id='word_1_61' title='bbox 1199 1171 1230 1223; x_wconf 86' lang='lat' dir='ltr'>C.</span> <span class='ocrx_word' id='word_1_62' title='bbox 1243 1173 1274 1221; x_wconf 79' lang='lat' dir='ltr'>F.</span> <span class='ocrx_word' id='word_1_63' title='bbox 1287 1172 1358 1221; x_wconf 86' lang='lat' dir='ltr'>Her·</span> 
     </span>
     <span class='ocr_line' id='line_1_9' title="bbox 225 1241 1358 1311; baseline -0.006 -15"><span class='ocrx_word' id='word_1_64' title='bbox 225 1244 293 1311; x_wconf 88' lang='lat' dir='ltr'>liqui</span> <span class='ocrx_word' id='word_1_65' title='bbox 315 1244 390 1294; x_wconf 79' lang='lat' dir='ltr'>fluvii</span> <span class='ocrx_word' id='word_1_66' title='bbox 415 1258 493 1293; x_wconf 85' lang='lat' dir='ltr'>suum</span> <span class='ocrx_word' id='word_1_67' title='bbox 514 1242 614 1308; x_wconf 89' lang='lat' dir='ltr'>quique</span> <span class='ocrx_word' id='word_1_68' title='bbox 638 1243 767 1292; x_wconf 80' lang='lat' dir='ltr'>amittant</span> <span class='ocrx_word' id='word_1_69' title='bbox 816 1258 915 1293; x_wconf 77' lang='lat' dir='ltr'>maruno</span> <span class='ocrx_word' id='word_1_70' title='bbox 928 1247 955 1292; x_wconf 87' lang='lat' dir='ltr'>et</span> <span class='ocrx_word' id='word_1_71' title='bbox 967 1243 998 1292; x_wconf 88' lang='grc' dir='ltr'>Β.</span> <span class='ocrx_word' id='word_1_72' title='bbox 1011 1241 1135 1293; x_wconf 85' lang='lat' dir='ltr'>Starkio:</span> <span class='ocrx_word' id='word_1_73' title='bbox 1149 1241 1358 1293; x_wconf 83' lang='lat' dir='ltr'>Gottesdienstl.</span> 
     </span>
     <span class='ocr_line' id='line_1_10' title="bbox 227 1310 1359 1376; baseline -0.005 -11"><span class='ocrx_word' id='word_1_74' title='bbox 227 1329 325 1365; x_wconf 87' lang='lat' dir='ltr'>nomen</span> <span class='ocrx_word' id='word_1_75' title='bbox 338 1328 474 1376; x_wconf 87' lang='lat' dir='ltr'>unumque</span> <span class='ocrx_word' id='word_1_76' title='bbox 483 1312 566 1361; x_wconf 87' lang='lat' dir='ltr'>Penei</span> <span class='ocrx_word' id='word_1_77' title='bbox 577 1311 706 1362; x_wconf 74' lang='lat' dir='ltr'><strong>audiatur</strong></span> <span class='ocrx_word' id='word_1_78' title='bbox 720 1326 767 1361; x_wconf 91' lang='lat' dir='ltr'>no·</span> <span class='ocrx_word' id='word_1_79' title='bbox 815 1311 978 1362; x_wconf 85' lang='lat' dir='ltr'>Alterthiim.</span> <span class='ocrx_word' id='word_1_80' title='bbox 997 1317 1049 1362; x_wconf 76' lang='lat' dir='ltr'>etc,</span> <span class='ocrx_word' id='word_1_81' title='bbox 1066 1314 1090 1374; x_wconf 63' lang='grc' dir='ltr'>ξ.</span> <span class='ocrx_word' id='word_1_82' title='bbox 1107 1312 1150 1363; x_wconf 86' lang='grc'>64.</span> <span class='ocrx_word' id='word_1_83' title='bbox 1170 1316 1228 1361; x_wconf 80' lang='lat' dir='ltr'>not</span> <span class='ocrx_word' id='word_1_84' title='bbox 1247 1310 1293 1374; x_wconf 82' lang='grc'>34)</span> <span class='ocrx_word' id='word_1_85' title='bbox 1317 1312 1359 1374; x_wconf 91' lang='lat' dir='ltr'>ip-</span> 
     </span>
     <span class='ocr_line' id='line_1_11' title="bbox 227 1373 1357 1446; baseline -0.003 -13"><span class='ocrx_word' id='word_1_86' title='bbox 227 1399 297 1434; x_wconf 85' lang='lat' dir='ltr'>rneu.</span> <span class='ocrx_word' id='word_1_87' title='bbox 326 1383 379 1433; x_wconf 89' lang='lat' dir='ltr'>Pro</span> <span class='ocrx_word' id='word_1_88' title='bbox 393 1382 466 1446; x_wconf 87' lang='lat' dir='ltr'>vulg.</span> <span class='ocrx_word' id='word_1_89' title='bbox 478 1378 569 1429; x_wconf 78' lang='grc' dir='ltr'><strong><em>ποιέει</em></strong></span> <span class='ocrx_word' id='word_1_90' title='bbox 581 1373 671 1443; x_wconf 77' lang='grc' dir='ltr'><strong><em>εἶναι,</em></strong></span> <span class='ocrx_word' id='word_1_91' title='bbox 685 1396 766 1446; x_wconf 77' lang='lat' dir='ltr'>quum</span> <span class='ocrx_word' id='word_1_92' title='bbox 817 1396 931 1446; x_wconf 83' lang='lat' dir='ltr'>sumque</span> <span class='ocrx_word' id='word_1_93' title='bbox 950 1396 1098 1445; x_wconf 76' lang='lat' dir='ltr'>cognomen</span> <span class='ocrx_word' id='word_1_94' title='bbox 1117 1376 1259 1442; x_wconf 79' lang='grc' dir='ltr'><strong><em>Πετραίου</em></strong></span> <span class='ocrx_word' id='word_1_95' title='bbox 1278 1394 1357 1430; x_wconf 81' lang='lat' dir='ltr'>acce·</span> 
     </span>
     <span class='ocr_line' id='line_1_12' title="bbox 225 1449 1361 1515; baseline -0.003 -12"><span class='ocrx_word' id='word_1_96' title='bbox 225 1453 289 1503; x_wconf 89' lang='lat' dir='ltr'>iude</span> <span class='ocrx_word' id='word_1_97' title='bbox 307 1468 325 1502; x_wconf 82' lang='lat' dir='ltr'>a</span> <span class='ocrx_word' id='word_1_98' title='bbox 343 1452 468 1502; x_wconf 83' lang='lat' dir='ltr'>Bekkero</span> <span class='ocrx_word' id='word_1_99' title='bbox 485 1455 600 1501; x_wconf 83' lang='lat' dir='ltr'>recenti.</span> <span class='ocrx_word' id='word_1_100' title='bbox 620 1450 680 1501; x_wconf 89' lang='lat' dir='ltr'>edd.</span> <span class='ocrx_word' id='word_1_101' title='bbox 703 1451 767 1500; x_wconf 89' lang='lat' dir='ltr'>reti·</span> <span class='ocrx_word' id='word_1_102' title='bbox 818 1454 873 1515; x_wconf 80' lang='lat' dir='ltr'>pit,</span> <span class='ocrx_word' id='word_1_103' title='bbox 890 1454 914 1500; x_wconf 84' lang='lat' dir='ltr'>ri</span> <span class='ocrx_word' id='word_1_104' title='bbox 929 1465 995 1501; x_wconf 81' lang='lat' dir='ltr'>vere</span> <span class='ocrx_word' id='word_1_105' title='bbox 1007 1450 1118 1501; x_wconf 83' lang='lat' dir='ltr'>tradunt</span> <span class='ocrx_word' id='word_1_106' title='bbox 1128 1449 1234 1501; x_wconf 82' lang='lat' dir='ltr'>scholia</span> <span class='ocrx_word' id='word_1_107' title='bbox 1245 1450 1280 1500; x_wconf 82' lang='lat' dir='ltr'>ad</span> <span class='ocrx_word' id='word_1_108' title='bbox 1294 1450 1361 1500; x_wconf 84' lang='lat' dir='ltr'>Piu-</span> 
     </span>
     <span class='ocr_line' id='line_1_13' title="bbox 226 1516 1358 1586; baseline -0.004 -15"><span class='ocrx_word' id='word_1_109' title='bbox 226 1526 351 1585; x_wconf 88' lang='lat' dir='ltr'>unerunt,</span> <span class='ocrx_word' id='word_1_110' title='bbox 358 1522 481 1586; x_wconf 86' lang='lat' dir='ltr'>equidem</span> <span class='ocrx_word' id='word_1_111' title='bbox 491 1536 550 1570; x_wconf 87' lang='lat' dir='ltr'>curu</span> <span class='ocrx_word' id='word_1_112' title='bbox 558 1519 767 1584; x_wconf 84' lang='lat' dir='ltr'>Schweighaeu-</span> <span class='ocrx_word' id='word_1_113' title='bbox 817 1520 875 1572; x_wconf 85' lang='lat' dir='ltr'>dar.</span> <span class='ocrx_word' id='word_1_114' title='bbox 889 1521 970 1585; x_wconf 84' lang='lat' dir='ltr'>Pyth.</span> <span class='ocrx_word' id='word_1_115' title='bbox 984 1520 1033 1583; x_wconf 78' lang='lat' dir='ltr'>IV,</span> <span class='ocrx_word' id='word_1_116' title='bbox 1044 1522 1110 1571; x_wconf 77' lang='lat'><strong>240:</strong></span> <span class='ocrx_word' id='word_1_117' title='bbox 1124 1517 1265 1583; x_wconf 72' lang='grc' dir='ltr'><strong><em>Πετραῖος</em></strong></span> <span class='ocrx_word' id='word_1_118' title='bbox 1277 1516 1358 1581; x_wconf 77' lang='grc' dir='ltr'><strong><em>τιμᾶ-</em></strong></span> 
     </span>
     <span class='ocr_line' id='line_1_14' title="bbox 226 1579 1358 1654; baseline -0.005 -12"><span class='ocrx_word' id='word_1_119' title='bbox 226 1606 287 1642; x_wconf 83' lang='grc' dir='ltr'><strong><em>ιοιο</em></strong></span> <span class='ocrx_word' id='word_1_120' title='bbox 305 1595 334 1642; x_wconf 88' lang='lat' dir='ltr'>et</span> <span class='ocrx_word' id='word_1_121' title='bbox 351 1590 508 1641; x_wconf 84' lang='lat' dir='ltr'>Gaisiordio</span> <span class='ocrx_word' id='word_1_122' title='bbox 526 1590 615 1640; x_wconf 91' lang='lat' dir='ltr'>dedie</span> <span class='ocrx_word' id='word_1_123' title='bbox 634 1595 767 1654; x_wconf 79' lang='lat' dir='ltr'>quattuor</span> <span class='ocrx_word' id='word_1_124' title='bbox 815 1605 861 1639; x_wconf 88' lang='grc' dir='ltr'>ται</span> <span class='ocrx_word' id='word_1_125' title='bbox 876 1586 1025 1638; x_wconf 74' lang='grc' dir='ltr'><strong><em>Ποσειδῶν</em></strong></span> <span class='ocrx_word' id='word_1_126' title='bbox 1038 1585 1115 1651; x_wconf 80' lang='grc' dir='ltr'><strong><em>παρὰ</em></strong></span> <span class='ocrx_word' id='word_1_127' title='bbox 1125 1586 1296 1649; x_wconf 77' lang='grc' dir='ltr'><strong><em>Θεσσαλοῖς,</em></strong></span> <span class='ocrx_word' id='word_1_128' title='bbox 1312 1579 1358 1637; x_wconf 84' lang='grc' dir='ltr'>ότι</span> 
     </span>
     <span class='ocr_line' id='line_1_15' title="bbox 226 1646 1357 1738; baseline -0.006 -26"><span class='ocrx_word' id='word_1_129' title='bbox 226 1661 306 1712; x_wconf 91' lang='lat' dir='ltr'>codd.</span> <span class='ocrx_word' id='word_1_130' title='bbox 327 1651 401 1709; x_wconf 76' lang='grc' dir='ltr'><strong><em>εἶναι</em></strong></span> <span class='ocrx_word' id='word_1_131' title='bbox 414 1652 518 1720; x_wconf 78' lang='grc' dir='ltr'><strong><em>ποιέει,</em></strong></span> <span class='ocrx_word' id='word_1_132' title='bbox 535 1658 571 1709; x_wconf 83' lang='lat' dir='ltr'>ed</span> <span class='ocrx_word' id='word_1_133' title='bbox 593 1674 663 1724; x_wconf 85' lang='lat' dir='ltr'>qaue</span> <span class='ocrx_word' id='word_1_134' title='bbox 681 1659 765 1710; x_wconf 83' lang='lat' dir='ltr'>rerba</span> <span class='ocrx_word' id='word_1_135' title='bbox 815 1652 957 1738; x_wconf 80' lang='grc' dir='ltr'><strong><em>διατιμοόν</em></strong></span> <span class='ocrx_word' id='word_1_136' title='bbox 969 1650 1002 1706; x_wconf 79' lang='grc' dir='ltr'><strong><em>τὰ</em></strong></span> <span class='ocrx_word' id='word_1_137' title='bbox 1014 1646 1068 1722; x_wconf 84' lang='grc' dir='ltr'>ὄρη</span> <span class='ocrx_word' id='word_1_138' title='bbox 1083 1650 1117 1707; x_wconf 80' lang='grc' dir='ltr'><strong><em>τό</em></strong></span> <span class='ocrx_word' id='word_1_139' title='bbox 1130 1650 1298 1719; x_wconf 75' lang='grc' dir='ltr'><strong><em>Θισσαλιτὰ,</em></strong></span> <span class='ocrx_word' id='word_1_140' title='bbox 1316 1652 1357 1705; x_wconf 79' lang='lat' dir='ltr'>te&#39;-</span> 
     </span>
     <span class='ocr_line' id='line_1_16' title="bbox 226 1717 1359 1793; baseline -0.004 -12"><span class='ocrx_word' id='word_1_141' title='bbox 226 1730 387 1793; x_wconf 80' lang='lat' dir='ltr'>coni.I‚210</span> <span class='ocrx_word' id='word_1_142' title='bbox 399 1729 491 1792; x_wconf 82' lang='lat' dir='ltr'>ibique</span> <span class='ocrx_word' id='word_1_143' title='bbox 503 1728 598 1777; x_wconf 79' lang='lat' dir='ltr'>clieta.</span> <span class='ocrx_word' id='word_1_144' title='bbox 615 1728 689 1778; x_wconf 72' lang='lat' dir='ltr'>(litat</span> <span class='ocrx_word' id='word_1_145' title='bbox 699 1742 766 1793; x_wconf 90' lang='lat' dir='ltr'>qno·</span> <span class='ocrx_word' id='word_1_146' title='bbox 815 1744 854 1792; x_wconf 79' lang='lat' dir='ltr'>yn</span> <span class='ocrx_word' id='word_1_147' title='bbox 871 1724 907 1791; x_wconf 82' lang='grc' dir='ltr'>6η</span> <span class='ocrx_word' id='word_1_148' title='bbox 920 1721 955 1776; x_wconf 85' lang='grc' dir='ltr'><strong><em>τὰ</em></strong></span> <span class='ocrx_word' id='word_1_149' title='bbox 971 1725 1068 1792; x_wconf 81' lang='grc' dir='ltr'><strong><em>Τέμπη</em></strong></span> <span class='ocrx_word' id='word_1_150' title='bbox 1078 1765 1085 1781; x_wconf 88' lang='grc'><strong><em>.</em></strong></span> <span class='ocrx_word' id='word_1_151' title='bbox 1096 1724 1237 1791; x_wconf 69' lang='grc' dir='ltr'><strong><em>πεποίηκε</em></strong></span> <span class='ocrx_word' id='word_1_152' title='bbox 1249 1721 1291 1775; x_wconf 82' lang='grc' dir='ltr'>δι’</span> <span class='ocrx_word' id='word_1_153' title='bbox 1307 1717 1359 1776; x_wconf 77' lang='lat' dir='ltr'>uri·</span> 
     </span>
     <span class='ocr_line' id='line_1_17' title="bbox 226 1787 1358 1864; baseline -0.004 -16"><span class='ocrx_word' id='word_1_154' title='bbox 226 1815 277 1864; x_wconf 87' lang='lat' dir='ltr'>que</span> <span class='ocrx_word' id='word_1_155' title='bbox 298 1799 366 1859; x_wconf 83' lang='lat' dir='ltr'>bueo</span> <span class='ocrx_word' id='word_1_156' title='bbox 386 1798 469 1849; x_wconf 84' lang='lat' dir='ltr'>verba</span> <span class='ocrx_word' id='word_1_157' title='bbox 485 1797 613 1849; x_wconf 82' lang='lat' dir='ltr'>Euetetb.</span> <span class='ocrx_word' id='word_1_158' title='bbox 630 1799 666 1848; x_wconf 85' lang='lat' dir='ltr'>ed</span> <span class='ocrx_word' id='word_1_159' title='bbox 679 1798 723 1848; x_wconf 89' lang='lat' dir='ltr'>lii.</span> <span class='ocrx_word' id='word_1_160' title='bbox 737 1813 765 1860; x_wconf 87' lang='lat' dir='ltr'>p.</span> <span class='ocrx_word' id='word_1_161' title='bbox 814 1794 871 1846; x_wconf 74' lang='grc' dir='ltr'><strong><em>τοῖν</em></strong></span> <span class='ocrx_word' id='word_1_162' title='bbox 880 1787 1037 1862; x_wconf 74' lang='grc' dir='ltr'><strong><em>ἐπιτρέχειν</em></strong></span> <span class='ocrx_word' id='word_1_163' title='bbox 1045 1792 1097 1846; x_wconf 84' lang='grc' dir='ltr'><strong><em>τόν</em></strong></span> <span class='ocrx_word' id='word_1_164' title='bbox 1112 1789 1243 1860; x_wconf 73' lang='grc' dir='ltr'><strong><em>ποταμόν</em></strong></span> <span class='ocrx_word' id='word_1_165' title='bbox 1254 1794 1358 1860; x_wconf 84' lang='grc' dir='ltr'><strong><em>Πηνει-</em></strong></span> 
     </span>
     <span class='ocr_line' id='line_1_18' title="bbox 226 1857 1359 1932; baseline -0.004 -14"><span class='ocrx_word' id='word_1_166' title='bbox 226 1867 480 1930; x_wconf 54' lang='lat' dir='ltr'>tournebu&amp;</span> <span class='ocrx_word' id='word_1_167' title='bbox 514 1865 546 1915; x_wconf 90' lang='lat' dir='ltr'>ln</span> <span class='ocrx_word' id='word_1_168' title='bbox 561 1882 637 1932; x_wconf 87' lang='lat' dir='ltr'>seqq.</span> <span class='ocrx_word' id='word_1_169' title='bbox 650 1868 685 1917; x_wconf 90' lang='lat' dir='ltr'>ad</span> <span class='ocrx_word' id='word_1_170' title='bbox 699 1858 765 1916; x_wconf 79' lang='grc' dir='ltr'><strong><em>οὔτε</em></strong></span> <span class='ocrx_word' id='word_1_171' title='bbox 814 1860 865 1926; x_wconf 86' lang='grc' dir='ltr'>ὸν,</span> <span class='ocrx_word' id='word_1_172' title='bbox 886 1858 1026 1928; x_wconf 78' lang='grc' dir='ltr'><strong><em>πρότερον</em></strong></span> <span class='ocrx_word' id='word_1_173' title='bbox 1048 1857 1097 1915; x_wconf 73' lang='lat' dir='ltr'>diei</span> <span class='ocrx_word' id='word_1_174' title='bbox 1121 1860 1208 1930; x_wconf 79' lang='grc' dir='ltr'><strong><em>μέσης</em></strong></span> <span class='ocrx_word' id='word_1_175' title='bbox 1234 1864 1285 1929; x_wconf 83' lang='grc' dir='ltr'>τῆς</span> <span class='ocrx_word' id='word_1_176' title='bbox 1308 1857 1359 1914; x_wconf 71' lang='grc' dir='ltr'><strong><em>τό·</em></strong></span> 
     </span>
     <span class='ocr_line' id='line_1_19' title="bbox 226 1935 616 1997; baseline -0.003 -13"><span class='ocrx_word' id='word_1_177' title='bbox 226 1936 463 1987; x_wconf 74' lang='grc' dir='ltr'>-τει16.ε11ι14</span> <span class='ocrx_word' id='word_1_178' title='bbox 476 1935 511 1984; x_wconf 81' lang='lat' dir='ltr'>nd</span> <span class='ocrx_word' id='word_1_179' title='bbox 524 1937 576 1997; x_wconf 82' lang='lat' dir='ltr'>Vl,</span> <span class='ocrx_word' id='word_1_180' title='bbox 594 1937 616 1985; x_wconf 89' lang='lat' dir='ltr'>l.</span> 
     </span>
    </p>

    <p class='ocr_par' dir='ltr' id='par_1_5' title="bbox 226 1998 1358 2279">
     <span class='ocr_line' id='line_1_20' title="bbox 263 1998 1355 2069; baseline 0.001 -15"><span class='ocrx_word' id='word_1_181' title='bbox 263 1998 303 2054; x_wconf 86' lang='grc' dir='ltr'>Τό</span> <span class='ocrx_word' id='word_1_182' title='bbox 325 1998 355 2053; x_wconf 75' lang='lat' dir='ltr'>di</span> <span class='ocrx_word' id='word_1_183' title='bbox 370 1998 494 2055; x_wconf 72' lang='grc' dir='ltr'><strong><em>παλαιόν</em></strong></span> <span class='ocrx_word' id='word_1_184' title='bbox 511 2004 618 2068; x_wconf 76' lang='grc' dir='ltr'><strong><em>λέγεται</em></strong></span> <span class='ocrx_word' id='word_1_185' title='bbox 637 2019 662 2052; x_wconf 86' lang='grc' dir='ltr'>ιι.</span> <span class='ocrx_word' id='word_1_186' title='bbox 680 2018 704 2055; x_wconf 83' lang='grc' dir='ltr'><strong><em>τ,</em></strong></span> <span class='ocrx_word' id='word_1_187' title='bbox 726 2002 762 2069; x_wconf 73' lang='grc'>1.]</span> <span class='ocrx_word' id='word_1_188' title='bbox 813 2004 921 2067; x_wconf 66' lang='lat' dir='ltr'>tollor,</span> <span class='ocrx_word' id='word_1_189' title='bbox 932 2003 1161 2056; x_wconf 80' lang='lat' dir='ltr'>auctoreTaielio</span> <span class='ocrx_word' id='word_1_190' title='bbox 1173 2004 1202 2053; x_wconf 90' lang='lat' dir='ltr'>iu</span> <span class='ocrx_word' id='word_1_191' title='bbox 1214 2003 1355 2055; x_wconf 87' lang='lat' dir='ltr'>Dilucidd.</span> 
     </span>
     <span class='ocr_line' id='line_1_21' title="bbox 226 2066 1358 2140; baseline -0.005 -14"><span class='ocrx_word' id='word_1_192' title='bbox 226 2075 369 2126; x_wconf 88' lang='lat' dir='ltr'>Pertineut</span> <span class='ocrx_word' id='word_1_193' title='bbox 384 2074 452 2124; x_wconf 83' lang='lat' dir='ltr'>baec</span> <span class='ocrx_word' id='word_1_194' title='bbox 472 2072 507 2122; x_wconf 82' lang='lat' dir='ltr'>ad</span> <span class='ocrx_word' id='word_1_195' title='bbox 526 2088 601 2136; x_wconf 77' lang='lat' dir='ltr'>eam,</span> <span class='ocrx_word' id='word_1_196' title='bbox 620 2087 700 2138; x_wconf 87' lang='lat' dir='ltr'>quarn</span> <span class='ocrx_word' id='word_1_197' title='bbox 715 2073 766 2122; x_wconf 89' lang='lat' dir='ltr'>bu·</span> <span class='ocrx_word' id='word_1_198' title='bbox 814 2075 966 2124; x_wconf 72' lang='lat' dir='ltr'>Pindarico„</span> <span class='ocrx_word' id='word_1_199' title='bbox 990 2075 1018 2135; x_wconf 90' lang='lat'>1,</span> <span class='ocrx_word' id='word_1_200' title='bbox 1036 2076 1061 2125; x_wconf 81' lang='lat'>2.</span> <span class='ocrx_word' id='word_1_201' title='bbox 1083 2089 1146 2140; x_wconf 85' lang='lat' dir='ltr'>pag.</span> <span class='ocrx_word' id='word_1_202' title='bbox 1161 2074 1225 2138; x_wconf 76' lang='lat'>672)</span> <span class='ocrx_word' id='word_1_203' title='bbox 1255 2066 1358 2137; x_wconf 70' lang='grc' dir='ltr'><strong><em>ρέοντα</em></strong></span> 
     </span>
     <span class='ocr_line' id='line_1_22' title="bbox 226 2138 1357 2207; baseline -0.005 -13"><span class='ocrx_word' id='word_1_204' title='bbox 226 2146 268 2195; x_wconf 81' lang='lat' dir='ltr'>ius</span> <span class='ocrx_word' id='word_1_205' title='bbox 288 2158 350 2207; x_wconf 83' lang='lat' dir='ltr'>cop.</span> <span class='ocrx_word' id='word_1_206' title='bbox 368 2143 446 2192; x_wconf 90' lang='lat' dir='ltr'>initio</span> <span class='ocrx_word' id='word_1_207' title='bbox 462 2142 562 2192; x_wconf 86' lang='lat' dir='ltr'>Noster</span> <span class='ocrx_word' id='word_1_208' title='bbox 577 2143 707 2192; x_wconf 84' lang='lat' dir='ltr'>retulerat</span> <span class='ocrx_word' id='word_1_209' title='bbox 724 2142 765 2192; x_wconf 80' lang='lat' dir='ltr'>ie·</span> <span class='ocrx_word' id='word_1_210' title='bbox 814 2139 863 2192; x_wconf 73' lang='lat' dir='ltr'>uel</span> <span class='ocrx_word' id='word_1_211' title='bbox 873 2138 962 2192; x_wconf 74' lang='grc' dir='ltr'><strong><em>πολλοὶ</em></strong></span> <span class='ocrx_word' id='word_1_212' title='bbox 972 2139 1029 2192; x_wconf 74' lang='grc' dir='ltr'><strong><em>τῶν</em></strong></span> <span class='ocrx_word' id='word_1_213' title='bbox 1038 2141 1151 2207; x_wconf 79' lang='grc' dir='ltr'><strong><em>χωρίων</em></strong></span> <span class='ocrx_word' id='word_1_214' title='bbox 1165 2139 1357 2206; x_wconf 74' lang='grc' dir='ltr'><strong><em>διαφθείροι·</em></strong></span> 
     </span>
     <span class='ocr_line' id='line_1_23' title="bbox 226 2210 1357 2279; baseline 0 -16"><span class='ocrx_word' id='word_1_215' title='bbox 226 2228 297 2263; x_wconf 83' lang='lat' dir='ltr'>mam</span> <span class='ocrx_word' id='word_1_216' title='bbox 311 2212 343 2262; x_wconf 90' lang='lat' dir='ltr'>de</span> <span class='ocrx_word' id='word_1_217' title='bbox 355 2211 513 2273; x_wconf 77' lang='lat' dir='ltr'>Thessalis,</span> <span class='ocrx_word' id='word_1_218' title='bbox 530 2226 600 2277; x_wconf 84' lang='lat' dir='ltr'>queo</span> <span class='ocrx_word' id='word_1_219' title='bbox 615 2210 692 2262; x_wconf 87' lang='lat' dir='ltr'>lacus</span> <span class='ocrx_word' id='word_1_220' title='bbox 705 2227 765 2276; x_wconf 82' lang='lat' dir='ltr'>epe·</span> <span class='ocrx_word' id='word_1_221' title='bbox 815 2228 863 2261; x_wconf 82' lang='lat' dir='ltr'>tn:</span> <span class='ocrx_word' id='word_1_222' title='bbox 886 2228 1049 2279; x_wconf 84' lang='lat' dir='ltr'>quamquam</span> <span class='ocrx_word' id='word_1_223' title='bbox 1065 2213 1148 2263; x_wconf 81' lang='lat' dir='ltr'>aliern</span> <span class='ocrx_word' id='word_1_224' title='bbox 1166 2228 1277 2264; x_wconf 85' lang='lat' dir='ltr'>cansam</span> <span class='ocrx_word' id='word_1_225' title='bbox 1295 2228 1357 2277; x_wconf 93' lang='lat' dir='ltr'>pro·</span> 
     </span>
    </p>
   </div>
   <div class='ocr_carea' id='block_1_5' title="bbox 813 1930 1358 2003">
    <p class='ocr_par' dir='ltr' id='par_1_6' title="bbox 813 1930 1358 2003">
     <span class='ocr_line' id='line_1_24' title="bbox 813 1930 1358 2003; baseline -0.006 -19"><span class='ocrx_word' id='word_1_226' title='bbox 813 1935 882 1992; x_wconf 78' lang='grc' dir='ltr'><strong><em>λιιος</em></strong></span> <span class='ocrx_word' id='word_1_227' title='bbox 896 1935 955 2003; x_wconf 90' lang='lat' dir='ltr'>(nbi</span> <span class='ocrx_word' id='word_1_228' title='bbox 968 1935 1109 2001; x_wconf 87' lang='lat' dir='ltr'>legendnm</span> <span class='ocrx_word' id='word_1_229' title='bbox 1124 1930 1174 1983; x_wconf 77' lang='grc' dir='ltr'><strong><em>διὰ</em></strong></span> <span class='ocrx_word' id='word_1_230' title='bbox 1191 1933 1277 1999; x_wconf 77' lang='grc' dir='ltr'><strong><em>μέσης</em></strong></span> <span class='ocrx_word' id='word_1_231' title='bbox 1289 1932 1358 1985; x_wconf 73' lang='lat' dir='ltr'>Orr-</span> 
     </span>
    </p>
   </div>
   <div class='ocr_carea' id='block_1_6' title="bbox 187 2279 767 4349">
    <p class='ocr_par' dir='ltr' id='par_1_7' title="bbox 187 2279 767 4349">
     <span class='ocr_line' id='line_1_25' title="bbox 226 2279 765 2346; baseline -0.002 -14"><span class='ocrx_word' id='word_1_232' title='bbox 226 2283 296 2333; x_wconf 85' lang='lat' dir='ltr'>eiem</span> <span class='ocrx_word' id='word_1_233' title='bbox 311 2279 375 2331; x_wconf 89' lang='lat' dir='ltr'>olim</span> <span class='ocrx_word' id='word_1_234' title='bbox 387 2281 556 2345; x_wconf 74' lang='lat' dir='ltr'>praebuerit,</span> <span class='ocrx_word' id='word_1_235' title='bbox 571 2280 686 2331; x_wconf 79' lang='lat' dir='ltr'>teletam</span> <span class='ocrx_word' id='word_1_236' title='bbox 700 2296 765 2346; x_wconf 90' lang='lat' dir='ltr'>quo·</span> 
     </span>
     <span class='ocr_line' id='line_1_26' title="bbox 226 2349 765 2417; baseline 0 -16"><span class='ocrx_word' id='word_1_237' title='bbox 226 2367 278 2417; x_wconf 87' lang='lat' dir='ltr'>que</span> <span class='ocrx_word' id='word_1_238' title='bbox 290 2365 307 2400; x_wconf 80' lang='grc' dir='ltr'><strong><em>τ</em></strong></span> <span class='ocrx_word' id='word_1_239' title='bbox 325 2350 458 2401; x_wconf 73' lang='lat' dir='ltr'><strong>Strabone</strong></span> <span class='ocrx_word' id='word_1_240' title='bbox 470 2349 518 2401; x_wconf 84' lang='lat' dir='ltr'>tx.</span> <span class='ocrx_word' id='word_1_241' title='bbox 532 2366 556 2414; x_wconf 88' lang='lat' dir='ltr'>p.</span> <span class='ocrx_word' id='word_1_242' title='bbox 570 2349 622 2401; x_wconf 76' lang='grc'>658</span> <span class='ocrx_word' id='word_1_243' title='bbox 633 2350 666 2400; x_wconf 83' lang='grc' dir='ltr'>Δ.</span> <span class='ocrx_word' id='word_1_244' title='bbox 678 2366 700 2400; x_wconf 89' lang='lat' dir='ltr'>e.</span> <span class='ocrx_word' id='word_1_245' title='bbox 712 2350 765 2401; x_wconf 88' lang='grc'>430</span> 
     </span>
     <span class='ocr_line' id='line_1_27' title="bbox 228 2418 765 2485; baseline -0.002 -14"><span class='ocrx_word' id='word_1_246' title='bbox 228 2426 312 2485; x_wconf 81' lang='lat' dir='ltr'>etque</span> <span class='ocrx_word' id='word_1_247' title='bbox 337 2436 370 2471; x_wconf 80' lang='lat' dir='ltr'>ex</span> <span class='ocrx_word' id='word_1_248' title='bbox 396 2424 473 2483; x_wconf 86' lang='lat' dir='ltr'>parte</span> <span class='ocrx_word' id='word_1_249' title='bbox 495 2418 529 2468; x_wconf 87' lang='lat' dir='ltr'>ab</span> <span class='ocrx_word' id='word_1_250' title='bbox 544 2419 691 2469; x_wconf 84' lang='lat' dir='ltr'>Enatathiu</span> <span class='ocrx_word' id='word_1_251' title='bbox 709 2418 726 2468; x_wconf 95' lang='lat' dir='ltr'>l.</span> <span class='ocrx_word' id='word_1_252' title='bbox 747 2418 765 2471; x_wconf 90' lang='lat'>1.</span> 
     </span>
     <span class='ocr_line' id='line_1_28' title="bbox 226 2488 767 2553; baseline -0.004 -14"><span class='ocrx_word' id='word_1_253' title='bbox 226 2488 305 2553; x_wconf 78' lang='lat' dir='ltr'>Quod</span> <span class='ocrx_word' id='word_1_254' title='bbox 320 2504 385 2540; x_wconf 82' lang='lat' dir='ltr'>vero</span> <span class='ocrx_word' id='word_1_255' title='bbox 399 2493 488 2539; x_wconf 85' lang='lat' dir='ltr'>terrae</span> <span class='ocrx_word' id='word_1_256' title='bbox 509 2496 597 2550; x_wconf 87' lang='lat' dir='ltr'>motu,</span> <span class='ocrx_word' id='word_1_257' title='bbox 617 2504 698 2553; x_wconf 87' lang='lat' dir='ltr'>opere</span> <span class='ocrx_word' id='word_1_258' title='bbox 711 2489 767 2537; x_wconf 91' lang='lat' dir='ltr'>Ne·</span> 
     </span>
     <span class='ocr_line' id='line_1_29' title="bbox 225 2557 765 2624; baseline -0.004 -16"><span class='ocrx_word' id='word_1_259' title='bbox 225 2559 338 2624; x_wconf 84' lang='lat' dir='ltr'>ptunio,</span> <span class='ocrx_word' id='word_1_260' title='bbox 353 2557 495 2623; x_wconf 81' lang='lat' dir='ltr'><strong>Olympum</strong></span> <span class='ocrx_word' id='word_1_261' title='bbox 520 2562 548 2607; x_wconf 92' lang='lat' dir='ltr'>et</span> <span class='ocrx_word' id='word_1_262' title='bbox 567 2558 680 2619; x_wconf 76' lang='lat' dir='ltr'>Ossam,</span> <span class='ocrx_word' id='word_1_263' title='bbox 701 2557 765 2607; x_wconf 85' lang='lat' dir='ltr'>olim</span> 
     </span>
     <span class='ocr_line' id='line_1_30' title="bbox 226 2626 765 2691; baseline 0 -13"><span class='ocrx_word' id='word_1_264' title='bbox 226 2629 402 2687; x_wconf 84' lang='lat' dir='ltr'>coniunctos,</span> <span class='ocrx_word' id='word_1_265' title='bbox 422 2626 545 2678; x_wconf 83' lang='lat' dir='ltr'>divulsos</span> <span class='ocrx_word' id='word_1_266' title='bbox 564 2642 598 2677; x_wconf 85' lang='lat' dir='ltr'>ec</span> <span class='ocrx_word' id='word_1_267' title='bbox 621 2633 765 2691; x_wconf 68' lang='lat' dir='ltr'>reparator</span> 
     </span>
     <span class='ocr_line' id='line_1_31' title="bbox 225 2695 766 2762; baseline -0.004 -13"><span class='ocrx_word' id='word_1_268' title='bbox 225 2697 390 2749; x_wconf 82' lang='lat' dir='ltr'>esreNoster</span> <span class='ocrx_word' id='word_1_269' title='bbox 400 2695 514 2758; x_wconf 81' lang='lat' dir='ltr'>indicat,</span> <span class='ocrx_word' id='word_1_270' title='bbox 524 2697 641 2762; x_wconf 87' lang='lat' dir='ltr'>probant</span> <span class='ocrx_word' id='word_1_271' title='bbox 652 2696 766 2747; x_wconf 86' lang='lat' dir='ltr'>aliorum</span> 
     </span>
     <span class='ocr_line' id='line_1_32' title="bbox 226 2765 765 2832; baseline -0.002 -16"><span class='ocrx_word' id='word_1_272' title='bbox 226 2781 332 2832; x_wconf 85' lang='lat' dir='ltr'>quoque</span> <span class='ocrx_word' id='word_1_273' title='bbox 355 2766 527 2826; x_wconf 80' lang='lat' dir='ltr'>testimonio,</span> <span class='ocrx_word' id='word_1_274' title='bbox 561 2765 708 2817; x_wconf 74' lang='lat' dir='ltr'>Claudiani</span> <span class='ocrx_word' id='word_1_275' title='bbox 731 2765 765 2815; x_wconf 92' lang='lat' dir='ltr'>de</span> 
     </span>
     <span class='ocr_line' id='line_1_33' title="bbox 224 2834 765 2899; baseline 0.002 -13"><span class='ocrx_word' id='word_1_276' title='bbox 224 2836 308 2899; x_wconf 81' lang='lat' dir='ltr'>cht.</span> <span class='ocrx_word' id='word_1_277' title='bbox 328 2835 406 2885; x_wconf 84' lang='grc' dir='ltr'><strong><em>Ριοτ.</em></strong></span> <span class='ocrx_word' id='word_1_278' title='bbox 427 2836 469 2898; x_wconf 90' lang='lat'>11,</span> <span class='ocrx_word' id='word_1_279' title='bbox 495 2836 551 2887; x_wconf 83' lang='grc'>179.</span> <span class='ocrx_word' id='word_1_280' title='bbox 572 2837 687 2886; x_wconf 85' lang='lat' dir='ltr'>Diodor.</span> <span class='ocrx_word' id='word_1_281' title='bbox 709 2834 765 2887; x_wconf 83' lang='lat' dir='ltr'>Sic.</span> 
     </span>
     <span class='ocr_line' id='line_1_34' title="bbox 225 2902 764 2968; baseline 0 -13"><span class='ocrx_word' id='word_1_282' title='bbox 225 2905 272 2966; x_wconf 85' lang='lat' dir='ltr'>lV,</span> <span class='ocrx_word' id='word_1_283' title='bbox 287 2904 326 2953; x_wconf 88' lang='grc'>18.</span> <span class='ocrx_word' id='word_1_284' title='bbox 341 2902 501 2954; x_wconf 83' lang='lat' dir='ltr'>Philostrat.</span> <span class='ocrx_word' id='word_1_285' title='bbox 515 2905 764 2968; x_wconf 74' lang='grc' dir='ltr'><strong><em>Ιαοιι.11,14.μις.</em></strong></span> 
     </span>
     <span class='ocr_line' id='line_1_35' title="bbox 224 2971 766 3038; baseline -0.004 -15"><span class='ocrx_word' id='word_1_286' title='bbox 224 2973 276 3023; x_wconf 79' lang='grc'>635</span> <span class='ocrx_word' id='word_1_287' title='bbox 293 2971 356 3023; x_wconf 87' lang='grc' dir='ltr'><strong><em>σο11.</em></strong></span> <span class='ocrx_word' id='word_1_288' title='bbox 376 2973 442 3033; x_wconf 85' lang='grc'><strong>831,</strong></span> <span class='ocrx_word' id='word_1_289' title='bbox 463 2987 532 3038; x_wconf 79' lang='lat' dir='ltr'>quse</span> <span class='ocrx_word' id='word_1_290' title='bbox 551 2973 650 3022; x_wconf 89' lang='lat' dir='ltr'>dudum</span> <span class='ocrx_word' id='word_1_291' title='bbox 665 2972 766 3022; x_wconf 86' lang='lat' dir='ltr'>attule-</span> 
     </span>
     <span class='ocr_line' id='line_1_36' title="bbox 223 3041 765 3105; baseline -0.004 -14"><span class='ocrx_word' id='word_1_292' title='bbox 223 3046 288 3105; x_wconf 85' lang='lat' dir='ltr'>runt¹</span> <span class='ocrx_word' id='word_1_293' title='bbox 303 3041 440 3092; x_wconf 89' lang='lat' dir='ltr'>Herodoti</span> <span class='ocrx_word' id='word_1_294' title='bbox 458 3043 633 3105; x_wconf 56' lang='lat' dir='ltr'>interpretem</span> <span class='ocrx_word' id='word_1_295' title='bbox 655 3042 765 3104; x_wconf 86' lang='lat' dir='ltr'>probet-</span> 
     </span>
     <span class='ocr_line' id='line_1_37' title="bbox 224 3108 762 3175; baseline -0.004 -14"><span class='ocrx_word' id='word_1_296' title='bbox 224 3126 275 3175; x_wconf 89' lang='lat' dir='ltr'>que</span> <span class='ocrx_word' id='word_1_297' title='bbox 299 3110 386 3160; x_wconf 85' lang='lat' dir='ltr'>omnis</span> <span class='ocrx_word' id='word_1_298' title='bbox 407 3108 485 3160; x_wconf 85' lang='lat' dir='ltr'>buius</span> <span class='ocrx_word' id='word_1_299' title='bbox 505 3111 626 3174; x_wconf 76' lang='lat' dir='ltr'>regionis</span> <span class='ocrx_word' id='word_1_300' title='bbox 648 3108 762 3174; x_wconf 84' lang='lat' dir='ltr'>indoles,</span> 
     </span>
     <span class='ocr_line' id='line_1_38' title="bbox 224 3176 764 3245; baseline 0.004 -17"><span class='ocrx_word' id='word_1_301' title='bbox 224 3177 329 3245; x_wconf 84' lang='lat' dir='ltr'>qnelern</span> <span class='ocrx_word' id='word_1_302' title='bbox 354 3176 398 3227; x_wconf 85' lang='lat' dir='ltr'>vel</span> <span class='ocrx_word' id='word_1_303' title='bbox 417 3179 577 3229; x_wconf 74' lang='lat' dir='ltr'>recentioris</span> <span class='ocrx_word' id='word_1_304' title='bbox 590 3179 693 3229; x_wconf 83' lang='lat' dir='ltr'>notatis</span> <span class='ocrx_word' id='word_1_305' title='bbox 710 3179 764 3229; x_wconf 88' lang='lat' dir='ltr'>viri</span> 
     </span>
     <span class='ocr_line' id='line_1_39' title="bbox 223 3247 763 3314; baseline 0.004 -17"><span class='ocrx_word' id='word_1_306' title='bbox 223 3247 763 3314; x_wconf 80' lang='lat' dir='ltr'>peregrinetoreedoeti‚quuseuprelnn·</span> 
     </span>
     <span class='ocr_line' id='line_1_40' title="bbox 187 3315 764 3380; baseline 0.005 -13"><span class='ocrx_word' id='word_1_307' title='bbox 187 3365 200 3378; x_wconf 74' lang='grc'>,</span> <span class='ocrx_word' id='word_1_308' title='bbox 223 3315 362 3377; x_wconf 82' lang='lat' dir='ltr'>devimua,</span> <span class='ocrx_word' id='word_1_309' title='bbox 374 3322 543 3380; x_wconf 85' lang='lat' dir='ltr'>repererunt.</span> <span class='ocrx_word' id='word_1_310' title='bbox 567 3317 667 3367; x_wconf 87' lang='lat' dir='ltr'>Merito</span> <span class='ocrx_word' id='word_1_311' title='bbox 679 3318 764 3380; x_wconf 84' lang='lat' dir='ltr'>igitur</span> 
     </span>
     <span class='ocr_line' id='line_1_41' title="bbox 223 3385 764 3450; baseline 0.004 -14"><span class='ocrx_word' id='word_1_312' title='bbox 223 3386 391 3449; x_wconf 80' lang='lat' dir='ltr'>Neptunium</span> <span class='ocrx_word' id='word_1_313' title='bbox 405 3399 473 3449; x_wconf 84' lang='lat' dir='ltr'>opus</span> <span class='ocrx_word' id='word_1_314' title='bbox 486 3385 662 3450; x_wconf 87' lang='lat' dir='ltr'>praedicatur</span> <span class='ocrx_word' id='word_1_315' title='bbox 677 3386 764 3438; x_wconf 85' lang='lat' dir='ltr'>Thea·</span> 
     </span>
     <span class='ocr_line' id='line_1_42' title="bbox 223 3453 761 3522; baseline 0.006 -17"><span class='ocrx_word' id='word_1_316' title='bbox 223 3453 307 3516; x_wconf 82' lang='lat' dir='ltr'>salia,</span> <span class='ocrx_word' id='word_1_317' title='bbox 333 3453 440 3518; x_wconf 74' lang='lat' dir='ltr'>quondo</span> <span class='ocrx_word' id='word_1_318' title='bbox 461 3455 569 3520; x_wconf 87' lang='lat' dir='ltr'>quidem</span> <span class='ocrx_word' id='word_1_319' title='bbox 588 3471 761 3522; x_wconf 86' lang='lat' dir='ltr'>quoscunque</span> 
     </span>
     <span class='ocr_line' id='line_1_43' title="bbox 222 3522 761 3586; baseline 0.006 -13"><span class='ocrx_word' id='word_1_320' title='bbox 222 3528 313 3575; x_wconf 83' lang='lat' dir='ltr'>terrae</span> <span class='ocrx_word' id='word_1_321' title='bbox 323 3527 421 3585; x_wconf 83' lang='lat' dir='ltr'>motus,</span> <span class='ocrx_word' id='word_1_322' title='bbox 433 3522 547 3585; x_wconf 73' lang='lat' dir='ltr'>diluvia,</span> <span class='ocrx_word' id='word_1_323' title='bbox 559 3523 761 3586; x_wconf 83' lang='lat' dir='ltr'>inundationes,</span> 
     </span>
     <span class='ocr_line' id='line_1_44' title="bbox 223 3582 762 3659; baseline 0.006 -17"><span class='ocrx_word' id='word_1_324' title='bbox 223 3592 361 3643; x_wconf 87' lang='lat' dir='ltr'>fluminum</span> <span class='ocrx_word' id='word_1_325' title='bbox 370 3582 762 3659; x_wconf 68' lang='lat' dir='ltr'>somarisiupn&#39;ypnruNeptu-</span> 
     </span>
     <span class='ocr_line' id='line_1_45' title="bbox 223 3662 761 3727; baseline 0.006 -16"><span class='ocrx_word' id='word_1_326' title='bbox 223 3677 259 3711; x_wconf 91' lang='lat' dir='ltr'>no</span> <span class='ocrx_word' id='word_1_327' title='bbox 270 3667 393 3712; x_wconf 82' lang='lat' dir='ltr'>veterum</span> <span class='ocrx_word' id='word_1_328' title='bbox 410 3662 506 3713; x_wconf 80' lang='lat' dir='ltr'>tribuit</span> <span class='ocrx_word' id='word_1_329' title='bbox 518 3664 694 3727; x_wconf 76' lang='lat' dir='ltr'>superstitio,</span> <span class='ocrx_word' id='word_1_330' title='bbox 713 3665 761 3727; x_wconf 89' lang='lat' dir='ltr'>qui</span> 
     </span>
     <span class='ocr_line' id='line_1_46' title="bbox 223 3723 761 3796; baseline 0.006 -18"><span class='ocrx_word' id='word_1_331' title='bbox 223 3729 285 3780; x_wconf 88' lang='lat' dir='ltr'>hino</span> <span class='ocrx_word' id='word_1_332' title='bbox 297 3723 482 3794; x_wconf 75' lang='grc' dir='ltr'><strong><em>Ἐνοσίηαιος,</em></strong></span> <span class='ocrx_word' id='word_1_333' title='bbox 499 3723 684 3796; x_wconf 77' lang='grc' dir='ltr'><strong><em>Ἐνοσίχθων,</em></strong></span> <span class='ocrx_word' id='word_1_334' title='bbox 698 3731 761 3781; x_wconf 82' lang='grc' dir='ltr'><strong><em>Σει-</em></strong></span> 
     </span>
     <span class='ocr_line' id='line_1_47' title="bbox 223 3796 759 3866; baseline 0.009 -19"><span class='ocrx_word' id='word_1_335' title='bbox 223 3796 342 3863; x_wconf 60' lang='lat' dir='ltr'>alzone,</span> <span class='ocrx_word' id='word_1_336' title='bbox 359 3796 545 3863; x_wconf 76' lang='grc' dir='ltr'><strong><em>Κινησίχθων</em></strong></span> <span class='ocrx_word' id='word_1_337' title='bbox 556 3800 759 3866; x_wconf 69' lang='lat' dir='ltr'>appellabatur:</span> 
     </span>
     <span class='ocr_line' id='line_1_48' title="bbox 222 3869 760 3935; baseline 0.007 -18"><span class='ocrx_word' id='word_1_338' title='bbox 222 3882 292 3932; x_wconf 77' lang='lat' dir='ltr'>quoe</span> <span class='ocrx_word' id='word_1_339' title='bbox 303 3869 394 3920; x_wconf 81' lang='lat' dir='ltr'>omnia</span> <span class='ocrx_word' id='word_1_340' title='bbox 407 3869 451 3919; x_wconf 89' lang='lat' dir='ltr'>dei</span> <span class='ocrx_word' id='word_1_341' title='bbox 464 3871 626 3935; x_wconf 86' lang='lat' dir='ltr'>cognomina</span> <span class='ocrx_word' id='word_1_342' title='bbox 641 3870 676 3920; x_wconf 87' lang='lat' dir='ltr'>ad</span> <span class='ocrx_word' id='word_1_343' title='bbox 690 3870 760 3922; x_wconf 90' lang='lat' dir='ltr'>hanc</span> 
     </span>
     <span class='ocr_line' id='line_1_49' title="bbox 221 3937 760 4005; baseline 0.009 -20"><span class='ocrx_word' id='word_1_344' title='bbox 221 3937 310 4001; x_wconf 83' lang='lat' dir='ltr'>ipsam</span> <span class='ocrx_word' id='word_1_345' title='bbox 319 3937 377 3987; x_wconf 89' lang='lat' dir='ltr'>eius</span> <span class='ocrx_word' id='word_1_346' title='bbox 388 3942 515 4002; x_wconf 83' lang='lat' dir='ltr'>spectent</span> <span class='ocrx_word' id='word_1_347' title='bbox 526 3939 582 3989; x_wconf 84' lang='lat' dir='ltr'>virn</span> <span class='ocrx_word' id='word_1_348' title='bbox 593 3956 626 3989; x_wconf 83' lang='lat' dir='ltr'>eo</span> <span class='ocrx_word' id='word_1_349' title='bbox 639 3944 760 4005; x_wconf 81' lang='lat' dir='ltr'>potesta-</span> 
     </span>
     <span class='ocr_line' id='line_1_50' title="bbox 222 4005 759 4075; baseline 0.009 -21"><span class='ocrx_word' id='word_1_350' title='bbox 222 4011 287 4067; x_wconf 85' lang='lat' dir='ltr'>tem,</span> <span class='ocrx_word' id='word_1_351' title='bbox 299 4021 353 4071; x_wconf 79' lang='lat' dir='ltr'>quc</span> <span class='ocrx_word' id='word_1_352' title='bbox 366 4005 434 4056; x_wconf 83' lang='lat' dir='ltr'>talin</span> <span class='ocrx_word' id='word_1_353' title='bbox 447 4007 474 4056; x_wconf 91' lang='lat' dir='ltr'>in</span> <span class='ocrx_word' id='word_1_354' title='bbox 485 4012 583 4059; x_wconf 79' lang='lat' dir='ltr'>nature</span> <span class='ocrx_word' id='word_1_355' title='bbox 592 4008 699 4075; x_wconf 77' lang='lat' dir='ltr'>effioere</span> <span class='ocrx_word' id='word_1_356' title='bbox 710 4025 759 4074; x_wconf 91' lang='lat' dir='ltr'>pu·</span> 
     </span>
     <span class='ocr_line' id='line_1_51' title="bbox 222 4075 759 4138; baseline 0.002 -12"><span class='ocrx_word' id='word_1_357' title='bbox 222 4076 342 4126; x_wconf 85' lang='lat' dir='ltr'>tabatur.</span> <span class='ocrx_word' id='word_1_358' title='bbox 380 4075 440 4125; x_wconf 84' lang='lat' dir='ltr'>vid.</span> <span class='ocrx_word' id='word_1_359' title='bbox 458 4076 540 4127; x_wconf 87' lang='lat' dir='ltr'>Diod.</span> <span class='ocrx_word' id='word_1_360' title='bbox 560 4078 619 4138; x_wconf 80' lang='lat' dir='ltr'>XV,</span> <span class='ocrx_word' id='word_1_361' title='bbox 633 4078 677 4129; x_wconf 83' lang='grc'>49.</span> <span class='ocrx_word' id='word_1_362' title='bbox 696 4080 759 4127; x_wconf 87' lang='lat' dir='ltr'>Arn-</span> 
     </span>
     <span class='ocr_line' id='line_1_52' title="bbox 221 4143 759 4212; baseline 0.006 -19"><span class='ocrx_word' id='word_1_363' title='bbox 221 4144 303 4194; x_wconf 84' lang='lat' dir='ltr'>mian.</span> <span class='ocrx_word' id='word_1_364' title='bbox 315 4143 437 4194; x_wconf 71' lang='lat' dir='ltr'>Marcell.</span> <span class='ocrx_word' id='word_1_365' title='bbox 449 4145 544 4207; x_wconf 83' lang='lat' dir='ltr'>XVII,</span> <span class='ocrx_word' id='word_1_366' title='bbox 560 4147 577 4198; x_wconf 88' lang='lat'>8</span> <span class='ocrx_word' id='word_1_367' title='bbox 591 4147 673 4212; x_wconf 82' lang='lat' dir='ltr'>(quoe</span> <span class='ocrx_word' id='word_1_368' title='bbox 686 4153 759 4197; x_wconf 76' lang='lat' dir='ltr'>sttu-</span> 
     </span>
     <span class='ocr_line' id='line_1_53' title="bbox 220 4212 758 4279; baseline 0.007 -17"><span class='ocrx_word' id='word_1_369' title='bbox 220 4213 254 4262; x_wconf 88' lang='lat' dir='ltr'>lit</span> <span class='ocrx_word' id='word_1_370' title='bbox 265 4212 441 4277; x_wconf 86' lang='lat' dir='ltr'>Weeseling.)</span> <span class='ocrx_word' id='word_1_371' title='bbox 456 4220 483 4264; x_wconf 88' lang='lat' dir='ltr'>et</span> <span class='ocrx_word' id='word_1_372' title='bbox 496 4216 668 4279; x_wconf 80' lang='lat' dir='ltr'>potissimum</span> <span class='ocrx_word' id='word_1_373' title='bbox 677 4217 758 4267; x_wconf 83' lang='lat' dir='ltr'>Oreu-</span> 
     </span>
     <span class='ocr_line' id='line_1_54' title="bbox 222 4281 757 4349; baseline 0.006 -18"><span class='ocrx_word' id='word_1_374' title='bbox 222 4296 275 4331; x_wconf 81' lang='grc' dir='ltr'><strong><em>τοι.</em></strong></span> <span class='ocrx_word' id='word_1_375' title='bbox 295 4281 323 4330; x_wconf 89' lang='lat' dir='ltr'>in</span> <span class='ocrx_word' id='word_1_376' title='bbox 343 4281 461 4347; x_wconf 83' lang='lat' dir='ltr'>Symboi.</span> <span class='ocrx_word' id='word_1_377' title='bbox 483 4284 535 4338; x_wconf 88' lang='lat'>111.</span> <span class='ocrx_word' id='word_1_378' title='bbox 556 4300 618 4349; x_wconf 86' lang='lat' dir='ltr'>pag.</span> <span class='ocrx_word' id='word_1_379' title='bbox 633 4285 685 4337; x_wconf 77' lang='lat'>260</span> <span class='ocrx_word' id='word_1_380' title='bbox 699 4301 757 4349; x_wconf 83' lang='lat' dir='ltr'>seq.</span> 
     </span>
    </p>
   </div>
   <div class='ocr_carea' id='block_1_7' title="bbox 808 2281 1379 4356">
    <p class='ocr_par' dir='ltr' id='par_1_8' title="bbox 808 2281 1379 4356">
     <span class='ocr_line' id='line_1_55' title="bbox 815 2281 1357 2347; baseline -0.004 -16"><span class='ocrx_word' id='word_1_381' title='bbox 815 2281 919 2346; x_wconf 77' lang='lat' dir='ltr'>profert</span> <span class='ocrx_word' id='word_1_382' title='bbox 933 2281 1088 2333; x_wconf 74' lang='lat' dir='ltr'>Scholiasta</span> <span class='ocrx_word' id='word_1_383' title='bbox 1103 2281 1242 2347; x_wconf 82' lang='lat' dir='ltr'>Apollonii</span> <span class='ocrx_word' id='word_1_384' title='bbox 1256 2281 1357 2333; x_wconf 84' lang='lat' dir='ltr'>Rhodii</span> 
     </span>
     <span class='ocr_line' id='line_1_56' title="bbox 815 2350 1355 2416; baseline 0 -15"><span class='ocrx_word' id='word_1_385' title='bbox 815 2352 869 2411; x_wconf 84' lang='lat' dir='ltr'>w,</span> <span class='ocrx_word' id='word_1_386' title='bbox 888 2354 953 2402; x_wconf 73' lang='grc'><strong>1244</strong></span> <span class='ocrx_word' id='word_1_387' title='bbox 969 2369 986 2401; x_wconf 86' lang='lat' dir='ltr'>u</span> <span class='ocrx_word' id='word_1_388' title='bbox 999 2350 1059 2401; x_wconf 83' lang='lat' dir='ltr'>loco</span> <span class='ocrx_word' id='word_1_389' title='bbox 1072 2351 1247 2412; x_wconf 80' lang='lat' dir='ltr'>Thessaliae,</span> <span class='ocrx_word' id='word_1_390' title='bbox 1262 2353 1290 2401; x_wconf 89' lang='lat' dir='ltr'>in</span> <span class='ocrx_word' id='word_1_391' title='bbox 1301 2367 1355 2416; x_wconf 88' lang='lat' dir='ltr'>quo</span> 
     </span>
     <span class='ocr_line' id='line_1_57' title="bbox 814 2419 1358 2484; baseline 0 -14"><span class='ocrx_word' id='word_1_392' title='bbox 814 2419 873 2471; x_wconf 90' lang='lat' dir='ltr'>ludi</span> <span class='ocrx_word' id='word_1_393' title='bbox 886 2422 915 2470; x_wconf 92' lang='lat' dir='ltr'>in</span> <span class='ocrx_word' id='word_1_394' title='bbox 926 2421 1047 2484; x_wconf 85' lang='lat' dir='ltr'>Neptuni</span> <span class='ocrx_word' id='word_1_395' title='bbox 1057 2420 1186 2471; x_wconf 86' lang='lat' dir='ltr'>honorem</span> <span class='ocrx_word' id='word_1_396' title='bbox 1198 2420 1285 2472; x_wconf 85' lang='lat' dir='ltr'>habiti</span> <span class='ocrx_word' id='word_1_397' title='bbox 1297 2420 1358 2470; x_wconf 84' lang='lat' dir='ltr'>ine-</span> 
     </span>
     <span class='ocr_line' id='line_1_58' title="bbox 814 2488 1357 2552; baseline -0.004 -13"><span class='ocrx_word' id='word_1_398' title='bbox 814 2490 886 2552; x_wconf 89' lang='lat' dir='ltr'>rint,</span> <span class='ocrx_word' id='word_1_399' title='bbox 900 2490 978 2541; x_wconf 86' lang='lat' dir='ltr'>deum</span> <span class='ocrx_word' id='word_1_400' title='bbox 993 2495 1119 2540; x_wconf 84' lang='lat' dir='ltr'>vocatum</span> <span class='ocrx_word' id='word_1_401' title='bbox 1134 2505 1195 2540; x_wconf 82' lang='lat' dir='ltr'>esse</span> <span class='ocrx_word' id='word_1_402' title='bbox 1213 2488 1357 2550; x_wconf 69' lang='lat' dir='ltr'>Hesperios</span> 
     </span>
     <span class='ocr_line' id='line_1_59' title="bbox 814 2558 1357 2618; baseline 0.004 -11"><span class='ocrx_word' id='word_1_403' title='bbox 814 2558 951 2618; x_wconf 86' lang='lat' dir='ltr'>scribens;</span> <span class='ocrx_word' id='word_1_404' title='bbox 971 2564 1003 2608; x_wconf 91' lang='lat' dir='ltr'>tu</span> <span class='ocrx_word' id='word_1_405' title='bbox 1022 2558 1079 2609; x_wconf 81' lang='lat' dir='ltr'>vid.</span> <span class='ocrx_word' id='word_1_406' title='bbox 1092 2559 1229 2610; x_wconf 81' lang='lat' dir='ltr'>Gerberd:</span> <span class='ocrx_word' id='word_1_407' title='bbox 1247 2558 1357 2610; x_wconf 88' lang='lat' dir='ltr'>Griech.</span> 
     </span>
     <span class='ocr_line' id='line_1_60' title="bbox 814 2626 1357 2693; baseline 0.004 -16"><span class='ocrx_word' id='word_1_408' title='bbox 814 2628 964 2693; x_wconf 79' lang='lat' dir='ltr'>Mytholog.</span> <span class='ocrx_word' id='word_1_409' title='bbox 976 2627 999 2677; x_wconf 88' lang='lat'>1.</span> <span class='ocrx_word' id='word_1_410' title='bbox 1016 2631 1040 2691; x_wconf 68' lang='grc'>5.</span> <span class='ocrx_word' id='word_1_411' title='bbox 1052 2626 1112 2678; x_wconf 76' lang='lat'><strong>232.</strong></span> <span class='ocrx_word' id='word_1_412' title='bbox 1128 2634 1185 2681; x_wconf 89' lang='lat' dir='ltr'>not.</span> <span class='ocrx_word' id='word_1_413' title='bbox 1199 2630 1224 2678; x_wconf 74' lang='lat'>2.</span> <span class='ocrx_word' id='word_1_414' title='bbox 1238 2626 1357 2680; x_wconf 86' lang='lat' dir='ltr'>Prelier:</span> 
     </span>
     <span class='ocr_line' id='line_1_61' title="bbox 814 2696 1356 2764; baseline -0.004 -17"><span class='ocrx_word' id='word_1_415' title='bbox 814 2696 1141 2762; x_wconf 66' lang='lat' dir='ltr'>Grieehisehtlythotug.</span> <span class='ocrx_word' id='word_1_416' title='bbox 1156 2699 1177 2751; x_wconf 90' lang='lat' dir='ltr'>l.</span> <span class='ocrx_word' id='word_1_417' title='bbox 1191 2713 1217 2762; x_wconf 88' lang='lat' dir='ltr'>p.</span> <span class='ocrx_word' id='word_1_418' title='bbox 1232 2696 1283 2749; x_wconf 76' lang='grc'>366</span> <span class='ocrx_word' id='word_1_419' title='bbox 1295 2714 1356 2764; x_wconf 85' lang='lat' dir='ltr'>seq.</span> 
     </span>
     <span class='ocr_line' id='line_1_62' title="bbox 814 2766 1357 2818; baseline 0.004 -2"><span class='ocrx_word' id='word_1_420' title='bbox 814 2766 943 2817; x_wconf 84' lang='lat' dir='ltr'>Cernitur</span> <span class='ocrx_word' id='word_1_421' title='bbox 952 2771 1043 2817; x_wconf 81' lang='lat' dir='ltr'>autern</span> <span class='ocrx_word' id='word_1_422' title='bbox 1053 2766 1104 2817; x_wconf 88' lang='lat' dir='ltr'>bec</span> <span class='ocrx_word' id='word_1_423' title='bbox 1114 2780 1146 2816; x_wconf 83' lang='lat' dir='ltr'>ex</span> <span class='ocrx_word' id='word_1_424' title='bbox 1152 2766 1284 2817; x_wconf 86' lang='lat' dir='ltr'>Herodoti</span> <span class='ocrx_word' id='word_1_425' title='bbox 1295 2766 1357 2818; x_wconf 88' lang='lat' dir='ltr'>loco</span> 
     </span>
     <span class='ocr_line' id='line_1_63' title="bbox 815 2833 1355 2901; baseline 0.009 -16"><span class='ocrx_word' id='word_1_426' title='bbox 815 2833 858 2899; x_wconf 89' lang='lat' dir='ltr'>(ut</span> <span class='ocrx_word' id='word_1_427' title='bbox 882 2835 951 2886; x_wconf 86' lang='lat' dir='ltr'>bene</span> <span class='ocrx_word' id='word_1_428' title='bbox 977 2840 1069 2886; x_wconf 84' lang='lat' dir='ltr'>monet</span> <span class='ocrx_word' id='word_1_429' title='bbox 1100 2836 1198 2901; x_wconf 80' lang='lat' dir='ltr'>iceger</span> <span class='ocrx_word' id='word_1_430' title='bbox 1222 2837 1355 2890; x_wconf 79' lang='lat' dir='ltr'>Dissertt.</span> 
     </span>
     <span class='ocr_line' id='line_1_64' title="bbox 814 2904 1357 2970; baseline 0.004 -16"><span class='ocrx_word' id='word_1_431' title='bbox 814 2905 935 2955; x_wconf 87' lang='lat' dir='ltr'>Herodd.</span> <span class='ocrx_word' id='word_1_432' title='bbox 954 2920 1014 2970; x_wconf 83' lang='lat' dir='ltr'>pag.</span> <span class='ocrx_word' id='word_1_433' title='bbox 1031 2904 1076 2970; x_wconf 77' lang='lat'>32)</span> <span class='ocrx_word' id='word_1_434' title='bbox 1101 2904 1222 2955; x_wconf 89' lang='lat' dir='ltr'>studium</span> <span class='ocrx_word' id='word_1_435' title='bbox 1249 2904 1357 2956; x_wconf 77' lang='lat' dir='ltr'>altioris</span> 
     </span>
     <span class='ocr_line' id='line_1_65' title="bbox 814 2973 1357 3041; baseline 0.006 -18"><span class='ocrx_word' id='word_1_436' title='bbox 814 2990 902 3024; x_wconf 84' lang='lat' dir='ltr'>rerum</span> <span class='ocrx_word' id='word_1_437' title='bbox 912 2973 1248 3038; x_wconf 84' lang='lat' dir='ltr'>divinarumcoguitiouia.</span> <span class='ocrx_word' id='word_1_438' title='bbox 1261 2976 1357 3041; x_wconf 84' lang='lat' dir='ltr'>Neque</span> 
     </span>
     <span class='ocr_line' id='line_1_66' title="bbox 814 3042 1357 3107; baseline 0.004 -14"><span class='ocrx_word' id='word_1_439' title='bbox 814 3045 885 3093; x_wconf 86' lang='lat' dir='ltr'>enirn</span> <span class='ocrx_word' id='word_1_440' title='bbox 903 3042 948 3092; x_wconf 86' lang='lat' dir='ltr'>iiie</span> <span class='ocrx_word' id='word_1_441' title='bbox 964 3046 993 3092; x_wconf 91' lang='lat' dir='ltr'>in</span> <span class='ocrx_word' id='word_1_442' title='bbox 1005 3043 1079 3107; x_wconf 80' lang='lat' dir='ltr'>vulgi</span> <span class='ocrx_word' id='word_1_443' title='bbox 1096 3043 1293 3094; x_wconf 80' lang='lat' dir='ltr'>traditionibus</span> <span class='ocrx_word' id='word_1_444' title='bbox 1307 3060 1357 3095; x_wconf 80' lang='lat' dir='ltr'>ac·</span> 
     </span>
     <span class='ocr_line' id='line_1_67' title="bbox 813 3112 1357 3178; baseline 0 -15"><span class='ocrx_word' id='word_1_445' title='bbox 813 3113 933 3178; x_wconf 80' lang='lat' dir='ltr'>quierit,</span> <span class='ocrx_word' id='word_1_446' title='bbox 949 3112 996 3162; x_wconf 82' lang='lat' dir='ltr'>sed</span> <span class='ocrx_word' id='word_1_447' title='bbox 1008 3113 1134 3163; x_wconf 79' lang='lat' dir='ltr'>citiorem</span> <span class='ocrx_word' id='word_1_448' title='bbox 1147 3128 1235 3162; x_wconf 85' lang='lat' dir='ltr'>rerum</span> <span class='ocrx_word' id='word_1_449' title='bbox 1247 3114 1357 3164; x_wconf 83' lang='lat' dir='ltr'>divina-</span> 
     </span>
     <span class='ocr_line' id='line_1_68' title="bbox 812 3182 1357 3246; baseline 0.006 -15"><span class='ocrx_word' id='word_1_450' title='bbox 812 3198 871 3232; x_wconf 90' lang='lat' dir='ltr'>rum</span> <span class='ocrx_word' id='word_1_451' title='bbox 886 3184 1069 3246; x_wconf 78' lang='lat' dir='ltr'>cognitionem</span> <span class='ocrx_word' id='word_1_452' title='bbox 1082 3183 1223 3246; x_wconf 79' lang='lat' dir='ltr'>requirens</span> <span class='ocrx_word' id='word_1_453' title='bbox 1240 3182 1357 3234; x_wconf 80' lang='lat' dir='ltr'>ulterius</span> 
     </span>
     <span class='ocr_line' id='line_1_69' title="bbox 812 3251 1356 3317; baseline 0.006 -17"><span class='ocrx_word' id='word_1_454' title='bbox 812 3251 983 3316; x_wconf 85' lang='lat' dir='ltr'>progreditur</span> <span class='ocrx_word' id='word_1_455' title='bbox 1002 3253 1030 3302; x_wconf 92' lang='lat' dir='ltr'>in</span> <span class='ocrx_word' id='word_1_456' title='bbox 1048 3255 1174 3301; x_wconf 74' lang='lat' dir='ltr'>naturam</span> <span class='ocrx_word' id='word_1_457' title='bbox 1187 3253 1356 3317; x_wconf 86' lang='lat' dir='ltr'>singulorum</span> 
     </span>
     <span class='ocr_line' id='line_1_70' title="bbox 813 3320 1356 3386; baseline 0.004 -16"><span class='ocrx_word' id='word_1_458' title='bbox 813 3320 924 3371; x_wconf 84' lang='lat' dir='ltr'>deorum</span> <span class='ocrx_word' id='word_1_459' title='bbox 937 3327 964 3370; x_wconf 91' lang='lat' dir='ltr'>et</span> <span class='ocrx_word' id='word_1_460' title='bbox 976 3321 1030 3371; x_wconf 85' lang='lat' dir='ltr'>viru</span> <span class='ocrx_word' id='word_1_461' title='bbox 1045 3321 1193 3386; x_wconf 80' lang='lat' dir='ltr'>inquirens,</span> <span class='ocrx_word' id='word_1_462' title='bbox 1207 3323 1255 3372; x_wconf 84' lang='lat' dir='ltr'>aed</span> <span class='ocrx_word' id='word_1_463' title='bbox 1269 3323 1356 3372; x_wconf 76' lang='lat' dir='ltr'>rneri-</span> 
     </span>
     <span class='ocr_line' id='line_1_71' title="bbox 812 3389 1356 3442; baseline 0.007 -4"><span class='ocrx_word' id='word_1_464' title='bbox 812 3405 856 3438; x_wconf 86' lang='lat' dir='ltr'>ma</span> <span class='ocrx_word' id='word_1_465' title='bbox 871 3390 961 3440; x_wconf 84' lang='lat' dir='ltr'>ubivis</span> <span class='ocrx_word' id='word_1_466' title='bbox 973 3389 1097 3441; x_wconf 73' lang='lat' dir='ltr'>adhibita</span> <span class='ocrx_word' id='word_1_467' title='bbox 1110 3392 1253 3442; x_wconf 86' lang='lat' dir='ltr'>cantione:</span> <span class='ocrx_word' id='word_1_468' title='bbox 1267 3398 1356 3442; x_wconf 87' lang='lat' dir='ltr'>recte·</span> 
     </span>
     <span class='ocr_line' id='line_1_72' title="bbox 812 3458 1355 3525; baseline 0.006 -17"><span class='ocrx_word' id='word_1_469' title='bbox 812 3473 864 3524; x_wconf 89' lang='lat' dir='ltr'>quc</span> <span class='ocrx_word' id='word_1_470' title='bbox 883 3459 916 3510; x_wconf 89' lang='lat' dir='ltr'>de</span> <span class='ocrx_word' id='word_1_471' title='bbox 929 3459 981 3510; x_wconf 88' lang='lat' dir='ltr'>hoc</span> <span class='ocrx_word' id='word_1_472' title='bbox 999 3458 1059 3510; x_wconf 90' lang='lat' dir='ltr'>loco</span> <span class='ocrx_word' id='word_1_473' title='bbox 1078 3461 1118 3509; x_wconf 86' lang='lat' dir='ltr'>ite</span> <span class='ocrx_word' id='word_1_474' title='bbox 1135 3463 1295 3525; x_wconf 84' lang='lat' dir='ltr'>pronuntiat</span> <span class='ocrx_word' id='word_1_475' title='bbox 1309 3461 1355 3511; x_wconf 77' lang='lat' dir='ltr'>tt-</span> 
     </span>
     <span class='ocr_line' id='line_1_73' title="bbox 812 3527 1355 3595; baseline 0.004 -18"><span class='ocrx_word' id='word_1_476' title='bbox 812 3527 883 3578; x_wconf 90' lang='lat' dir='ltr'>berti</span> <span class='ocrx_word' id='word_1_477' title='bbox 903 3529 936 3578; x_wconf 84' lang='lat' dir='ltr'>de</span> <span class='ocrx_word' id='word_1_478' title='bbox 949 3528 1035 3594; x_wconf 86' lang='lat' dir='ltr'>longb</span> <span class='ocrx_word' id='word_1_479' title='bbox 1054 3528 1107 3593; x_wconf 88' lang='lat' dir='ltr'>(De</span> <span class='ocrx_word' id='word_1_480' title='bbox 1120 3529 1255 3579; x_wconf 86' lang='lat' dir='ltr'>Herodoti</span> <span class='ocrx_word' id='word_1_481' title='bbox 1268 3530 1355 3595; x_wconf 88' lang='lat' dir='ltr'>philo·</span> 
     </span>
     <span class='ocr_line' id='line_1_74' title="bbox 811 3596 1353 3662; baseline 0.007 -17"><span class='ocrx_word' id='word_1_482' title='bbox 811 3596 890 3661; x_wconf 87' lang='lat' dir='ltr'>soph.</span> <span class='ocrx_word' id='word_1_483' title='bbox 903 3613 966 3662; x_wconf 82' lang='lat' dir='ltr'>pag.</span> <span class='ocrx_word' id='word_1_484' title='bbox 979 3598 1038 3662; x_wconf 80' lang='lat'><strong>20):</strong></span> <span class='ocrx_word' id='word_1_485' title='bbox 1061 3597 1124 3660; x_wconf 83' lang='lat' dir='ltr'>„vel</span> <span class='ocrx_word' id='word_1_486' title='bbox 1142 3597 1222 3649; x_wconf 78' lang='lat' dir='ltr'>fallor</span> <span class='ocrx_word' id='word_1_487' title='bbox 1234 3599 1280 3649; x_wconf 85' lang='lat' dir='ltr'>hic</span> <span class='ocrx_word' id='word_1_488' title='bbox 1294 3600 1353 3649; x_wconf 83' lang='lat' dir='ltr'>exi·</span> 
     </span>
     <span class='ocr_line' id='line_1_75' title="bbox 812 3667 1354 3730; baseline 0.009 -16"><span class='ocrx_word' id='word_1_489' title='bbox 812 3667 863 3715; x_wconf 86' lang='lat' dir='ltr'>mie</span> <span class='ocrx_word' id='word_1_490' title='bbox 882 3681 993 3730; x_wconf 82' lang='lat' dir='ltr'>prorsus</span> <span class='ocrx_word' id='word_1_491' title='bbox 1014 3667 1171 3718; x_wconf 89' lang='lat' dir='ltr'>Herodotus</span> <span class='ocrx_word' id='word_1_492' title='bbox 1189 3683 1288 3719; x_wconf 80' lang='lat' dir='ltr'>causes</span> <span class='ocrx_word' id='word_1_493' title='bbox 1312 3683 1354 3719; x_wconf 81' lang='lat' dir='ltr'>re·</span> 
     </span>
     <span class='ocr_line' id='line_1_76' title="bbox 811 3736 1352 3802; baseline 0.009 -19"><span class='ocrx_word' id='word_1_494' title='bbox 811 3750 870 3785; x_wconf 88' lang='lat' dir='ltr'>rum</span> <span class='ocrx_word' id='word_1_495' title='bbox 883 3737 1019 3798; x_wconf 75' lang='lat' dir='ltr'>proximos</span> <span class='ocrx_word' id='word_1_496' title='bbox 1031 3751 1048 3785; x_wconf 84' lang='lat' dir='ltr'>a</span> <span class='ocrx_word' id='word_1_497' title='bbox 1059 3737 1183 3802; x_wconf 86' lang='lat' dir='ltr'>principe</span> <span class='ocrx_word' id='word_1_498' title='bbox 1197 3736 1246 3788; x_wconf 80' lang='lat' dir='ltr'>illc</span> <span class='ocrx_word' id='word_1_499' title='bbox 1258 3739 1352 3788; x_wconf 76' lang='lat' dir='ltr'>divine</span> 
     </span>
     <span class='ocr_line' id='line_1_77' title="bbox 811 3805 1351 3871; baseline 0.007 -18"><span class='ocrx_word' id='word_1_500' title='bbox 811 3819 897 3854; x_wconf 87' lang='lat' dir='ltr'>rerum</span> <span class='ocrx_word' id='word_1_501' title='bbox 924 3805 1043 3855; x_wconf 85' lang='lat' dir='ltr'>omnium</span> <span class='ocrx_word' id='word_1_502' title='bbox 1062 3821 1148 3856; x_wconf 84' lang='lat' dir='ltr'>causa</span> <span class='ocrx_word' id='word_1_503' title='bbox 1176 3806 1351 3871; x_wconf 74' lang='lat' dir='ltr'>distinguu“</span> 
     </span>
     <span class='ocr_line' id='line_1_78' title="bbox 811 3872 1352 3939; baseline 0.009 -17"><span class='ocrx_word' id='word_1_504' title='bbox 811 3872 1352 3939; x_wconf 81' lang='lat' dir='ltr'>Ooni.etiamGrote:HistoryoiGreece</span> 
     </span>
     <span class='ocr_line' id='line_1_79' title="bbox 811 3941 1351 4010; baseline 0.009 -19"><span class='ocrx_word' id='word_1_505' title='bbox 811 3941 832 3991; x_wconf 94' lang='lat'>1.</span> <span class='ocrx_word' id='word_1_506' title='bbox 844 3957 906 4006; x_wconf 81' lang='lat' dir='ltr'>cap.</span> <span class='ocrx_word' id='word_1_507' title='bbox 929 3942 960 3993; x_wconf 85' lang='lat'>16</span> <span class='ocrx_word' id='word_1_508' title='bbox 976 3959 1036 4008; x_wconf 85' lang='lat' dir='ltr'>pag.</span> <span class='ocrx_word' id='word_1_509' title='bbox 1059 3943 1110 3995; x_wconf 77' lang='lat'>535</span> <span class='ocrx_word' id='word_1_510' title='bbox 1129 3960 1187 4009; x_wconf 82' lang='lat' dir='ltr'>req.</span> <span class='ocrx_word' id='word_1_511' title='bbox 1207 3945 1243 4009; x_wconf 89' lang='lat'>(1.</span> <span class='ocrx_word' id='word_1_512' title='bbox 1258 3962 1285 4010; x_wconf 90' lang='lat' dir='ltr'>p.</span> <span class='ocrx_word' id='word_1_513' title='bbox 1299 3946 1351 3996; x_wconf 88' lang='grc'>368</span> 
     </span>
     <span class='ocr_line' id='line_1_80' title="bbox 812 4010 1351 4077; baseline 0.011 -18"><span class='ocrx_word' id='word_1_514' title='bbox 812 4025 826 4059; x_wconf 93' lang='lat' dir='ltr'>e</span> <span class='ocrx_word' id='word_1_515' title='bbox 847 4025 918 4060; x_wconf 86' lang='lat' dir='ltr'>vers.</span> <span class='ocrx_word' id='word_1_516' title='bbox 933 4010 1069 4076; x_wconf 87' lang='lat' dir='ltr'>Fischeri)</span> <span class='ocrx_word' id='word_1_517' title='bbox 1089 4018 1117 4063; x_wconf 92' lang='lat' dir='ltr'>et</span> <span class='ocrx_word' id='word_1_518' title='bbox 1131 4014 1244 4077; x_wconf 83' lang='lat' dir='ltr'>Rnnge:</span> <span class='ocrx_word' id='word_1_519' title='bbox 1265 4015 1351 4065; x_wconf 86' lang='lat' dir='ltr'>Hero-</span> 
     </span>
     <span class='ocr_line' id='line_1_81' title="bbox 810 4079 1351 4149; baseline 0.009 -20"><span class='ocrx_word' id='word_1_520' title='bbox 810 4079 872 4130; x_wconf 79' lang='lat' dir='ltr'>doto</span> <span class='ocrx_word' id='word_1_521' title='bbox 893 4081 1083 4132; x_wconf 80' lang='lat' dir='ltr'>Verheeltnirs</span> <span class='ocrx_word' id='word_1_522' title='bbox 1106 4098 1128 4133; x_wconf 87' lang='grc' dir='ltr'><strong><em>ι.</em></strong></span> <span class='ocrx_word' id='word_1_523' title='bbox 1145 4082 1351 4149; x_wconf 84' lang='lat' dir='ltr'>Volkeglenben</span> 
     </span>
     <span class='ocr_line' id='line_1_82' title="bbox 811 4147 1350 4218; baseline 0.015 -22"><span class='ocrx_word' id='word_1_524' title='bbox 811 4147 947 4211; x_wconf 85' lang='lat' dir='ltr'>(Hildesh.</span> <span class='ocrx_word' id='word_1_525' title='bbox 968 4150 1047 4214; x_wconf 79' lang='grc'><strong>1866)</strong></span> <span class='ocrx_word' id='word_1_526' title='bbox 1066 4165 1128 4215; x_wconf 77' lang='lat' dir='ltr'>pag.</span> <span class='ocrx_word' id='word_1_527' title='bbox 1144 4151 1191 4215; x_wconf 87' lang='lat' dir='ltr'>li,</span> <span class='ocrx_word' id='word_1_528' title='bbox 1207 4153 1350 4218; x_wconf 85' lang='lat' dir='ltr'>ipsumque</span> 
     </span>
     <span class='ocr_line' id='line_1_83' title="bbox 808 4214 1379 4273; baseline 0.014 -8"><span class='ocrx_word' id='word_1_529' title='bbox 808 4214 866 4266; x_wconf 83' lang='lat' dir='ltr'>rid.</span> <span class='ocrx_word' id='word_1_530' title='bbox 873 4217 1041 4269; x_wconf 87' lang='lat' dir='ltr'>Herodotum</span> <span class='ocrx_word' id='word_1_531' title='bbox 1053 4218 1086 4269; x_wconf 90' lang='lat' dir='ltr'>de</span> <span class='ocrx_word' id='word_1_532' title='bbox 1096 4220 1193 4271; x_wconf 79' lang='lat' dir='ltr'>iisdem</span> <span class='ocrx_word' id='word_1_533' title='bbox 1203 4237 1279 4272; x_wconf 83' lang='lat' dir='ltr'>suam</span> <span class='ocrx_word' id='word_1_534' title='bbox 1290 4238 1350 4273; x_wconf 84' lang='lat' dir='ltr'>seu·</span> <span class='ocrx_word' id='word_1_535' title='bbox 1369 4244 1379 4263; x_wconf 89' lang='lat'><strong>·</strong></span> 
     </span>
     <span class='ocr_line' id='line_1_84' title="bbox 809 4285 1348 4356; baseline 0.011 -21"><span class='ocrx_word' id='word_1_536' title='bbox 809 4285 922 4336; x_wconf 74' lang='lat' dir='ltr'>tentiam</span> <span class='ocrx_word' id='word_1_537' title='bbox 949 4286 1122 4351; x_wconf 79' lang='lat' dir='ltr'>profitentem</span> <span class='ocrx_word' id='word_1_538' title='bbox 1148 4289 1202 4351; x_wconf 81' lang='lat' dir='ltr'>lx,</span> <span class='ocrx_word' id='word_1_539' title='bbox 1223 4291 1270 4342; x_wconf 77' lang='lat'>65:</span> <span class='ocrx_word' id='word_1_540' title='bbox 1301 4291 1348 4356; x_wconf 90' lang='lat' dir='ltr'>qui</span> 
     </span>
    </p>
   </div>
   <div class='ocr_carea' id='block_1_8' title="bbox 221 4348 1347 4490">
    <p class='ocr_par' dir='ltr' id='par_1_9' title="bbox 221 4348 1347 4490">
     <span class='ocr_line' id='line_1_85' title="bbox 221 4348 1347 4421; baseline 0.008 -21"><span class='ocrx_word' id='word_1_541' title='bbox 221 4349 281 4400; x_wconf 87' lang='lat' dir='ltr'>coll.</span> <span class='ocrx_word' id='word_1_542' title='bbox 298 4348 355 4401; x_wconf 82' lang='grc'>194.</span> <span class='ocrx_word' id='word_1_543' title='bbox 371 4352 534 4407; x_wconf 83' lang='lat' dir='ltr'>Meletemrn.</span> <span class='ocrx_word' id='word_1_544' title='bbox 546 4352 569 4403; x_wconf 86' lang='lat'>1.</span> <span class='ocrx_word' id='word_1_545' title='bbox 583 4369 610 4419; x_wconf 90' lang='lat' dir='ltr'>p.</span> <span class='ocrx_word' id='word_1_546' title='bbox 623 4352 665 4404; x_wconf 83' lang='lat'>32.</span> <span class='ocrx_word' id='word_1_547' title='bbox 689 4354 757 4405; x_wconf 90' lang='lat' dir='ltr'>Inde</span> <span class='ocrx_word' id='word_1_548' title='bbox 807 4354 913 4419; x_wconf 84' lang='lat' dir='ltr'>quech.</span> <span class='ocrx_word' id='word_1_549' title='bbox 925 4355 943 4405; x_wconf 82' lang='lat' dir='ltr'>l.</span> <span class='ocrx_word' id='word_1_550' title='bbox 957 4360 1000 4407; x_wconf 88' lang='lat' dir='ltr'>est</span> <span class='ocrx_word' id='word_1_551' title='bbox 1011 4357 1160 4421; x_wconf 83' lang='lat' dir='ltr'>professus,</span> <span class='ocrx_word' id='word_1_552' title='bbox 1171 4358 1296 4409; x_wconf 78' lang='lat' dir='ltr'>indicent</span> <span class='ocrx_word' id='word_1_553' title='bbox 1308 4361 1347 4408; x_wconf 79' lang='lat' dir='ltr'>vi·</span> 
     </span>
     <span class='ocr_line' id='line_1_86' title="bbox 221 4420 1344 4490; baseline 0.006 -20"><span class='ocrx_word' id='word_1_554' title='bbox 221 4420 303 4471; x_wconf 85' lang='lat' dir='ltr'>etiam</span> <span class='ocrx_word' id='word_1_555' title='bbox 319 4420 460 4487; x_wconf 88' lang='lat' dir='ltr'>Neptunus</span> <span class='ocrx_word' id='word_1_556' title='bbox 471 4438 519 4486; x_wconf 90' lang='lat' dir='ltr'>per</span> <span class='ocrx_word' id='word_1_557' title='bbox 532 4421 704 4475; x_wconf 73' lang='lat' dir='ltr'>Thessaliam</span> <span class='ocrx_word' id='word_1_558' title='bbox 717 4424 757 4475; x_wconf 90' lang='lat' dir='ltr'>sic</span> <span class='ocrx_word' id='word_1_559' title='bbox 807 4437 881 4487; x_wconf 85' lang='lat' dir='ltr'>rum,</span> <span class='ocrx_word' id='word_1_560' title='bbox 895 4426 941 4490; x_wconf 89' lang='lat' dir='ltr'>qui</span> <span class='ocrx_word' id='word_1_561' title='bbox 956 4426 1128 4490; x_wconf 84' lang='lat' dir='ltr'>geologorum</span> <span class='ocrx_word' id='word_1_562' title='bbox 1143 4434 1296 4479; x_wconf 72' lang='lat' dir='ltr'>neruorum</span> <span class='ocrx_word' id='word_1_563' title='bbox 1309 4429 1344 4477; x_wconf 83' lang='lat' dir='ltr'>ud</span> 
     </span>
    </p>
   </div>
   <div class='ocr_carea' id='block_1_9' title="bbox 0 0 1510 5134">
    <p class='ocr_par' dir='ltr' id='par_1_10' title="bbox 0 0 1510 5134">
     <span class='ocr_line' id='line_1_87' title="bbox 0 0 1510 5134; baseline 0 0"><span class='ocrx_word' id='word_1_564' title='bbox 0 0 1510 5134; x_wconf 95' lang='lat' dir='ltr'> </span> 
     </span>
    </p>
   </div>
  </div>
 </body>
</html>
