3048 5130
231 380 290 448 178
660 382 928 447 HERODOTI

384 544 484 614 Ταῦτά
497 576 555 613 νυν
569 535 603 614 εό
617 545 766 634 φράζεσθε
782 554 956 633 Κορίνθιοι,
979 554 1010 614 οἳ
1019 552 1087 634 περὶ
1102 545 1197 632 καλίχν

382 647 540 732 Πειρήνην
554 652 660 713 οἰκεῖτε
677 651 729 713 καί
740 644 906 732 ὀφρυόεντα
921 648 1086 733 Κόρινθον.

237 780 342 844 Τοῦτο
353 777 415 864 μὲν
427 772 467 863 δὴ
476 791 561 844 τοῖσι
571 774 777 864 Βακχιάδῃσι
789 773 952 865 πρότερον
961 773 1145 864 γενόμενον
1153 765 1195 864 ἦν
1204 771 1373 863 άτὲκμαρ-

231 908 306 967 τον,
333 877 406 948 τότε
428 878 465 947 δὲ
478 876 515 947 τό
535 875 684 947 Ἠετίωνι
698 877 880 966 γενόμενον
900 873 944 959 ὠς
958 874 1145 966 ἐπύθοντο,
1171 875 1289 947 αὐτίκα
1311 879 1375 945 καὶ

231 982 267 1053 τὸ
281 981 444 1071 πρότερον
463 985 615 1070 συνῆκαν
629 976 686 1051 ἐὸν
708 980 864 1073 συνῳδὸν
878 986 924 1073 τῷ
942 977 1124 1063 Ἠετίωνος.
1158 979 1316 1059 συνέντες
1331 980 1375 1048 δὲ

230 1089 286 1158 καὶ
305 1090 402 1156 τοῦτο
423 1084 513 1173 είχον
533 1080 571 1155 ἐν
590 1080 728 1175 ἡσυχίῃ,
759 1082 934 1165 ἐθέλοντες
954 1083 1013 1154 τὸν
1033 1084 1196 1175 μέλλοντα
1217 1081 1375 1153 Ἠετίωνι

230 1188 390 1280 γενέσθαι
404 1187 506 1278 γόνον
521 1194 727 1278 διαφθεῖραι.
757 1184 801 1268 άς
815 1185 849 1258 δ’
865 1197 955 1259 ἔτεκε
973 1185 1095 1279 ἡχυνὴ
1108 1188 1261 1277 τάχιστα,
1283 1186 1373 1276 πέμ-

230 1314 331 1363 πουσι
358 1290 473 1381 σφέων
499 1288 611 1363 αὐτῶν
639 1291 720 1363 δέκα
747 1287 864 1381 ε’ςτδν
892 1296 1017 1382 δῆμον,
1050 1288 1087 1363 ἓν
1113 1297 1160 1386 τῷ
1192 1300 1375 1379 κατοίκητο

228 1396 382 1483 Ἠετίων,
397 1393 658 1477 ἀποκτενέοντας
672 1394 709 1464 τὸ
718 1402 866 1466 παιδίου.
891 1392 1086 1487 ἀπικόμενοι
1102 1397 1139 1466 δὲ
1153 1386 1246 1466 οὗτοι
1261 1398 1293 1476 ἐς
1307 1394 1375 1482 τὴν

233 1505 367 1591 Πέτρην
388 1502 445 1569 καλ
466 1499 695 1587 παρελθόντες
713 1503 746 1582 ἐς
765 1497 827 1589 τὴν
840 1496 947 1588 αὐλὴν
971 1506 1032 1569 τοῦ
1055 1496 1230 1580 Ἠετίωνος
1254 1510 1375 1568 αίτεον

230 1602 268 1674 τὸ
283 1610 438 1674 παιδίου·
465 1599 486 1693 ἡ
508 1604 545 1673 δὲ
559 1604 678 1693 Λάβδα
698 1603 809 1673 εἰδυῖά
826 1630 862 1672 τε
881 1600 1003 1690 οὐδὲν,
1023 1608 1091 1673 τάν
1113 1608 1226 1673 εἵνεκα
1244 1605 1373 1672 ἐκεῖνοι

231 1705 424 1795 άπικοίατο,
446 1707 505 1776 καὶ
520 1706 684 1777 δοκίουσά
703 1728 809 1796 σφεας
829 1706 1082 1797 φιλοφροσύνης
1101 1715 1162 1777 τοῦ
1183 1703 1307 1795 πατρὸς
1320 1712 1372 1775 εἴ-

231 1840 313 1881 νεκα
328 1815 468 1896 αίτίειν,
487 1813 638 1900 φέρουσα
653 1813 833 1898 ἐνεχείρισε
847 1805 960 1879 αὐτῶν
974 1811 1033 1881 ἑνί.
1064 1825 1149 1881 τοῖσι
1163 1810 1200 1881 δὲ
1214 1808 1279 1898 άρα
1293 1812 1371 1898 ἐβε-

231 1914 394 2002 βούλευτο
415 1910 489 1982 κατ’
510 1910 610 1999 ὁδὸν,
637 1912 696 1984 τόν
716 1919 850 2003 πρῶτον
868 1908 981 1983 αὐτοῖν
1007 1913 1154 2001 λαβόντα
1172 1911 1209 1985 τό
1230 1919 1375 1984 παιδίον

232 2024 462 2107 προσουδίσαι.
500 2019 574 2087 ἐπεί
597 2044 633 2086 τε
661 2008 710 2086 όν
727 2023 833 2089 ἔδωκε
852 2017 1003 2107 φέρουσα
1023 2012 1043 2106 ἡ
1065 2018 1200 2107 Λάβδα,
1214 2016 1287 2087 ιτδν
1309 2027 1372 2087 λα-

232 2218 371 2270 loeutione
385 2218 504 2267 Homero
526 2217 700 2284 frequentato
716 2220 774 2270 vid.
826 2219 898 2269 oidd.
910 2217 1008 2269 Pindo.
1020 2218 1044 2282 Ι,
1057 2220 1083 2273 2.
1097 2234 1158 2285 pag.
1169 2218 1244 2282 949),
1258 2217 1371 2285 Thucy·
1464 2212 1481 2263 ².

232 2289 312 2339 Iliad.
325 2290 380 2352 IV,
395 2288 452 2341 176.
470 2287 525 2351 IX,
537 2289 597 2338 518.
611 2289 696 2352 xlii,
710 2288 771 2340 360.
826 2288 883 2339 didi
896 2287 955 2352 (lv,
969 2288 1025 2353 63),
1042 2289 1102 2338 aliis
1115 2290 1300 2355 frequentato.

231 2360 291 2411 412.
306 2359 364 2419 XV,
379 2357 438 2407 291.
454 2356 533 2415 XVI,
550 2358 617 2422 425,
636 2358 710 2410 alibi.
736 2360 774 2409 Et
859 2351 921 2435 τότρ
943 2350 974 2406 δὲ
996 2354 1033 2407 τὸ
1051 2348 1178 2407 Ἠετίωνι
1198 2352 1368 2438 γενόμενον]

232 2429 328 2480 confer
347 2428 434 2492 iprum
455 2428 624 2479 Herodotum
646 2429 700 2492 VI,
722 2431 773 2480 27:
823 2429 877 2478 Pro
892 2442 924 2475 το
939 2428 1002 2477 olim
1016 2425 1070 2495 τῷ,
1087 2429 1158 2479 nmio
1174 2428 1314 2479 Sehoefer.
1334 2443 1369 2477 το

232 2489 260 2555 ἐς
273 2493 344 2563 γόνυ
361 2489 416 2561 τὴν
432 2487 518 2545 πόλιν
536 2489 629 2561 ἔβαλε,
649 2498 697 2548 ubi
715 2497 770 2549 rid.
824 2494 863 2564 τῷ
881 2489 1019 2551 Ἠετίωνι,
1060 2498 1101 2548 Ad
1118 2513 1213 2549 voeem
1235 2490 1371 2564 συνῳδὸν

233 2574 302 2619 nott.
331 2568 374 2618 Ad
394 2565 507 2645 οοορίοιο
521 2567 670 2618 Homerum
689 2569 773 2634 perti·
825 2566 1165 2632 (conqrnum,ooneonnm)
1180 2568 1236 2619 vid.
1251 2567 1372 2633 plurime

232 2644 280 2689 net
288 2637 407 2689 locutio:
427 2650 459 2686 ευ
474 2631 615 2699 φράζεσθε
630 2637 773 2703 (berciaco
824 2636 910 2686 ιιΙΙοιιι
923 2638 951 2686 in
962 2637 1044 2690 Ther.
1058 2637 1250 2703 Lineomee.
1262 2638 1327 2687 VII.
1342 2653 1370 2703 p.

125 2722 128 2726 ’
232 2712 442 2766 ουίυιίουενεσίε,
457 2706 600 2771 δίερίεἰιε),
621 2707 657 2758 cf.
674 2709 772 2773 Odysr.
825 2707 892 2758 149ss
906 2705 948 2757 ed.
962 2707 1088 2757 Diodori.
1104 2706 1236 2757 —Panlo
1250 2705 1324 2756 inira
1341 2710 1371 2757 iu

232 2779 255 2839 1,
271 2778 330 2828 ²69.
347 2776 409 2827 294.
424 2778 457 2837 V,
476 2776 534 2829 188.
548 2777 630 2841 XIX,
644 2777 704 2829 501.
718 2779 773 2829 He·

233 2846 355 2906 rod.111,
371 2846 413 2905 57,
428 2844 477 2897 154
491 2846 585 2909 ibique
597 2852 667 2897 nott.

267 2910 317 2965 καὶ
334 2906 497 2979 ὀφρυόεντα
508 2914 670 2983 Κορινθον]
683 2932 772 2979 ruper-

233 2988 361 3045 oiir'oram,
383 2984 402 3033 i.
418 3001 442 3037 e.
456 2985 562 3045 editam,
586 2989 663 3035 altam
685 2988 772 3038 Corio·

823 2776 914 2827 verbis
935 2770 984 2825 καί
998 2769 1191 2838 παρελθόντες
1206 2766 1235 2833 ie
1245 2771 1301 2839 τὴν
1319 2773 1371 2827 oni-

822 2837 876 2909 λὴν
890 2861 984 2897 vocem
1006 2837 1097 2912 αάλίχν
1115 2862 1170 2897 non
1192 2847 1225 2896 de
1241 2848 1369 2906 impluvio,

823 2915 871 2965 red
883 2915 917 2966 de
937 2916 1022 2965 domnio
1034 2920 1101 2967 atrio
1114 2918 1220 2982 ipsaque
1238 2914 1310 2965 odeo
1324 2917 1371 2965 do-

824 3001 861 3033 mo
871 2984 1003 3050 intelligo.
1028 2986 1085 3037 Neo
1096 2986 1175 3035 aliter
1188 2984 1261 3049 opud
1275 2986 1299 3035 N
1302 2984 1367 3036 icol.

235 3055 307 3105 tium.
333 3052 454 3104 Indieeri
466 3054 672 3105 Acrocorinthum
685 3070 705 3105 υ.
721 3056 774 3105 Co-

234 3124 319 3174 rinthi
329 3137 427 3185 errem,
439 3123 484 3172 ubi
495 3125 589 3175 Pirene
606 3125 682 3188 fons,
698 3131 774 3176 reete

233 3200 326 3244 monet
339 3194 517 3261 wesseling„
537 3194 626 3244 citans
645 3195 774 3246 Strobon.

235 3265 312 3315 VIII.
330 3278 392 3329 pag.
407 3262 486 3314 382ss
500 3281 521 3314 r.
534 3263 599 3325 585,
620 3266 667 3329 qui
678 3280 774 3317 vocem

233 3324 774 3400 ooovoevrmquoedelliodieiturapud

234 3403 344 3454 Homer.
356 3401 435 3452 Iliad.
443 3402 532 3465 XXII,
543 3403 593 3455 411
605 3419 637 3454 eo
648 3403 704 3455 iere
713 3419 775 3455 een·

234 3488 276 3536 ru,
288 3489 341 3539 quo
351 3470 415 3535 h.l.,
425 3472 459 3522 ad
469 3486 593 3537 asperum
607 3479 691 3539 atque
707 3474 775 3524 obli-

235 3556 316 3607 quum
337 3548 425 3592 terrae
444 3540 530 3591 solum
547 3541 652 3597 retulit.
685 3545 774 3609 Atque

234 3609 305 3664 ἄστυ
333 3604 476 3672 Πειράνας
504 3611 650 3663 Corinthus
675 3613 775 3664 dicitnr

235 3681 308 3747 opud
323 3680 435 3730 Pindor.
449 3679 557 3745 Olymp.
568 3683 648 3745 ΧΙΙΙ,
662 3683 711 3745 61,
728 3685 775 3733 nbi

235 3752 313 3818 pluro
335 3750 441 3799 debunt
470 3749 571 3801 similia
601 3751 773 3817 interpretes.

236 3821 276 3871 cf.
298 3821 381 3870 etiam
398 3818 525 3871 Curtius:
551 3822 607 3872 Der
623 3821 772 3887 Peloponn.

824 3056 989 3106 Demmeen.
1009 3055 1028 3109 I.
1047 3055 1064 3107 1.
1088 3054 1145 3103 τῶν
1162 3051 1194 3104 δὲ
1212 3044 1260 3103 ἐπὶ
1279 3051 1369 3103 τοῦτο

824 3116 1007 3173 ἐλθόντων
1031 3115 1089 3174 ini
1115 3124 1185 3191 (leg.
1211 3117 1279 3189 είς)
1302 3116 1369 3187 τὴν

826 3187 948 3243 οίκίαν
972 3208 999 3242 κ.
1019 3208 1043 3245 τ.
1069 3194 1093 3244 λ.
1131 3194 1213 3245 Plura
1237 3194 1368 3245 Creuzer.

826 3263 989 3315 Commentt.
1001 3264 1121 3313 Herodd.
1142 3280 1204 3330 pag.
1223 3263 1274 3314 237
1291 3269 1321 3314 et
1341 3264 1367 3312 in

827 3334 941 3386 Excute.
955 3335 993 3384 1v
1004 3333 1040 3383 ed
1050 3333 1151 3383 Herod.
1167 3336 1216 3396 VI,
1228 3333 1271 3384 69.
1292 3334 1368 3383 Hine

827 3403 914 3453 inira:
935 3392 1092 3460 άποδόυτες
1107 3390 1147 3451 ὧν
1168 3394 1260 3452 ὀπίσω
1277 3399 1315 3467 τῇ
1327 3416 1368 3452 τε·

825 3464 916 3539 κοόση
937 3464 968 3522 τὸ
988 3468 1107 3521 παιδίον
1126 3468 1175 3521 καὶ
1198 3464 1368 3532 ίξελθοντες

826 3535 895 3605 ἔξω,
909 3536 1038 3617 {oronites
1051 3533 1099 3591 ἐπὶ
1108 3538 1164 3592 τοῖν
1178 3538 1304 3607 θυρέων,
1320 3532 1366 3590 άλ-

824 3607 917 3675 ληλων
937 3625 1064 3661 απτοντο
1085 3603 1311 3672 καταιτιώμενοι.
1333 3642 1368 3651 -

825 3682 878 3730 Pro
888 3673 997 3729 αὐτέων
1010 3682 1100 3733 ubivis
1110 3682 1172 3733 dedi
1182 3676 1288 3731 αδτών.
1314 3682 1369 3731 Vo-

825 3765 883 3800 cem
903 3743 1119 3815 φιλοφροσύνης
1141 3752 1175 3801 de
1195 3752 1367 3801 benevolentia

823 3818 957 3885 intelligo,
966 3836 1045 3886 quem
1054 3821 1368 3887 iilos,inioniemvidere

235 3890 272 3941 II.
286 3905 348 3956 pag.
366 3889 425 3940 592.
825 3890 975 3954 cupienter,
990 3892 1017 3940 in
1029 3896 1133 3956 patrem
1146 3890 1287 3941 declarare
1296 3888 1368 3941 velie

825 3959 941 4024 putabet
953 3975 1030 4015 uror.
1060 3961 1123 4010 vid.
1137 3960 1216 4011 modo
1232 3960 1365 4013 Theoeur.

472 4066 497 4126 9.
516 4063 542 4115 3·
825 4029 904 4111 Ling.
923 4030 1019 4085 Graec,
1032 4030 1093 4083 Vol.
1112 4032 1191 4082 VIII.
1209 4047 1234 4096 p.
1251 4029 1304 4082 903
1323 4030 1367 4080 ed.

278 4149 316 4227 ἦν
333 4153 523 4230 άτίκμαρτον]
549 4167 568 4217 i.
589 4181 611 4216 ε.
636 4166 774 4228 ebreorum,
825 4099 1060 4233 Βιάίάόδλίυδίσαι]
1079 4170 1096 4218 i.
1114 4185 1137 4222 e.
1156 4168 1225 4218 λιαιιο
1240 4168 1366 4229 adlidere,

236 4232 306 4283 nand
319 4236 478 4296 exploratum
486 4235 546 4297 snit.
571 4235 631 4284 Vox
639 4235 776 4302 Aeschylo
824 4237 918 4288 Ιιυπιυυι
930 4238 1039 4289 deiicere
1050 4253 1128 4303 eoque
1144 4240 1298 4300 interstrere.
1326 4238 1366 4286 De

238 4302 331 4368 (Pero.
351 4304 415 4363 997,
432 4305 478 4353 nbi
495 4306 567 4355 coni.
579 4304 728 4358 Blomfieid.
748 4308 776 4355 in
825 4307 876 4357 hoo
890 4307 973 4357 verbo
987 4310 1076 4358 citent
1091 4305 1363 4373 Enrip.1phig.Anl.

238 4371 383 4437 Glorior),
397 4373 514 4424 Pindaro
527 4372 645 4439 (Olymp.
656 4376 719 4438 VII,
732 4375 776 4428 83.
826 4376 890 4427 1151
901 4376 948 4440 (ol.
960 4375 1038 4443 1139)
1045 4377 1142 4428 Enreb.
1150 4377 1363 4441 Praep.Erang.

237 4441 317 4503 Pyth.
334 4443 368 4506 Χ,
381 4442 424 4505 98,
439 4443 487 4493 ubi
499 4445 534 4495 oi.
549 4444 639 4498 Teiel.
653 4445 682 4494 in
698 4443 775 4495 Dilu-
824 4446 949 4512 1V.pag.
969 4446 1055 4500 1740.
1081 4447 1157 4497 snio.
1178 4462 1243 4500 nv.
1258 4446 1291 4497 T.
1309 4444 1361 4493 111.
