2970 5128
222 417 284 482 278

654 418 925 482 HERODOTI

224 599 257 678 ἐς
272 594 328 676 τὰς
343 594 470 676 πόλιας.
494 600 598 665 ταῦτα
614 595 651 666 δὲ
666 595 805 685 ποιήσας
818 592 974 685 ἠπείγετο
990 596 1023 675 ἐς
1036 591 1094 663 τδν
1104 587 1343 680 Ἑλλήσποντον.

219 697 277 781 Ὡς
292 700 329 769 δὲ
349 702 537 788 συνελέχθη
557 699 620 787 μὲν
638 707 746 788 χρῆμα
761 700 886 770 πολλὸν
901 705 1005 784 νεῶν,
1032 700 1220 785 συνελέχθη
1241 695 1276 764 δὲ
1295 696 1345 763 καὶ

226 802 320 887 πεζὸς
334 806 456 884 πολλὸς
470 802 625 891 στρατὸς,
646 804 823 892 διαβάντες
835 809 910 892 τῇσι
924 805 1023 891 νηυσὶ
1044 801 1102 871 τὸν
1116 798 1346 888 Ἑλλήσποντον

227 906 427 996 ἐπορεύοντο
443 906 498 976 διδ
517 913 575 995 τῆς
589 905 773 995 Εὐρώπης,
796 906 997 995 ἐπορεύοντο
1015 908 1052 976 δὲ
1072 909 1128 974 ἐπί
1139 931 1175 972 τε
1192 900 1348 991 Ἐρέτριαν

179 1022 219 1083 44
229 1012 284 1079 καλ
300 1008 453 1100 Ἀθήνας.
494 1001 602 1079 Αύται
624 1012 685 1101 μὲν
706 1003 754 1082 ὧν
771 1033 831 1100 σφι
852 1009 1022 1099 πρόσχημα
1043 1001 1129 1099 ἦσαν
1148 1013 1209 1077 τού
1228 1006 1348 1075 στόλον.

227 1113 310 1200 ιἰτδιρ
332 1117 370 1184 ἐν
389 1114 456 1208 νόῳ
478 1120 609 1201 ἔχοντες
629 1112 708 1195 ὅσας
728 1110 771 1185 ἂν
785 1122 940 1195 πλείστας
960 1114 1120 1184 δύναιντο
1133 1114 1346 1197 καταστρέφε-

226 1229 309 1287 σθαι
329 1224 398 1287 triv
414 1214 619 1305 Ἑλληνίδων
640 1226 784 1305 πολίων,
811 1224 909 1288 τοῦτο
931 1219 993 1307 μὲν
1015 1216 1056 1305 δὴ
1076 1223 1152 1308 τῇσι
1171 1217 1267 1303 νηυσὶ
1288 1221 1348 1282 Θα-

228 1420 321 1470 narius
345 1419 379 1471 δε
397 1424 556 1483 argumento
576 1419 630 1470 loci
651 1419 691 1469 ita
712 1420 767 1470 dis·
817 1421 859 1471 ria
873 1421 996 1470 instituit
1008 1421 1199 1484 sapienterque
1212 1417 1281 1483 egit,
1297 1430 1365 1466 conr-

228 1505 335 1541 serens:
360 1490 448 1552 „Dum
463 1491 546 1539 Persa
557 1490 718 1541 Mardonius
739 1490 767 1539 in
817 1491 885 1541 bene
898 1488 1092 1552 intellexisset,
1111 1489 1202 1539 odium
1222 1489 1248 1537 in
1261 1488 1350 1537 Persas

227 1559 307 1610 Ionia
324 1555 518 1623 δημοκρατίας
536 1556 652 1607 κατίστα
673 1553 700 1616 ἐς
717 1551 767 1615 τὰς
818 1575 836 1609 a
859 1560 972 1610 Graecis
990 1559 1120 1609 Asiaticis
1141 1560 1292 1609 coniectum
1310 1570 1351 1620 per

227 1626 337 1690 πύλιας,
351 1627 440 1679 videri
450 1628 668 1680 debuitGraecis
680 1645 713 1679 ea
725 1644 768 1679 res
819 1636 950 1694 tyrannos
969 1629 1051 1691 istos,
1069 1630 1117 1694 qui
1136 1644 1154 1677 a
1170 1628 1260 1678 Persis
1274 1627 1351 1690 impo-

227 1698 375 1750 eecnndum
383 1698 550 1749 Herodotum
562 1702 607 1749 vix
617 1697 769 1755 credibilis;
820 1701 867 1749 siti
882 1700 1024 1749 Persarum
1043 1699 1152 1749 nomine
1172 1702 1295 1763 regerent
1310 1710 1351 1761 po·

227 1770 291 1835 quis
306 1783 384 1833 reges
400 1773 482 1833 atque
495 1768 610 1832 imperio
622 1768 707 1833 regali
723 1768 770 1817 ad·
820 1768 966 1834 pulumque
976 1773 1138 1834 premerent,
1149 1768 1317 1832 potissimum
1328 1770 1352 1813 et

228 1840 300 1890 sueti
320 1838 475 1903 popularem
497 1838 637 1902 regiminis
654 1838 769 1887 formam
820 1842 971 1888 excitatum
991 1842 1018 1888 et
1034 1844 1144 1887 anctum
1158 1853 1232 1887 esse:
1252 1836 1292 1885 his
1307 1835 1352 1898 igi·

227 1909 257 1957 in
269 1908 429 1958 civitatibus
442 1906 570 1957 libertato
583 1908 641 1958 usis
657 1909 698 1957 sio
713 1906 770 1971 pls·
820 1915 864 1958 tur
875 1907 990 1958 sublatis
1008 1907 1085 1967 irre,
1106 1911 1135 1956 ut
1152 1907 1236 1956 animi
1246 1906 1351 1955 Graeco·

227 1992 340 2041 rumque
351 1976 497 2027 voluerunt
510 1981 657 2037 mutatam,
675 1982 706 2026 ut
715 1975 770 2025 eal·

228 2053 283 2096 tem
301 2060 383 2110 penes
406 2061 509 2109 paucos
527 2052 599 2097 esset
617 2048 769 2111 imperinm,

228 2128 297 2180 qnos
322 2115 395 2165 dicto
422 2115 532 2164 facilius
557 2115 687 2165 haberent
707 2115 770 2165 obe·

229 2185 366 2235 dientes.‘⁸
390 2184 593 2235 Hoffmeisterl.
604 2185 769 2248 supralaud.

228 2251 373 2319 popularia
384 2253 497 2318 imperia
506 2270 538 2304 eo
549 2254 664 2304 consilio
675 2256 769 2304 alilar-

228 2323 311 2373 donio
325 2329 456 2374 revocata
468 2338 528 2375 esse
540 2324 703 2385 arbitratur,
715 2339 768 2388 quo

229 2393 395 2443 Graecorum
416 2394 468 2443 sibi
488 2392 648 2444 conciliaret
663 2396 769 2444 animos

230 2476 330 2526 eosque
349 2462 385 2513 ad
401 2478 430 2513 se
446 2462 574 2513 alliceret.
603 2464 769 2514 Dubitanter

229 2531 263 2582 de
276 2530 318 2582 his
335 2533 492 2596 pronuntiat
508 2533 649 2583 Duncker:
669 2533 768 2586 Gesolr.

229 2602 255 2651 d.
270 2600 386 2654 Alterth.
401 2602 446 2652 lV.
462 2618 524 2666 pag.
534 2602 595 2665 ost,
610 2605 770 2665 praesertim

229 2686 289 2721 oum
302 2672 329 2721 in
343 2671 504 2721 civitatibus
513 2672 650 2722 nonnullis
660 2672 771 2738 tyranni

229 2742 390 2791 manserint.
413 2741 531 2790 Aliunde
543 2742 635 2805 potius
647 2742 715 2792 haec
727 2758 771 2792 ex·

229 2808 357 2874 plicando
370 2824 429 2860 esse
444 2810 572 2861 videntur
586 2811 693 2862 Plsssio
706 2810 770 2877 (Die

230 2880 351 2942 Tyrann.
366 2880 388 2929 Ι.
402 2895 428 2943 p.
440 2880 520 2943 325),
534 2881 580 2945 qui
593 2882 704 2931 minime
715 2896 771 2931 cre·

230 2947 271 2997 dit
283 2948 383 2998 Persas
397 2951 425 2998 in
441 2951 531 2999 animo
547 2950 676 3001 habuisse
688 2950 771 3000 Gree-

230 3032 323 3067 corum
337 3019 442 3068 animos
454 3019 490 3068 ad
502 3034 531 3067 se
546 3026 714 3079 convertere,
729 3035 770 3081 eo,

229 3087 301 3151 qnod
328 3088 457 3136 maiorem
488 3087 644 3138 libertatem
675 3090 771 3138 iisdem

230 3157 431 3206 concesserint:
460 3156 487 3204 id
508 3157 598 3220 potius
618 3164 771 3220 spectatum

232 3240 293 3275 esse
307 3225 459 3285 existimat,
473 3230 503 3274 nt
516 3242 549 3276 ue
559 3227 677 3291 amptius
688 3227 772 3276 Grae-

232 3309 325 3345 corum
334 3296 499 3345 exsisterent
507 3296 699 3347 civitatessnis
710 3297 773 3346 iuri-

229 3365 282 3414 bus
295 3368 402 3414 utentes
413 3368 440 3413 et
453 3379 530 3414 suum
543 3366 711 3430 praelectum
724 3366 771 3416 ha·

230 3433 339 3495 bentes,
355 3434 402 3485 sed
414 3439 446 3483 ut
455 3434 548 3489 eodem
559 3435 653 3499 modo,
668 3451 721 3501 quo
731 3452 771 3486 re-

230 3502 298 3567 liqui
309 3503 440 3565 homines‚
452 3504 543 3554 Persis
553 3505 656 3556 subditi
665 3511 769 3557 essent:

231 3573 290 3636 „sie
304 3572 402 3623 sollten
412 3573 514 3624 liberali
527 3574 608 3626 letne
621 3575 772 3627 besonders

230 3644 358 3704 Staaten‚
376 3642 434 3693 also
454 3643 523 3694 auch
539 3645 615 3694 nicht
636 3650 715 3697 unter
733 3647 771 3695 ei-

231 3727 317 3775 genen
334 3712 479 3771 Vasallen,
507 3715 623 3765 soudern
649 3732 699 3765 nur
718 3714 771 3765 Ge-

231 3782 355 3832 meinden
380 3798 433 3832 von
456 3783 644 3834 Untertlrsnen
670 3784 771 3844 bildon,

230 3850 316 3900 denen
337 3851 464 3916 iibrigens
485 3852 554 3903 nach
572 3853 771 3918 morgenlltnsli-

230 3919 307 3970 sober
315 3921 408 3970 Weiss
417 3937 471 3971 von
483 3923 541 3971 dem
552 3922 626 3973 alten
638 3924 771 3974 Herkom·

230 4004 291 4039 men
300 3989 496 4056 Beobachtung
507 3991 612 4055 dessen,
626 4009 683 4043 was
696 3993 771 4042 nicht

820 1994 878 2027 rum
895 1979 982 2042 magis
999 1993 1060 2027 cum
1077 1976 1167 2027 Persis
1186 1973 1351 2026 conciliaren-

820 2053 866 2098 tur
885 2064 971 2112 nequs
991 2047 1025 2096 nd
1043 2046 1196 2096 seditiones
1220 2044 1352 2095 iaciendas

821 2118 938 2183 amplius
951 2117 1182 2177 sollicitarentur,
1204 2113 1352 2179 praesertim

820 2204 880 2238 cum
902 2188 987 2237 libere
1008 2202 1073 2236 suas
1098 2200 1141 2235 res
1169 2185 1352 2235 administrare

820 2262 941 2322 possent.
968 2257 1045 2317 Quod
1064 2255 1097 2304 ad
1110 2255 1279 2305 Herodotum
1297 2250 1353 2302 atti·

819 2332 882 2387 net,
903 2326 1026 2392 equidem
1045 2324 1117 2374 haud
1138 2324 1198 2375 seio
1215 2340 1250 2373 an
1271 2325 1297 2371 in
1316 2321 1353 2369 his

821 2396 1018 2461 respiciendum
1037 2410 1144 2460 quoque
1165 2395 1204 2443 sit
1222 2393 1254 2443 ad
1277 2392 1353 2457 ipsius

820 2466 954 2516 Herodoti
967 2466 1085 2514 animum
1099 2464 1226 2527 regimini
1240 2460 1355 2528 populari

821 2536 941 2586 deditum
956 2534 1001 2599 (de
1016 2549 1069 2600 quo
1082 2534 1202 2584 diximus
1220 2534 1255 2583 ad
1267 2535 1303 2592 V,
1315 2530 1353 2581 dd.

821 2604 865 2669 78)
887 2611 914 2656 et
930 2611 1106 2670 tyrannorum
1123 2604 1264 2667 imperium
1281 2600 1353 2651 valde

822 2690 942 2735 exosum,
956 2675 1026 2724 adeo
1037 2678 1067 2723 ut
1075 2674 1202 2739 tyrannis
1213 2671 1297 2738 pulsis
1307 2671 1355 2719 sin·

822 2743 901 2810 gulos
914 2744 988 2794 cives
1001 2744 1104 2793 maiore
1116 2742 1246 2793 libertate
1263 2741 1290 2789 in
1304 2740 1353 2790 suis

821 2815 901 2865 rebus
915 2812 1139 2863 administrandis
1154 2813 1198 2861 uti
1214 2810 1338 2861 crederet.

857 2884 951 2948 χρῆμα
963 2875 1080 2941 πολλὸν]
1096 2882 1158 2932 Vld.
1172 2882 1227 2943 IlI,
1243 2880 1298 2931 130.
1311 2880 1352 2940 IV,

821 2954 864 3004 81.
901 2955 965 3003 Mox
987 2950 1236 3003 cenomaniae
1256 2949 1352 2999 duobus

821 3020 900 3075 codd.
912 3022 974 3071 dedi
985 3014 1088 3078 πολλὸς
1099 3016 1219 3080 στρατὸς
1233 3035 1280 3084 pro
1289 3018 1354 3081 vulg.

822 3083 939 3153 στρατὸς
952 3084 1071 3155 πολλὸς,
1085 3091 1157 3156 quod
1170 3095 1285 3141 recenti.
1298 3088 1351 3137 edd.

822 3163 999 3213 retinuerunt.

857 3221 905 3279 ἕπτ’
912 3245 941 3279 τε
951 3221 1096 3292 Ἐρέτριαν
1109 3223 1157 3276 καλ
1168 3217 1299 3293 Ἀθήνας]
1315 3227 1353 3275 Tu

821 3300 877 3349 vid.
891 3301 930 3361 V,
945 3300 987 3349 1111.
1019 3300 1141 3364 Namque
1160 3299 1215 3351 hae
1233 3299 1353 3348 civitates

821 3370 999 3435 Aristagorae
1023 3369 1190 3433 Ionibusque
1217 3366 1352 3419 rebellibus

823 3439 954 3490 auxilium
970 3439 1109 3489 miserant.

1001 3611 1066 3662 Car.
1086 3611 1182 3661 XLIV.

862 3705 1014 3779 πρόσχημα
1035 3701 1290 3795 ἦσαν](1οαί.Ν,
1310 3708 1352 3761 rot

821 3784 914 3850 ibique
935 3791 1003 3836 nott.
1023 3775 1097 3848 ἦσαν
1120 3784 1183 3835 dedi
1212 3799 1265 3862 prq
1284 3775 1353 3854 ἔταξ,

822 3859 854 3904 ut
865 3856 982 3918 saepius.
1006 3854 1045 3904 ad
1060 3869 1133 3919 seqq.
1149 3853 1234 3903 verba
1247 3864 1312 3906 οσας
1322 3861 1354 3895 αν

822 3923 953 3982 πλείστας
975 3921 1112 3972 δύναιντο
1139 3923 1211 3973 oonf.
1235 3919 1354 3971 Kuehner

823 3995 868 4045 Gr.
892 3994 935 4044 ori
959 3998 983 4056 §-
1002 3994 1062 4046 831.
1080 3996 1169 4042 nott
1195 3995 1223 4042 ot
1240 3992 1272 4039 G.
1290 3989 1353 4037 Iler·

229 4058 364 4122 geradesu
379 4059 431 4110 den
444 4061 594 4111 Absichten
609 4062 657 4113 der
669 4063 770 4112 Erube—
822 4078 915 4112 mann:
937 4064 1055 4127 Opusoo.
1069 4062 1116 4111 lv.
1129 4078 1156 4126 p.
1173 4061 1231 4111 151.
1261 4060 1352 4108 Moneo

229 4143 273 4177 rer
290 4133 424 4194 entgegen
444 4146 519 4191 war,
538 4137 771 4182 rorstattetwnr-
821 4133 881 4192 hoc,
895 4133 1022 4183 cumduo
1033 4132 1111 4182 codd.
1123 4132 1239 4181 afferant
1253 4122 1353 4177 δύναιτ·
1409 4118 1416 4137 ‘

231 4197 300 4247 de.“
339 4198 418 4261 Quod
440 4200 505 4249 milri
532 4199 605 4251 haud
632 4205 770 4265 persuasit
821 4217 945 4259 ται,ιιεο
958 4201 1062 4259 desint,
1080 4200 1126 4265 qui
1143 4201 1170 4249 id
1187 4200 1215 4249 ln
1226 4193 1350 4247 Herodoti

229 4267 366 4319 Plassius:
385 4270 472 4334 magis
490 4270 594 4320 arridet
608 4272 697 4320 (iretii
710 4288 771 4321 sen·
821 4272 911 4321 verbis
922 4286 1052 4334 reponere
1062 4270 1157 4329 velint,
1171 4269 1236 4319 licet
1245 4268 1272 4317 in
1282 4269 1352 4330 opta·

230 4337 455 4403 tentiafflistory
465 4338 495 4388 ol
503 4340 605 4390 Greeee
615 4340 661 4389 IV.
674 4356 698 4404 p.
708 4338 769 4403 421)
821 4341 893 4395 tivo.
907 4339 1001 4390 addita
1014 4338 1112 4390 vocula
1124 4329 1175 4400 δν,
1195 4339 1221 4387 ir.
1233 4337 1251 4387 l.
1267 4351 1298 4385 es
1313 4334 1351 4381 ris

229 4407 400 4457 Mardonium
412 4408 565 4471 laudantis,
579 4410 624 4474 qui
636 4410 684 4469 iis,
700 4425 770 4475 quae
820 4411 896 4472 insit,
910 4425 990 4475 qnam
1002 4408 1177 4471 potentialem
1189 4409 1290 4458 dicunt.
1313 4403 1352 4451 'l'u

229 4473 319 4527 adhuc
333 4492 350 4527 a
360 4478 452 4530 Persis
463 4478 538 4529 iacta
551 4483 643 4542 erent,
662 4485 770 4530 contra·
820 4479 892 4531 conl.
902 4481 984 4529 etiam
991 4479 1163 4530 Bsenmlein:
1172 4469 1349 4530 (triennales.
