2998 5138
472 398 842 467 'runrstcnoau
864 401 902 467 V.
923 412 950 470 9.
1240 404 1278 467 15

131 582 346 668 χρεωμένους
373 583 526 668 Μηδικῇ.
567 574 646 658 τούς
673 577 710 647 δὲ
737 583 862 657 ἵππους
890 574 1003 647 αὐτῶν
1030 578 1117 647 εἶναι
1144 587 1279 661 λασίους

130 682 223 751 ἅπαν
251 680 290 751 τὸ
312 686 424 770 σῶμα,
452 684 507 750 ἐπὶ
533 684 632 751 πέντε
654 681 838 761 δακτύλους
867 680 903 751 τό
924 682 1033 770 βάθος
1056 686 1125 751 τῶν
1144 689 1278 773 τριχῶν,

129 784 296 875 σμικροὺς
311 786 348 855 δὲ
363 787 420 854 καὶ
433 783 551 873 σιμοὺς
566 786 623 854 καὶ
637 782 826 866 ἀδυνάτους
839 781 964 874 ἄνδρας
978 789 1111 876 φέρειν·
1139 794 1278 875 ζευγνυ-

129 893 255 979 μένους
271 889 309 959 δὲ
323 884 385 957 ὑπ’
400 885 532 977 ἅμματα
550 884 845 977 εἷναμόξντοίτους,
869 884 1130 978 ἁρματηλατέειν
1144 891 1181 958 δὲ
1195 890 1278 975 πρὸς

129 997 236 1061 ταῦτα
251 990 332 1072 τοὺς
345 995 553 1081 ἐπιχωρίους.
580 990 737 1080 κατήκειν
752 990 932 1061 δὲ’τούτων
945 993 1024 1072 τούς
1037 990 1159 1082 οὔρους
1172 991 1278 1082 ἀγχοῦ

126 1092 273 1165 Ἐνετῶν
295 1100 364 1164 των
385 1098 423 1163 ἐν
442 1100 491 1188 τῷ
510 1093 632 1185 Ἀδρίῃ.
669 1094 755 1163 εἶναι
779 1095 816 1164 δὲ
836 1093 969 1184 Μήδων
994 1098 1099 1184 σφέας
1118 1092 1277 1178 ἀποίκους

129 1261 337 1312 Commemorat
352 1263 461 1326 gentem
477 1275 584 1327 quoque
602 1258 685 1325 Apol·
734 1258 808 1326 berg.
824 1259 901 1326 1803)
919 1277 980 1328 pag.
989 1263 1105 1326 lli-25,
1121 1262 1276 1314 Eichwald:

127 1331 221 1381 louius
232 1330 358 1380 Rhodius
372 1329 389 1379 l.
403 1329 422 1379 l.
434 1345 490 1380 una
502 1346 562 1381 oum
573 1330 683 1394 Scythis
733 1330 795 1381 Alte
807 1331 977 1397 Geographie
991 1333 1017 1387 d.
1030 1332 1277 1398 CaspisohenMee·

128 1407 157 1451 et
171 1401 340 1452 Thracibus.
377 1401 504 1450 Errorem
517 1401 622 1449 Zosimi
633 1399 681 1458 IV,
732 1414 776 1449 res
788 1416 850 1466 pag.
865 1402 932 1466 254,
954 1403 1053 1453 Vivien
1067 1403 1099 1453 de
1113 1402 1276 1455 Saiut-Mar-

126 1472 177 1534 20,
191 1470 226 1520 de
237 1472 317 1535 equis
332 1485 402 1535 quae
416 1469 512 1519 retulit
523 1471 633 1532 Noster,
645 1468 681 1518 ad
732 1470 773 1518 tin
785 1470 913 1535 (Journal
923 1471 970 1521 des
980 1474 1106 1538 Voyages
1119 1473 1194 1523 1842.
1206 1474 1276 1524 Juil-

127 1540 256 1590 homines
285 1539 477 1590 transferentis
499 1538 616 1605 indeque
638 1538 680 1588 si·
731 1538 769 1588 let
781 1555 844 1605 pag.
852 1540 908 1605 29),
925 1541 982 1605 alii,
995 1543 1182 1607 quiCingeros
1194 1542 1275 1593 hosce

126 1625 237 1675 gyrinos
250 1610 415 1660 Hunnorum
430 1609 533 1660 abavos
549 1607 679 1658 dictiteu-
732 1623 764 1658 ex
781 1610 863 1658 India
885 1615 1027 1676 repetunt,
1052 1627 1086 1664 ex
1105 1626 1161 1676 qua
1181 1612 1276 1661 eadem

127 1682 164 1730 tis
183 1679 289 1729 dudum
307 1684 440 1730 notarunt
457 1678 619 1744 wesseling.
640 1683 681 1727 et-
732 1682 806 1728 terra
828 1679 966 1743 Sigynuos
989 1683 1076 1746 repeti
1095 1681 1156 1731 vult
1171 1682 1275 1731 Ritter:

127 1764 181 1815 que
207 1749 349 1800 Gatterer.
382 1748 556 1815 (Commentt.
582 1747 679 1798 societ.
731 1747 881 1798 Erdlrunde
892 1750 928 1798 11.
941 1764 1005 1815 pag.
1021 1750 1082 1801 660.
1117 1751 1205 1812 Quam
1220 1752 1276 1815 opi-

127 1819 259 1885 (iotting.
274 1820 307 1869 T.
316 1820 389 1870 XIV.
403 1819 600 1884 pag.4seqq.).
613 1819 680 1866 Lar·
732 1818 840 1869 nionem
867 1818 948 1868 certis
971 1820 1140 1885 argumentis
1160 1819 1276 1870 destitu-
1322 1819 1328 1830 '

126 1888 241 1940 cherum
266 1889 290 1937 si
311 1903 470 1954 sequamur,
498 1887 679 1953 Sigynuorum
731 1891 787 1936 tarn
806 1902 865 1938 esse
888 1889 956 1938 satis
976 1904 1009 1939 ex
1033 1891 1068 1941 iis
1089 1890 1274 1954 cognoscitur,

126 1975 196 2025 gens
208 1974 227 2008 a
238 1958 429 2023 septentrione
440 1957 536 2007 habuit
546 1957 679 2022 Carpates
731 1971 802 2023 quse
815 1958 847 2008 de
860 1957 1039 2024 Cingarorum
1050 1961 1154 2024 origiue
1165 1959 1275 2010 subtili-

126 2032 254 2086 montes‚
279 2043 296 2077 a
314 2028 429 2077 meridie
448 2027 622 2093 Danubium,
645 2026 680 2076 ad
731 2030 773 2078 ter
787 2026 916 2078 disseruit
928 2029 1007 2078 Pott:
1029 2029 1228 2094 DieZigeuner
1246 2030 1274 2079 iu

126 2114 208 2163 quem
222 2112 311 2165 usque
325 2098 418 2147 Veneti
431 2095 475 2161 (de
489 2097 588 2162 quibus
602 2096 675 2149 conf.
730 2098 841 2162 Europa
851 2113 878 2150 u.
891 2098 974 2148 Asien
987 2099 1009 2150 I.
1019 2115 1047 2165 p.
1058 2099 1092 2150 55
1105 2114 1182 2164 seqq.
1195 2114 1274 2163 prae·

126 2169 150 2232 l,
168 2168 250 2231 loo),
265 2182 373 2217 omnem
389 2165 452 2216 olim
464 2166 584 2217 Hadriae
603 2181 679 2216 oram
730 2168 809 2231 cipue
829 2182 894 2232 pag.
915 2167 949 2217 59
965 2184 1021 2233 seq.
1040 2168 1102 2219 coll.
1123 2168 1273 2234 Czoernigr

126 2236 680 2302 acregionesadiacentestenentes,por·
729 2236 934 2301 Ethuograpbie
960 2238 1008 2287 der
1031 2237 1189 2288 osterreich.
1214 2240 1274 2288 Mo-

126 2309 198 2358 recti
217 2311 313 2369 erant,
334 2307 369 2356 ab
390 2308 494 2357 oriente
509 2306 679 2371 Agathyrsos
730 2306 824 2356 narcb.
840 2307 880 2356 11.
900 2321 963 2371 pag.
981 2308 1038 2360 122.
1075 2309 1168 2359 Missis
1188 2308 1274 2373 igitur

127 2378 156 2425 in
173 2375 383 2441 Transylvania
400 2381 494 2427 nostra
511 2376 677 2427 habitantes.
730 2375 865 2440 Cingaris,
877 2391 991 2439 quorum
1002 2375 1076 2426 nulla
1087 2382 1160 2427 certe
1171 2378 1273 2427 mentio

126 2445 231 2496 Plauos
241 2446 406 2515 ilungariac
417 2460 527 2511 campos
536 2446 606 2496 hauc
615 2461 680 2511 geu·
730 2447 758 2493 in
770 2444 905 2493 Herodoti
923 2445 1013 2509 libris,
1036 2451 1160 2510 praestat
1179 2447 1273 2512 utique

126 2521 182 2566 tem
209 2516 401 2579 nomedieam,
428 2520 459 2565 ut
485 2516 606 2579 videtur,
637 2526 678 2565 te·
729 2515 1151 2578 ineasenteutiaacquiescere,
1167 2517 1273 2579 quuSi-

126 2586 224 2636 nuisse
247 2587 350 2635 steterit
370 2600 478 2651 quoque
495 2586 594 2635 Zeuss:
623 2585 677 2635 Die
728 2583 826 2648 gyuni,
839 2599 905 2648 gens
916 2584 1076 2643 nomadica,
1088 2584 1211 2635 exAsiae
1222 2601 1274 2635 me·

126 2654 675 2719 German.u.ihreNucbbarst.pag.2lil.
728 2653 790 2703 diae
802 2653 960 2717 regionibus
972 2652 1035 2702 olim
1050 2652 1181 2718 profecti,
1200 2662 1275 2718 post-

125 2727 225 2789 Neqne
239 2740 308 2774 sane
320 2724 468 2789 quidquam
480 2724 608 2789 impedit,
623 2738 676 2787 quo
727 2723 777 2773 bac
788 2723 817 2771 in
824 2722 982 2788 Hungariae
993 2722 1108 2786 planitie
1117 2724 1275 2775 consedisse

125 2796 218 2843 minus
247 2793 321 2845 hano
346 2801 456 2859 gentem
486 2809 500 2844 e
530 2794 676 2858 primitivis
728 2798 869 2858 putantur.
907 2792 986 2856 Quod
1007 2792 1041 2843 de
1061 2796 1153 2858 equis,
1174 2793 1273 2859 quibus

126 2865 213 2914 Asiae
238 2863 350 2913 sedibus
366 2862 472 2928 pulsam
491 2862 520 2912 iu
532 2862 603 2913 hanc
619 2861 677 2927 pla·
726 2863 841 2927 Sigynni
852 2866 981 2926 utuntur,
998 2862 1105 2913 villosis
1123 2879 1155 2913 ac
1170 2864 1273 2928 parvis,

125 2935 225 2983 nitiem
238 2934 410 2998 immigrasse
420 2934 511 2997 ibique
521 2931 676 2983 consedisse
727 2933 824 2982 scribit
833 2932 1004 2996 Herodotus,
1020 2932 1093 2983 haud
1102 2933 1221 2983 alienum
1232 2938 1273 2983 vi-

125 3002 275 3053 eredamus
296 3018 444 3069 verumque
459 3018 518 3054 esse
537 3004 677 3052 existimo·
728 3001 820 3053 detur:
839 3002 863 3052 si
876 3003 984 3068 quidem
999 3002 1088 3053 adhuc
1101 3004 1129 3052 in
1141 3003 1183 3053 his
1196 3004 1274 3053 Hun-

125 3087 203 3137 mus,
233 3072 307 3137 quod
334 3073 388 3136 ipsi
409 3073 526 3138 Sigynni
548 3087 565 3122 a
587 3072 678 3121 Medis
726 3072 821 3136 gariae
840 3073 997 3137 regionibus
1017 3073 1080 3137 equi
1101 3089 1202 3138 parvae
1217 3080 1272 3123 sta-

125 3142 270 3207 proiectos
289 3157 318 3192 se
330 3141 486 3206 perbibent3
505 3142 577 3192 coni.
594 3142 678 3191 etiam
728 3146 805 3192 turae
815 3142 972 3207 plerumque
982 3144 1165 3207 reperiuntur,
1179 3142 1274 3210 quales

125 3213 209 3278 plura
237 3212 422 3277 proferentem
445 3211 625 3262 Dieieubach.
648 3211 678 3259 iu
728 3212 1274 3277 etiaminterrisvicinisPoloniae,Vol-

126 3281 242 3333 Celtico.
260 3281 296 3332 11.
310 3298 372 3347 pag.
386 3282 420 3333 30
433 3297 501 3346 seq„
519 3282 566 3346 qui
579 3282 676 3345 Sigyn-
727 3281 827 3344 hynise
843 3286 871 3331 et
887 3282 1005 3332 Russiae
1022 3282 1208 3333 meridionalis
1226 3282 1273 3333 ad-

126 3368 176 3403 nos
198 3351 245 3402 vol
269 3350 306 3400 sd
322 3351 424 3416 Ligyes
441 3352 608 3416 pertinuisse
632 3348 678 3399 vel
726 3351 854 3401 hibentur
868 3351 904 3401 ad
919 3353 1013 3402 varios
1025 3351 1102 3402 vitae
1118 3367 1200 3402 usus:
1225 3367 1272 3401 ne-

125 3437 260 3472 unacum
272 3419 314 3470 his
327 3437 360 3471 ex
373 3421 440 3470 Asia
452 3420 612 3472 discessisse
627 3435 676 3485 pu·
726 3436 778 3487 que
791 3421 915 3486 proiecto
935 3436 1003 3486 opus
1021 3421 1073 3471 erit
1087 3421 1220 3488 ‘cogitare
1239 3421 1273 3470 de

126 3496 178 3541 tat.
211 3489 284 3541 inde
301 3488 422 3540 Celticae
446 3491 540 3556 stirpis
566 3498 676 3553 gentem
727 3492 804 3556 equis
823 3492 912 3542 brevis
932 3494 1068 3551 staturae,
1094 3507 1163 3556 quos
1180 3492 1274 3541 Pontes

125 3561 213 3612 luisse
229 3559 524 3624 suspicaturLueken:
543 3560 676 3611 DieEin-
725 3566 827 3611 vocant
844 3561 994 3627 quibusque
1016 3576 1065 3625 per
1082 3561 1209 3613 Sueciam
1231 3561 1274 3610 uti
1310 3605 1312 3608 ,

125 3630 186 3680 bsit
201 3631 252 3680 des
268 3629 518 3695 Meuscbengeschl.
534 3645 598 3695 pag.
615 3629 674 3681 134.

125 3700 200 3750 Nihil
219 3699 290 3751 certi
306 3700 466 3763 pronuntiat
480 3699 564 3749 Hahn
579 3698 675 3764 (Alba-

125 3785 183 3820 nes.
196 3768 314 3819 Studien
325 3783 389 3834 pag.
399 3767 473 3833 264),
486 3762 621 3834 Sigynnos
632 3784 676 3819 ra·

127 3843 172 3889 tus
191 3854 210 3888 a
229 3839 385 3904 primariis,
407 3839 505 3904 quibus
526 3840 676 3889 utebantur

126 3910 224 3969 armis,
249 3924 348 3959 nomen
370 3909 510 3973 accepisse
529 3923 616 3974 seque
634 3913 676 3958 at-

126 3994 179 4043 que
201 3977 332 4041 Curetes,
360 3978 498 4041 Quirites,
527 3976 675 4040 Samnites,

125 4046 256 4100 Sabinos.
294 4048 336 4097 sd
353 4047 487 4097 Medicam
505 4048 617 4112 stirpem
636 4048 677 4097 Si-

126 4120 212 4183 gynni
230 4118 328 4167 referri
348 4132 428 4181 posse
442 4117 572 4168 ridentur
589 4119 679 4182 Κοσμ-

126 4190 207 4252 pcnio
220 4188 265 4236 in:
284 4186 374 4238 Wien.
383 4186 497 4239 Jahrbb.
510 4188 569 4237 XX.
580 4203 606 4251 p.
614 4185 675 4240 328.

127 4256 180 4306 Alii
197 4257 318 4320 deniqne
332 4255 469 4321 Sigynnos
488 4273 536 4321 pro
556 4259 678 4319 Cisparo·

126 4342 190 4387 rura,
205 4327 256 4391 qui
266 4326 405 4390 dicuutur,
420 4326 571 4379 maioribus
583 4327 678 4377 haberi

126 4395 238 4445 volunt:
252 4396 309 4447 sid.
318 4396 493 4460 potissimum
503 4397 524 4447 1.
534 4397 564 4447 G.
571 4398 675 4448 Hasse:

124 4466 260 4531 Zigeuner
280 4466 317 4514 im
329 4465 461 4517 Herodot.
479 4472 532 4519 etc.
547 4467 675 4533 (Kdnigs-

726 3631 854 3681 dicuntur
867 3646 884 3679 a
896 3630 1053 3682 Wbeelero:
1067 3629 1232 3696 Geogrephy
1244 3631 1275 3680 ol

725 3700 861 3778 Herodot3
877 3716 941 3766 pag.
960 3701 1019 3750 179.
1038 3731 1073 3741 -
1099 3702 1131 3750 In
1152 3703 1273 3766 proxime

727 3785 803 3835 seqq.
826 3766 920 3817 cordo
946 3769 1009 3820 dedi
1036 3785 1085 3834 pro
1109 3763 1217 3820 αὐτέων
1245 3776 1272 3821 et

727 3841 809 3903 paulo
838 3838 909 3888 inira
930 3831 1041 3888 τούτων
1064 3855 1112 3903 pro
1138 3834 1271 3889 τουτέων.

726 3911 780 3959 Ρτο
794 3907 867 3973 vulg.
878 3900 999 3974 μικροὺς
1009 3910 1109 3974 scripsi
1122 3904 1270 3974 σμικρούς;

727 3978 762 4029 cl.
776 3978 891 4028 Bredov.
905 3994 931 4043 p.
946 3979 1003 4029 121.
1018 3980 1076 4033 122.
1090 3972 1190 4042 σιμοὺς
1202 3981 1272 4029 dixit

727 4050 840 4110 Noster,
858 4062 926 4112 quos
937 4048 1030 4099 cadem
1041 4062 1108 4100 voce
1118 4050 1218 4101 Latine
1232 4050 1273 4098 sic

728 4132 837 4182 quoque
846 4117 988 4183 designare
999 4118 1130 4180 solemus,
1142 4121 1188 4185 qui
1198 4134 1273 4182 pres-

728 4188 766 4237 sis
785 4191 899 4236 utuntur
918 4188 1044 4249 naribns3
1064 4190 1118 4240 vid.
1136 4189 1270 4255 Theseum

728 4256 806 4321 Ling.
816 4256 983 4309 Graec.VlI.
999 4275 1025 4322 p.
1034 4261 1085 4309 257
1095 4256 1271 4308 ed.1)indorl.

726 4326 768 4377 Ad
782 4327 866 4377 verba
882 4317 912 4376 ἐν
923 4322 1062 4393 τῷἈδρίῃ
1072 4326 1145 4379 conf.
1154 4332 1224 4375 nott.
1237 4326 1272 4376 ad

727 4397 749 4453 1,
769 4396 816 4447 los
832 4402 858 4447 et
870 4399 917 4457 1v‚
933 4397 975 4449 33.
1012 4398 1054 4446 Ad
1067 4413 1146 4447 usum
1176 4410 1223 4446 rae
1244 4413 1271 4445 o-

727 4468 838 4518 sitionis
848 4460 894 4517 ἐπὶ
907 4468 933 4517 in
948 4467 1052 4519 verbis=
1071 4460 1115 4516 ἐπὶ
1127 4480 1148 4514 π
1181 4480 1209 4515 τε
1221 4412 1271 4515 δτι·
