2916 5130
277 375 337 440 8111
665 382 930 446 EXCURSUS
953 384 1011 442 ΙΙΙ

278 556 330 626 ipsi
347 556 432 609 fundo
447 557 549 627 quippe
564 557 718 628 impositum
732 566 761 611 et
775 558 815 623 ei,
830 559 878 628 qui
894 559 1008 611 fundum
1024 558 1193 628 possideret,
1212 557 1359 629 pendendus:

277 642 351 712 quod
366 643 461 694 tributi
477 660 565 711 genus
581 660 654 695 nuuc
670 651 782 696 vocatur
800 645 996 711 Grundsteuer,
1012 644 1196 695 introductum
1210 643 1270 695 iliud
1282 644 1361 711 quiden

277 728 303 779 in
322 728 446 781 omuibus
461 729 520 781 sera
537 734 647 781 nostrae
663 728 760 780 aetatis
785 729 943 783 civitatibus
965 730 1034 781 benc
1057 729 1203 781 ordinatis:
1225 729 1286 797 apud
1303 729 1361 780 iones

276 812 380 882 primus
403 814 428 865 id
456 813 576 865 instituit
599 813 784 882 „trtaphernes
808 814 959 884 meritoque
981 815 1086 866 Noster
1109 814 1136 865 id
1164 814 1253 865 habuit
1272 814 1361 880 dignun

277 899 350 966 quod
367 898 478 950 disertis
495 898 587 950 verbis
603 898 746 951 indicaret.
792 899 852 951 Hoc
871 917 936 952 vero
950 899 1106 952 institutum
1132 906 1164 950 ut
1182 908 1321 951 servaretur
1334 899 1361 950 io-

276 990 391 1049 tegrurn,
407 983 577 1051 singulorum
591 983 737 1036 fundorum
752 984 877 1037 ambitum
894 984 948 1036 anai
961 1002 1021 1037 cum
1036 984 1139 1036 tributo
1154 985 1292 1036 secundun
1304 984 1361 1034 aubi

276 1074 331 1120 tum
346 1069 496 1120 constituto
512 1068 540 1119 in
557 1067 665 1120 tubulas
680 1074 746 1139 (nos
763 1087 906 1121 vocamus:
924 1070 1130 1135 Gruuddricher)
1145 1069 1243 1121 referri
1257 1068 1362 1138 omniaque

276 1170 307 1203 ea
330 1153 425 1219 peragi
451 1171 564 1205 necesse
589 1162 663 1219 erat,
689 1171 759 1223 quae
782 1155 853 1222 apud
877 1173 927 1205 nos
952 1156 980 1207 in
1002 1153 1103 1205 talibus
1124 1154 1185 1206 fieri
1209 1153 1362 1223 solentidqte

274 1238 514 1307 comprehendunt,
529 1240 602 1309 quod
617 1249 742 1291 vocatur:
755 1243 796 1293 die
807 1241 998 1312 Cntnstriruug
1009 1258 1033 1291 s.
1046 1242 1086 1292 die
1097 1242 1205 1311 Auiuge
1215 1240 1279 1292 ciues
1289 1237 1361 1293 Strau-

273 1332 410 1377 cutosterr.
455 1324 494 1375 Ac
516 1325 643 1376 miramur
660 1343 726 1376 sarie
743 1325 808 1376 talia
831 1332 882 1377 tam
900 1332 1003 1377 mature
1028 1324 1155 1376 aPersis
1179 1325 1208 1376 in
1232 1323 1360 1375 subditam·

273 1408 394 1476 gentium
410 1409 492 1461 terris
517 1410 685 1471 introducta,
710 1410 800 1481 qualia
818 1410 861 1462 vix
881 1408 934 1462 ulia
951 1410 978 1462 in
995 1410 1119 1475 civitate,
1143 1428 1179 1461 ne
1198 1408 1357 1460 Atheniensirr

274 1494 381 1563 quidem
400 1495 427 1546 iu
451 1495 590 1564 republica
600 1494 646 1560 *),
669 1493 714 1545 ilia
734 1502 808 1546 certe
826 1506 915 1547 aetate
940 1495 1068 1546 instituta
1089 1494 1230 1546 invenias:
1250 1494 1359 1560 meritoque

273 1578 386 1647 primum
418 1581 498 1631 huius
530 1580 627 1632 tributi
656 1580 729 1648 quod
760 1581 867 1632 omuino
895 1580 1032 1650 reperitur
1061 1580 1210 1649 exemplum
1234 1577 1363 1648 praedicarit

272 1663 331 1716 Rau
344 1660 401 1729 **i.

356 1752 416 1803 Hoc
431 1770 496 1802 vero
517 1750 671 1802 institutum
688 1751 846 1803 Herodotus
861 1750 936 1802 addit
957 1755 993 1804 od
1012 1768 1088 1805 11111111
1105 1769 1188 1819 usquc
1203 1760 1304 1804 aetatem
1315 1744 1361 1816 (ciri

271 1832 308 1889 ἔτι
324 1835 371 1888 καὶ
390 1830 672 1908 41411411611111141111
689 1853 767 1905 quam
789 1842 904 1888 aetatem
927 1837 950 1887 ai
971 1838 1035 1906 quis
1053 1837 1211 1888 accuratius
1232 1834 1361 1887 constituere

273 1921 346 1987 uelit,
362 1940 465 1991 ponere
480 1921 572 1973 iicebit
588 1920 653 1972 iliud
671 1930 786 1989 tempus,
802 1938 856 1990 quo
874 1922 978 1974 Noster
993 1922 1141 1973 itineribus
1164 1921 1245 1973 factis
1257 1917 1361 1970 Graecias

272 2006 383 2079 reliquit
398 2006 519 2058 Thurios
539 2008 727 2076 profecturus,
752 2007 838 2058 idest
857 2012 1025 2059 sunamiti
1047 2016 1111 2059 ante
1127 2006 1194 2058 Chr.
1211 2024 1253 2069 n.;
1272 2001 1362 2072 equidea

271 2091 298 2143 id
314 2099 421 2160 tempus
433 2092 533 2161 respici
550 2092 645 2155 malim,
661 2108 715 2161 quo
730 2092 833 2143 Noster
847 2090 961 2143 Thuriis
977 2100 1020 2143 est
1037 2098 1230 2159 commoratus,
1244 2091 1269 2141 io
1280 2088 1362 2140 historia

271 2176 469 2228 conscribenda
480 2177 611 2229 continuo
625 2183 773 2245 occupatus
787 2192 876 2245 usque
889 2176 1008 2228 advitae
1025 2177 1118 2229 tinem:
1135 2178 1211 2229 huuc
1224 2186 1300 2228 autem
1313 2172 1363 2222 1411

270 2262 365 2327 finem,
382 2279 460 2334 quem
480 2278 569 2333 usquc
589 2263 622 2314 ad
642 2263 808 2315 1111111468
826 2262 996 2330 prorogavit,
1012 2256 1246 2328 Dahimanni***)
1260 2254 1361 2311 sententii

270 2347 315 2399 vix
335 2347 442 2400 extendi
459 2365 541 2415 posse
560 2365 648 2416 usque
663 2347 697 2398 ad
712 2350 877 2399 1111111413
895 2354 958 2398 ante
974 2346 1039 2400 Chr.
1059 2366 1086 2400 n.
1102 2348 1257 2399 monuimus
1273 2345 1296 2395 iu
1313 2348 1360 2392 nott

269 2431 380 2497 cdvii,
398 2432 523 2486 1700011.
540 2433 574 2484 ad
591 2433 622 2498 V,
639 2436 672 2485 76
685 2439 711 2483 et
726 2432 774 2499 Vl,
790 2434 838 2485 98:
854 2432 927 2483 unde
942 2432 1078 2501 sequitur,
1094 2434 1178 2484 hocce
1190 2431 1307 2485 tributum
1317 2424 1360 2476 iude

269 2518 389 2575 absono
410 2522 460 2570 4112
482 2519 563 2569 ferme
586 2518 723 2589 usquead
741 2534 841 2568 aurnum
860 2520 998 2571 413-4‘20
1016 2524 1079 2570 ante
1095 2519 1166 2569 Chr.
1190 2536 1219 2569 n.
1235 2516 1359 2567 immutatur

269 2603 402 2655 mansisse
418 2604 542 2672 adeoque
557 2603 635 2655 etiam
652 2621 700 2671 per
712 2602 761 2653 hos
777 2619 864 2654 annos
880 2601 974 2655 Persis
989 2602 1109 2655 soluturo
1122 2602 1214 2654 fuisse
1230 2603 1260 2651 ab
1272 2595 1356 2650 ionibus

268 2704 339 2757 quos
355 2706 404 2756 per
420 2690 470 2739 hoc
485 2688 555 2741 idem
573 2699 679 2758 tempus
696 2686 842 2745 Persarum
862 2687 974 2755 imperio
988 2687 1114 2740 subditos
1132 2704 1225 2756 neque
1242 2678 1356 2752 unqutmit

269 2773 420 2826 libertatem
445 2773 598 2826 vindicatos
620 2792 682 2826 essa
703 2772 809 2825 credas.
855 2772 957 2823 Obstat
977 2790 1044 2825 sane
1068 2775 1184 2826 Cimonis
1206 2789 1273 2841 quas
1291 2766 1355 2818 diriur

267 2878 331 2929 pax,
347 2858 522 2910 Plutarchum
537 2858 605 2933 (Vit.
622 2859 728 2910 Cimon.
747 2858 792 2923 13)
810 2859 833 2910 si
851 2857 999 2928 sequimur,
1015 2857 1082 2910 inita
1097 2876 1173 2911 anno
1188 2860 1239 2910 469
1253 2849 1353 2906 11111641-

268 2963 294 2996 11.
322 2949 384 3011 post
405 2960 524 3012 pugnum
551 2945 583 2997 ad
609 2944 838 3011 Eurymedontem
862 2942 1042 3009 commissam,
1064 2943 1215 2994 Diodorum
1236 2930 1350 3012 (muri

267 3028 407 3099 sequimur
422 3036 569 3095 auctorem,
584 3048 657 3081 antro
674 3032 724 3081 446
743 3036 806 3079 ante
822 3027 887 3080 Chr.
904 3047 932 3080 n.
948 3027 1105 3081 breviante
1128 3027 1252 3079 Cimonis
1272 3030 1346 3075 nara:

267 3131 322 3183 qua
333 3129 400 3180 pace
417 3121 525 3167 cautum
542 3134 604 3173 esse
621 3114 741 3179 tradunt,
758 3120 788 3164 ut
806 3131 899 3165 omues
916 3115 1082 3166 Graecorum
1099 3114 1228 3165 civitates
1243 3128 1288 3180 per
1299 3102 1350 3156 „tuan

266 3198 310 3249 sui
331 3204 427 3249 esseut
447 3199 517 3251 iuris
539 3194 731 3268 (ἅυτόνομοι),
747 3216 836 3269 neque
852 3198 997 3251 Persarum
1014 3199 1132 3267 satrapis
1154 3197 1252 3249 liceret
1272 3192 1352 3245 adnm

266 3283 432 3335 descendere
448 3284 529 3337 trium
545 3285 648 3336 dierum
665 3285 763 3336 itinere
776 3284 903 3337 inferius.
947 3282 1008 3335 Hoc
1030 3283 1054 3334 si
1078 3300 1173 3336 rerum
1188 3288 1246 3347 est,
1266 3278 1303 3329 vir
1315 3286 1356 3323 tet!

266 3388 329 3423 esse
344 3386 437 3437 posse,
454 3385 525 3437 quae
540 3370 698 3421 Herodotus
714 3369 807 3439 tradit,
824 3369 903 3421 facile
917 3367 1091 3436 intelligitur,
1108 3368 1229 3437 indeque
1243 3354 1356 3419 Karidai)

267 3454 370 3507 remita
386 3454 514 3522 expedire
530 3454 632 3520 maluit,
651 3464 680 3505 ut
696 3454 836 3521 tributum,
856 3452 937 3524 qums
949 3453 982 3503 ab
1000 3453 1172 3521 Artapheruc
1188 3451 1267 3504 tuerit
1280 3439 1357 3514 imperi·

264 3547 330 3607 tum,
346 3540 399 3591 tale
415 3556 526 3610 quoque
541 3541 675 3595 mansisse
691 3522 835 3606 statueret,
852 3557 911 3592 cum
927 3539 1010 3590 lones
1025 3537 1171 3590 Persarum
1191 3537 1254 3605 iugo
1273 3542 1358 3584 errraas⁰

264 3624 343 3678 liberi
358 3632 453 3677 essent
468 3627 533 3678 sacti
544 3634 572 3678 et
586 3625 694 3696 quidem
706 3625 753 3691 ita,
771 3630 801 3675 ut
812 3624 886 3695 quod
898 3628 979 3676 antea
992 3622 1087 3675 Persis
1099 3622 1218 3675 solutum
1230 3624 1301 3673 esset,
1312 3613 1359 3664 idea

266 3711 479 3764 Atheniensibus
496 3711 538 3763 rel
554 3712 645 3780 petius
662 3710 768 3761 Atticae
780 3710 915 3773 societati,
931 3709 960 3761 in
972 3725 1051 3777 quam
1065 3708 1147 3760 iones
1163 3703 1262 3774 recepti
1275 3697 1358 3753 fuerint

265 3812 339 3847 nunc
361 3796 431 3848 solvi
458 3804 612 3866 oporteret:
640 3813 719 3865 quam
743 3794 796 3846 loci
820 3794 981 3863 expediendi
1009 3794 1140 3845 rationem
1165 3792 1233 3862 ipsis
1256 3777 1358 3838 Herodoti

266 3880 357 3930 verbis
383 3899 472 3950 neque
499 3881 634 3935 contineri
661 3897 750 3950 neque
776 3879 894 3949 permitti
920 3885 1084 3930 monuerunt
1107 3866 1357 3929 (1111111116),

333 4053 360 4113 ¹³)
375 4055 431 4105 vid:
445 4055 565 4105 Boeckh.
582 4055 810 4105 Staatshaushnit
823 4055 848 4104 d.
866 4054 963 4105 Athen.
982 4054 1003 4105 1.
1020 4069 1044 4117 p.
1062 4052 1113 4103 662
1126 4067 1183 4116 seq.
1348 4100 1355 4137 ,

302 4121 377 4242 ’311416
394 4124 536 4175 Lehrbuch
557 4124 582 4174 d.
603 4126 740 4191 politisch.
760 4126 927 4176 Oekonomie
948 4123 1004 4187 ΙΙΙ,
1029 4126 1043 4171 2
1069 4104 1353 4185 (Finanzwirsensetatt

264 4208 290 4256 p.
351 4194 393 4243 ed.
412 4195 525 4245 secund.
1021 4226 1025 4233 ·

334 4261 394 4321 *Pii
408 4265 595 4328 Forscbunog.
612 4269 664 4315 etc.
686 4266 707 4314 1.
723 4281 748 4328 p.
763 4265 805 4315 95.
818 4264 858 4324 11,
876 4265 899 4314 1.
912 4278 976 4327 pag.
989 4263 1032 4311 47.

331 4330 361 4395 †)
380 4334 433 4381 Zur
448 4333 603 4383 Gaschicht.
620 4334 726 4383 Hellen.
739 4334 950 4385 Staatsveriass.
965 4328 1143 4396 (Heidelberg
1160 4318 1353 4388 mannitur·

264 4398 341 4450 conf.
356 4403 438 4450 etiam
455 4402 575 4453 Boeclrh.
592 4404 826 4454 Staatshaushalt.
841 4403 867 4453 d.
881 4403 979 4453 Athen.
995 4401 1032 4451 11.
1048 4416 1073 4465 p.
1087 4400 1138 4450 662
1150 4414 1205 4464 saq.

332 4470 381 4535 ††)
398 4472 457 4521 Vid.
474 4473 595 4536 Gottiog.
608 4473 666 4525 Gel.
684 4478 768 4527 Aura.
787 4473 862 4524 1822.
878 4488 940 4539 pog.
959 4472 1014 4526 111.
1029 4472 1117 4520 Doror
1128 4470 1150 4519 1.
1163 4485 1190 4535 p.
1206 4465 1258 4517 tao.
