3048 5130
421 372 789 438 TERPSIOHORE.
810 374 848 435 V.
872 381 916 438 92.
936 386 985 433 ue.
1206 366 1266 435 185

135 554 252 637 ξαντος
264 546 323 621 τὸν
338 554 416 639 βίον
431 539 487 635 εὖ,
507 545 660 638 διάδοχός
673 553 709 619 οί
719 554 777 638 τῆς
791 550 989 632 τυραννίδος
1001 541 1019 616 ὁ
1032 555 1108 628 eruic
1122 551 1267 634 Περίαν-

136 663 215 742 δρος
235 661 376 743 γίνεται.
419 648 455 722 ‘0
469 659 587 722 τοίνυν
599 658 809 742 Περίανδρος
826 648 902 720 κατ’
920 648 1019 739 ἀρχὰς
1032 651 1093 740 μὲν
1107 642 1149 739 ἦν
1163 646 1267 739 queui-

135 787 230 849 τερος
243 764 305 829 τοῦ
319 754 460 846 πατρὸς,
477 759 552 827 ἐπεί
562 784 598 826 τε
612 758 648 827 δὲ
662 753 807 846 ὡμίλησε
822 753 866 826 δι’
880 751 1029 843 ἀγγέλων
1039 753 1268 848 Θρασυβούλῳ

133 974 170 1009 τα
186 950 263 1024 ἔτεα]
289 957 366 1009 Idem
382 957 612 1009 treditNicoleus
625 960 684 1008 De·
732 959 776 1009 his
793 958 871 1023 sequi
883 956 953 1008 melo
967 955 1137 1008 Fischerumz
1159 955 1268 1006 Griech.

133 1019 683 1149 resistetur.unsr-
733 1026 1268 1149 {rettulitiltutus*

133 1184 242 1220 ruerem
254 1165 326 1218 effici
339 1112 528 1218 eneohiunetis
542 1115 617 1219 lehise
626 1168 685 1218 hri·
735 1184 798 1234 psg.
811 1115 871 1220 566.
896 1168 964 1217 Tum
977 1134 1107 1233 cy'pseius
1122 1181 1211 1217 rerum
1224 1182 1271 1230 po·

134 1238 249 1289 stotelis
262 1236 356 1301 (Polit.
369 1237 401 1299 V,
413 1237 439 1295 9,
455 1237 500 1301 22)
514 1243 542 1287 et
552 1238 684 1301 Diogenis
734 1239 804 1288 titus
821 1236 961 1303 ponendus
977 1238 1028 1286 erit
1045 1236 1151 1302 Olymp.
1168 1236 1270 1298 XXXI,

133 1310 234 1360 lauert.
243 1308 317 1368 Ι,65,
329 1306 461 1356 observet
470 1307 598 1358 Fischer:
610 1308 685 1358 Grio-
734 1310 752 1358 2
765 1309 823 1359 sive
838 1322 901 1357 nnn.
916 1307 966 1359 655
984 1311 1045 1357 ente
1057 1304 1120 1361 Chr.
1136 1322 1177 1367 n..
1196 1306 1270 1357 inde·

134 1376 252 1428 chische
266 1375 417 1427 Zeitteieln
435 1393 461 1441 p.
478 1376 520 1427 62.
553 1378 595 1427 De
608 1376 685 1427 chro·
735 1393 788 1443 que
799 1382 920 1428 mortuus
937 1381 997 1442 post
1014 1377 1128 1439 triginta
1139 1391 1271 1426 annorum

134 1447 253 1512 nologis
265 1461 356 1511 regum
365 1444 684 1511 CorinthiegItLurcher.
734 1463 845 1513 regnum
859 1445 964 1512 Olymp.
979 1445 1135 1508 XXXVIII,
1148 1449 1164 1495 4
1183 1461 1205 1495 s.
1219 1445 1271 1496 625

135 1517 212 1568 Tsh.
229 1515 323 1566 chron.
341 1530 402 1579 esp.
420 1515 461 1565 18.
484 1531 547 1580 peg.
561 1517 612 1568 515
625 1532 684 1581 seq.
736 1522 802 1568 ente
820 1516 883 1566 Chr.
905 1532 948 1566 n:
975 1532 1026 1581 quo
1046 1530 1118 1565 enno
1139 1517 1272 1567 suecessit

136 1592 163 1637 et
177 1588 209 1635 in
218 1591 286 1636 note
296 1584 331 1634 ed
343 1583 370 1633 h.
384 1584 413 1643 1.,
422 1584 537 1635 Diodori
549 1585 686 1651 fragmen·
735 1586 895 1647 Periander,
907 1586 954 1651 qui
964 1590 1025 1651 post
1034 1585 1216 1649 quedrsgints
1226 1601 1273 1635 en-

136 1662 164 1706 to
181 1655 249 1706 libri
257 1654 318 1716 v11,
335 1654 408 1719 quod
419 1655 454 1703 ed
467 1657 492 1718 ἕ.
503 1656 519 1704 2
531 1656 683 1715 attulimus,
736 1671 832 1706 norum
850 1671 960 1719 reguum
987 1655 1100 1705 moritur
1118 1655 1272 1720 Olympied.

135 1727 209 1777 benc
224 1723 351 1775 confisus.
380 1722 472 1773 Aleten
483 1723 528 1775 ille
543 1727 622 1790 ponit
633 1725 686 1776 Co·

134 1794 226 1847 rinthi
241 1809 333 1859 regem
348 1792 415 1843 1666
434 1808 460 1841 e.
476 1794 538 1845 Chr.
555 1811 583 1848 n.
604 1794 686 1861 (1674

135 1882 152 1916 e
179 1864 247 1915 Chr.
263 1880 301 1925 n.,
318 1863 342 1913 si
355 1863 520 1927 wagnerum
534 1864 614 1929 sequi
628 1881 685 1915 me-

134 1936 172 1987 lis
187 1936 218 1984 in
228 1933 348 1999 Speoim.
362 1947 428 1982 rerr.
440 1931 562 1984 Corinth.
577 1949 641 1999 peg.
652 1934 686 1985 82

135 2010 258 2125 'dieii
272 2001 464 2137 151ιὲ02ίὲ152
477 2003 687 2124 (16ξῖ55355

261 2110 267 2121 ·
337 2108 343 2120 ·
458 2109 475 2133 ἰ

137 2142 302 2195 Corinthum
316 2140 352 2191 eb
363 2139 443 2191 Alete
453 2147 615 2206 occupatam
630 2150 688 2194 ste-

136 2216 197 2264 tuit
213 2218 244 2263 et
258 2211 356 2261 steten
378 2215 512 2262 mortuum
527 2228 600 2263 euno
620 2212 688 2265 1636

137 2287 207 2333 ente
217 2281 280 2332 Chr.
294 2279 342 2343 n),
358 2279 528 2345 Bacchiadas,
542 2287 688 2347 postquem

139 2353 237 2404 Aletes
253 2352 367 2415 eiusque
386 2364 559 2402 successores
577 2368 625 2416 per
636 2351 687 2403 327

139 2437 232 2473 sunus
246 2434 359 2485 reguum
371 2423 525 2483 tenuerent,
536 2437 624 2472 rerum
641 2437 688 2485 po-

141 2493 211 2542 titos
228 2505 303 2541 enno
314 2487 365 2541 838
378 2493 443 2539 ente
454 2489 516 2544 Chr.
531 2508 569 2551 n..
584 2492 687 2543 eiectos

144 2578 162 2612 s
170 2561 282 2626 cypreo
294 2573 367 2608 euno
379 2558 430 2611 663
442 2565 506 2610 ente
514 2560 576 2611 Chr.
590 2578 627 2624 n.,
640 2560 688 2626 qui

145 2637 208 2697 post
222 2629 341 2695 trigiute
354 2643 486 2679 ennorum
498 2645 610 2695 regnum
629 2631 689 2695 ipse

145 2701 215 2750 obiit
237 2714 311 2748 enno
330 2697 382 2749 633
403 2704 468 2749 ente
487 2699 549 2751 Chr.
568 2716 611 2751 n.:
637 2715 689 2765 quo

146 2771 242 2821 eodem
271 2782 345 2818 enno
375 2770 509 2819 successit
532 2770 690 2832 Periander,

147 2856 229 2907 quem
245 2843 383 2888 mortuum
397 2841 475 2901 ponii
489 2838 559 2890 idern
572 2839 692 2890 Lerche·

146 2927 192 2961 rns
206 2923 281 2958 enno
293 2906 346 2958 563
357 2912 420 2958 ente
434 2907 495 2960 (ihr.
507 2924 534 2960 n.
560 2909 603 2960 (11.
620 2913 690 2960 nott.

146 2980 180 3031 sd
199 2978 262 3040 111,
284 2976 328 3027 48.
354 2975 470 3040 Melius,
487 2978 594 3043 opinor,
611 2979 642 3029 O.
658 2978 690 3032 O.

146 3047 297 3101 Muellerus
316 3051 467 3109 temporum
485 3048 609 3098 rationes
626 3063 692 3099 cou-

146 3121 260 3179 stituit,
279 3116 403 3182 quemvis
414 3117 548 3169 Herodoti
560 3118 694 3168 uerretio·

145 3205 208 3241 nem
231 3187 266 3237 de
289 3184 405 3250 Cypselo
426 3186 634 3254 Cypselidisque
657 3186 693 3238 ed

146 3262 278 3310 erectum
288 3253 493 3320 chronologiam
505 3257 601 3309 referri
611 3273 692 3323 posse

146 3325 479 3464 2556165132.
491 3327 692 3447 titilius

147 3484 211 3532 pag.
230 3467 270 3516 ll.
283 3467 327 3516 24.
342 3465 376 3513 25
388 3470 417 3515 et
428 3465 645 3520 incommentet.
660 3466 694 3518 de

147 3533 317 3589 Becchiedis
332 3532 350 3586 l.
364 3549 448 3597 snpre
463 3535 481 3585 l.
508 3536 589 3587 Hunc
608 3535 632 3587 si
652 3552 693 3587 se·

146 3609 272 3673 quimur,
295 3603 428 3668 Cypselus
448 3608 582 3669 tyrannus
605 3621 693 3656 rerum

147 3678 256 3741 potitur
283 3689 355 3723 enno
375 3674 426 3725 657
449 3680 514 3725 ente
535 3675 599 3725 Chr.
618 3691 646 3725 n.
670 3690 692 3725 s.

148 3747 257 3813 Olymp.
273 3744 402 3807 xxm,
415 3742 632 3809 Cypselidseque
647 3760 695 3809 per

149 3814 328 3880 septuaginta
347 3827 395 3863 sex
414 3829 501 3865 eunus
524 3814 627 3864 additis
647 3831 695 3865 sex

150 3886 291 3936 mensibus
310 3883 452 3947 imperium
469 3888 630 3946 tennerunt,
643 3884 696 3934 Pe-

149 3954 264 4004 risnrler
288 3967 403 4015 regnare
418 3948 518 4016 ‘coepit
539 3952 695 4018 Olympied.

150 4021 313 4082 XXXVIII,
332 4020 344 4070 l
365 4037 386 4073 s.
403 4020 455 4071 628
467 4028 530 4073 ente
545 4023 607 4073 Chr.
624 4039 652 4075 n.
667 4028 695 4073 et

152 4094 220 4143 obiit
235 4093 343 4156 Olymp.
356 4090 484 4147 XLVIII.
498 4094 514 4141 4
528 4110 551 4143 s.
566 4093 617 4144 584
630 4097 696 4143 ente

153 4164 214 4214 Chr.
235 4177 283 4220 τις
306 4164 402 4211 contre
424 4160 591 4212 Schultzium
610 4162 634 4212 si
654 4178 696 4212 se·

736 1726 870 1786 XLVIII,
883 1727 901 1775 4
921 1741 943 1775 e.
955 1725 1005 1777 585
1020 1730 1084 1777 ente
1097 1725 1159 1778 chr.
1177 1741 1204 1775 n.
1225 1723 1273 1790 (ci.

736 1794 848 1847 Fischer
861 1795 880 1846 l.
893 1793 912 1844 l.
925 1810 988 1861 peg.
1005 1794 1073 1859 119).

771 1892 820 1946 καλ
832 1893 1032 1958 διαπλέξαντος
1045 1892 1096 1947 τὸν
1110 1894 1175 1965 βίον
1190 1881 1237 1964 εὖ]
1254 1898 1273 1948 1.

738 1984 761 2019 e.
775 1983 876 2034 wicque
889 1972 953 2019 vitoe
972 1984 1068 2019 cererem
1083 1968 1145 2019 tene
1160 1971 1275 2033 perepic-

737 2046 789 2101 set,
805 2036 932 2102 prosperi
952 2040 1139 2103 retruserunt.
1170 2038 1275 2103 Optimi

738 2110 838 2175 quique
849 2108 925 2159 codd.
934 2108 978 2159 hic
985 2109 1099 2160 efferunt
1109 2104 1276 2170 διαπλέξαν·

738 2193 796 2241 τος,
808 2194 868 2228 curu
881 2178 944 2228 olim
957 2186 1027 2229 esset
1040 2170 1275 2240 διαπλεύσαντος,

739 2248 811 2315 quod
823 2254 896 2299 certe
909 2249 999 2298 Ionum
1009 2267 1042 2300 ex
1050 2249 1159 2300 dicendi
1168 2251 1276 2300 ratione

738 2318 837 2368 muteri
859 2318 974 2368 debehat
995 2319 1021 2368 in
1051 2312 1274 2375 διαπλιόσαντος.

739 2390 775 2439 st
788 2392 863 2438 recte
875 2387 920 2437 hic
935 2388 1034 2438 dicitur
1048 2382 1229 2451 διαπλέκειν,
1245 2393 1277 2438 ut

740 2459 794 2507 iem
808 2459 957 2508 monuimus
968 2459 1003 2507 ed
1016 2460 1062 2521 IV,
1077 2459 1138 2509 265.
1165 2459 1277 2509 Addunt

738 2526 871 2577 Herodot.
888 2527 955 2591 VII,
976 2526 1086 2592 466161
1105 2543 1153 2591 pro
1171 2520 1278 2589 γλυκὺν

739 2589 868 2662 γεύσας
892 2586 942 2644 τὸν
966 2590 1057 2646 αίιόνα
1079 2596 1127 2647 elii
1147 2591 1277 2658 πλέξαι).

740 2666 839 2718 Athen.
852 2666 901 2717 XI.
917 2682 975 2732 peg.
996 2668 1083 2719 4588.
1119 2666 1201 2718 Plurs
1214 2667 1278 2717 cet-

740 2739 802 2787 tier.
826 2736 855 2784 in
868 2735 1016 2801 Gazophyl.
1030 2752 1095 2803 ρας.
1109 2737 1142 2787 76
1160 2737 1246 2801 etqui
1262 2752 1279 2785 e

742 2808 789 2857 Cr.
806 2806 909 2855 citetur
924 2807 1010 2872 Toup.
1029 2806 1063 2856 ed
1077 2807 1198 2857 Suideru.
1214 2807 1236 2856 I.
1251 2822 1278 2871 p.

742 2878 785 2927 26.
806 2875 904 2939 Negris
914 2891 1006 2929 voccru
1018 2872 1221 2936 διαπλέξαντος
1234 2893 1280 2927 ex-

743 2946 828 3011 plicet
845 2937 1049 3003 τελειοίσαντος.
1069 2975 1104 2984 -
1123 2947 1164 2998 De
1180 2946 1279 2998 vocule

743 3002 775 3064 εὖ
788 3016 941 3079 postposite
956 3015 992 3067 cf.
1005 3020 1074 3067 nott.
1091 3017 1126 3066 ed
1141 3018 1194 3079 111,
1207 3017 1240 3067 55
1253 3020 1281 3066 et

744 3087 782 3149 V,
796 3086 840 3135 27.
865 3086 897 3135 In
911 3101 986 3151 seqq.
1000 3086 1035 3137 ed
1056 3081 1121 3135 κατ’
1134 3077 1224 3150 ἀρχὰς
1242 3086 1279 3137 cf.

743 3157 782 3216 V,
796 3154 830 3204 62
845 3159 872 3204 et
886 3154 921 3204 ed
937 3154 1094 3221 perticulam
1109 3149 1148 3206 ἔτι
1161 3160 1230 3207 nott.
1244 3155 1280 3206 ed

743 3226 777 3286 V,
790 3224 832 3275 87.

781 3320 815 3377 Ὁ
830 3325 929 3376 τοίνυν
952 3325 1128 3392 Περίανδρος
1146 3345 1172 3380 κ.
1194 3345 1218 3379 τ.
1238 3327 1279 3394 1.]

744 3396 858 3461 Spectet
875 3397 928 3448 huc
946 3414 1023 3463 quem
1038 3401 1153 3450 mexime
1166 3399 1281 3450 Perthe·

744 3468 785 3516 nii
804 3468 926 3517 nerretio
941 3469 1059 3520 Eroticc.
1076 3470 1123 3531 17,
1141 3470 1189 3521 ubi
1203 3470 1282 3519 initio

743 3536 812 3586 heec
830 3537 968 3601 leguntur:
993 3534 1097 3602 λέγεται
1116 3531 1148 3589 dh
1168 3534 1217 3587 καλ
1231 3535 1283 3586 Πε-

746 3602 884 3668 ρίανδρον
906 3598 957 3656 τὸν
977 3606 1135 3669 Κορίνθιον
1159 3605 1213 3671 τὴν
1231 3600 1283 3671 μὲν

744 3669 837 3756 {elipe
851 3669 960 3739 ἐπιεικῆ
980 3692 1009 3726 τε
1023 3673 1070 3727 καί
1090 3677 1184 3740 πρᾶον
1199 3670 1283 3738 εἶναι,

744 3758 868 3803 υστιρον
888 3739 919 3794 δὲ
943 3740 1134 3806 φονικώτερον
1150 3741 1284 3809 γενέσθαι

746 3806 788 3863 δι’
801 3810 898 3878 αίτίην
912 3808 1007 3879 τήνδε.
1030 3819 1134 3880 Quibus
1145 3818 1194 3871 Cr.
1208 3817 1284 3867 sddit

746 3885 849 3947 Ephori
869 3886 992 3949 iregmm.
1013 3903 1039 3951 p.
1053 3887 1101 3937 211
1120 3889 1207 3939 Marx.
1237 3888 1284 3937 Se-

746 3956 840 4017 quitur
854 3958 976 4006 narretio
992 3956 1025 4007 de
1036 3957 1144 4007 funesto
1156 3957 1283 4008 concubi·
1368 3989 1372 3997 .

747 4028 792 4087 tn,
807 4039 886 4088 quem
900 4025 1051 4076 Ovidienee
1065 4026 1173 4078 t'sbnlee
1195 4027 1228 4076 de
1243 4027 1286 4075 Ci-

747 4109 816 4155 nyre
831 4099 858 4145 et
870 4094 980 4158 Myrrha
993 4097 1170 4161 Metamorph.
1186 4098 1219 4155 X,
1234 4095 1286 4146 298

748 4164 914 4214 simillimum
938 4165 991 4215 huc
1014 4167 1209 4217 transscribere
1232 4180 1287 4214 nou

153 4247 276 4298 qusmur,
291 4231 371 4295 Spec.
383 4233 514 4295 Apperst.
532 4232 593 4282 crit.
610 4249 635 4298 p.
651 4231 694 4295 37,
748 4238 839 4285 vacet.
864 4235 966 4286 Postee
978 4252 1041 4286 vero
1053 4235 1201 4286 Periander
1214 4250 1287 4285 men-

153 4301 299 4353 Periender
316 4301 370 4349 ism
387 4315 460 4350 enno
480 4301 531 4352 566
551 4308 616 4353 ente
632 4301 695 4352 Chr.
748 4307 803 4353 tem
814 4319 909 4354 senem
922 4306 962 4354 its
976 4306 1126 4370 perdidisse
1140 4304 1243 4363 fertur,
1255 4307 1288 4352 ut

154 4388 180 4422 n.
194 4376 245 4421 eut
257 4369 295 4423 ed
307 4382 438 4420 summum
452 4370 505 4421 586
514 4376 580 4422 ente
590 4370 654 4422 Chr.
667 4387 694 4421 n.
748 4388 852 4424 omnem
872 4375 1063 4425 crudeIItetem
1080 4377 1109 4424 in
1130 4374 1203 4424 cives
1223 4387 1287 4422 suos

154 4442 223 4493 diem
236 4441 307 4494 obiit
324 4454 488 4505 supremum.
513 4439 648 4506 Equidem
667 4442 696 4490 in
748 4449 895 4495 exerceret.
912 4445 1111 4496 inuniversnru
1121 4447 1213 4495 eutem
1223 4457 1288 4493 num
