3008 5128
495 406 861 473 TERPSICHORE.
884 416 920 479 V.
944 425 986 481 53.
1263 415 1303 481 87

102 583 296 658 393ἑόνιοιν
310 583 519 677 πεντήκοντα
539 590 596 659 καὶ
610 598 841 679 τετρακοσίων.
875 591 1083 683 πεντήκοντα
1103 592 1140 664 dl
1158 594 1214 664 ναὶ
1227 597 1301 667 ἕνα·

157 791 273 844 eandis:
304 796 334 841 ut
353 791 399 858 qui
424 791 452 842 in
473 795 551 843 tanto
574 792 709 844 Susianae
760 798 819 847 erat
831 801 1059 859 cousentaneum,
1075 799 1168 862 prouti
1179 797 1207 848 id
1219 801 1302 850 etiam

156 863 237 912 nrbis
262 862 366 913 ambitu
384 866 514 916 accurate
538 879 599 914 eum
620 864 708 929 ipsum
760 865 1304 923 declarantStrabol.l.etDiodorusSic.

155 933 251 983 loeurn
271 932 393 982 indicare
410 931 512 997 voluit,
531 932 602 984 unde
616 935 708 986 exibat
759 936 797 997 ΙΙ,
811 938 852 986 tt.
872 937 993 987 Diodoro
1004 941 1115 989 auctore
1128 954 1145 988 a
1157 940 1302 1004 l'eutamo,

155 1004 207 1052 via
220 1018 270 1066 re
253 1004 311 1064 ‹r,ia
325 1003 707 1069 quaecuminregiumusnm
759 1007 842 1056 Asiae
855 1022 933 1072 rege
947 1009 1082 1068 Memnon,
1096 1008 1167 1059 filius
1179 1010 1302 1067 Tithoni.

156 1075 239 1123 faeta
259 1078 348 1131 esset,
376 1090 409 1124 ex
430 1074 490 1136 ipso
512 1076 585 1137 regia
604 1074 708 1140 palatio
760 1075 821 1141 (qui
847 1081 875 1126 et
899 1078 960 1142 ipse
987 1076 1088 1129 dicitnr
1109 1080 1220 1131 Persiae
1247 1081 1301 1133 dax

157 1145 236 1195 exire
247 1157 356 1207 quoqne
368 1142 493 1193 debebat.
521 1145 581 1194 Hoc
591 1161 656 1197 vero
666 1163 708 1197 re·
759 1161 824 1209 prae
835 1147 952 1198 caeteris
963 1147 1035 1212 apud
1045 1164 1135 1215 regem
1146 1151 1236 1216 gratia
1246 1151 1302 1216 pol·

155 1215 234 1279 giam
245 1214 389 1263 Persarum
399 1212 707 1277 palatnrmaDarroSu
757 1214 827 1280 lens)
848 1218 966 1267 mittitur
985 1234 1046 1269 cum
1066 1220 1169 1284 copiis,
1190 1222 1300 1272 Priamo

157 1284 200 1333 sis
219 1283 359 1334 conditum
374 1298 422 1333 cur
434 1283 590 1334 Herodotus
605 1287 707 1337 Graeco
758 1287 922 1337 etTroianis
936 1303 1012 1351 opem
1025 1287 1218 1341 intumentum
1229 1292 1300 1343 idem

156 1352 347 1419 appellatione
373 1353 471 1403 dixerit
496 1345 535 1402 soi
559 1354 595 1403 M
599 1368 707 1418 εμνο
757 1356 879 1437 pergit
857 1372 909 1407 sic
923 1351 1150 1438 οἰκοδομῆσαιὸ’
1155 1352 1299 1411 αὖιόνὲπὶ

156 1438 236 1483 νια,
254 1439 278 1473 ιι
292 1438 471 1488 quaeramus
490 1425 600 1475 videtur
611 1427 706 1490 ntique
755 1423 806 1491 τῆς
825 1417 915 1488 ἄκρας
932 1418 966 1476 roi
985 1419 1154 1487 ἔνΣοόσοις
1172 1428 1300 1514 βασίλεια

155 1495 261 1544 Noster
273 1508 306 1542 ea
320 1498 429 1544 secutus
445 1507 519 1555 esse,
544 1510 614 1560 qnae
635 1496 706 1545 inter
758 1496 806 1562 (sc.
820 1487 946 1578 φασὶ)
915 1512 949 1545 ια
962 1493 1189 1557 διαμείναντα
1156 1515 1236 1582 μεχρι
1248 1518 1298 1565 rqc

155 1565 281 1615 Graecos
290 1563 353 1614 inde
363 1564 398 1615 ab
405 1564 518 1614 Homeri
527 1568 619 1615 aetate
628 1581 703 1630 apar-

155 1651 191 1686 ιο
218 1636 417 1699 poetarumque
444 1635 608 1686 carminibus
633 1635 703 1685 eele-

154 1705 239 1755 brata
253 1708 332 1753 erant
346 1703 379 1754 de
390 1705 571 1755 Memnone
548 1721 607 1756 sive
622 1705 703 1756 heroii

153 1778 218 1826 aive
229 1774 281 1823 deo
293 1775 370 1824 Susis
383 1775 504 1837 reposito
518 1772 584 1837 (vid.
595 1775 700 1826 Aelian.

153 1847 192 1896 N.
204 1846 237 1893 A.
256 1846 289 1904 V,
305 1842 346 1903 1),
361 1844 440 1895 οιιὶιιι
452 1844 510 1893 sive
524 1844 629 1909 palatia
643 1847 703 1896 sive

153 1913 261 1979 templa
273 1913 358 1964 variis
369 1912 439 1964 loeis
448 1912 587 1979 fingebant
596 1915 703 1966 eadem·

153 2001 209 2046 que
231 1983 267 2032 ad
283 1999 371 2033 rerum
385 1985 568 2034 Asiaticorum
587 1987 703 2050 primor-

153 2056 203 2106 dia
218 2054 398 2104 revocabant.
425 2054 522 2118 Itaque
535 2055 701 2117 Herodotus,

152 2124 202 2191 qui
221 2123 388 2173 Graecorum
411 2125 439 2173 in
461 2140 538 2174 usum
557 2126 701 2187 scribebat,

152 2194 353 2260 praetermissa
363 2194 475 2244 Persica
485 2195 557 2245 arcis
568 2195 701 2247 Susianae

154 2265 287 2329 sedisque
302 2266 395 2327 regiae
408 2263 593 2329 appellatione
607 2264 700 2331 (quarn

152 2335 275 2385 forsitan
296 2334 457 2398 ignorabat,
490 2335 514 2385 si
535 2335 642 2400 quidem
666 2334 701 2385 ad

152 2406 227 2455 Susa
239 2419 326 2467 nsque
335 2402 409 2454 illum
420 2404 578 2469 pervenisse
587 2407 632 2455 vir
643 2422 700 2456 cre-

152 2473 240 2525 dibile
252 2472 317 2537 est)
330 2490 400 2535 eam,
414 2489 483 2538 quae
498 2475 569 2525 inter
579 2474 698 2526 Graecos

151 2546 268 2605 cognita
283 2543 406 2609 adeoque
419 2543 558 2594 celebrata
570 2544 623 2595 fuit
629 2562 698 2611 ,ιι-ρ

151 2613 330 2680 pellationem
349 2615 497 2680 assumpsit
518 2614 600 2681 idque
614 2617 698 2665 etiam

152 2685 255 2750 opinor
267 2684 434 2749 significavit
451 2683 546 2733 addita
566 2701 635 2736 voce
651 2700 698 2733 ιια-

150 2751 285 2815 λεόμενα,
307 2771 360 2820 qna
373 2754 488 2819 intelligi
502 2755 589 2804 voluit
605 2757 699 2819 reqiom

150 2826 253 2880 eedem,
274 2840 339 2887 qnae
352 2822 462 2889 (vulgo,
483 2825 554 2874 inter
567 2822 697 2890 Graecos)

154 2895 424 2946 Μιααοιιιάιοιιιιιιι.
442 2896 699 2946 Memnoniaautem

151 2965 213 3015 sive
227 2964 334 3028 palatio
347 2966 405 3015 sive
424 2963 524 3029 templa
537 2967 565 3016 in
577 2966 698 3015 lilernno-

150 3037 196 3084 nis
217 3034 348 3084 honorem
372 3038 525 3095 exstructa,
550 3035 622 3099 quod
644 3050 699 3085 non

151 3105 232 3154 Susis
248 3108 369 3162 tantum,
390 3120 484 3156 verum
506 3103 568 3154 aliis
589 3120 698 3169 qnoque

151 3174 238 3238 loeis,
257 3190 284 3223 v.
302 3190 327 3223 c.
341 3172 443 3224 Thebis
457 3175 636 3240 Aegyptiacis
652 3192 696 3225 ex-

149 3247 227 3295 stare
242 3243 383 3294 dicuntur:
403 3243 430 3293 id
444 3245 552 3307 quidem
569 3245 694 3295 hocloco

149 3313 268 3378 amplius
277 3315 402 3379 persequi
414 3314 486 3365 nolo.
510 3315 696 3380 Disputarnut

150 3385 187 3433 de
202 3384 246 3433 bis
260 3383 375 3434 lacobe:
398 3383 567 3434 Vermischte
583 3384 694 3434 Schritt.

149 3454 198 3503 1v.
212 3454 298 3519 pagii
310 3469 397 3518 seqq..
408 3455 546 3505 Letronne
558 3455 600 3503 in:
614 3453 694 3505 Mdrn.

149 3523 185 3572 de
195 3522 302 3573 l’rlcad.
314 3523 362 3572 des
375 3524 516 3587 Inscriptt.
524 3524 558 3572 Τ.
566 3525 599 3577 Χ,
609 3540 634 3589 p.
645 3524 695 3571 aaa

148 3608 244 3656 seqq,
258 3592 306 3657 qui
319 3597 405 3642 totam
422 3592 492 3642 bane
506 3594 539 3643 de
553 3594 695 3645 Memnone

147 3662 275 3712 fabulam
302 3660 422 3726 pluribus
453 3663 589 3724 persecuti
616 3669 694 3721 sunt;

149 3748 236 3792 quare
252 3746 286 3782 ea
302 3737 407 3782 tantum
425 3732 550 3795 afferam,
571 3749 641 3798 qnae
661 3735 695 3784 ad

148 3804 222 3853 Susa
234 3802 373 3867 pertinent
385 3808 413 3854 et
422 3802 590 3853 Herodotum
600 3802 693 3867 aliquo

150 3874 233 3923 modo
257 3872 395 3924 illustrare
420 3878 544 3937 possunt.
585 3874 693 3924 Etenim

149 3944 402 3993 SusaaMernnone
411 3942 468 4005 (rid
487 3942 617 4007 Stephan.
627 3944 693 4006 Byr.

147 4029 170 4063 s.
181 4030 210 4063 v.
225 4011 336 4077 Σοῦσα)
347 4012 390 4063 vel
402 4029 419 4062 a
432 4012 561 4072 Tithono,
575 4015 695 4063 Memno·

149 4085 194 4133 nis
207 4088 288 4146 patre
303 4081 370 4147 (vid.
385 4082 476 4133 Strab.
491 4082 508 4132 l.
523 4082 564 4147 1.),
581 4082 693 4132 condita

150 4167 214 4203 ease
231 4151 372 4213 ferebant,
393 4152 522 4217 ipsosque
536 4152 630 4203 Susios
647 4151 694 4202 ho-

149 4222 236 4272 mines
248 4222 377 4273 dicebant
386 4222 479 4273 Cierio-r
488 4238 506 4271 ιι
515 4222 613 4283 Ginaia,
624 4237 693 4286 qnae

149 4293 304 4342 Memnonis
323 4295 412 4341 mater
433 4291 625 4355 perhibebatur
644 4290 693 4353 (ef.

150 4362 243 4412 Strab.
260 4359 277 4410 l
289 4361 307 4411 l.
320 4361 487 4426 etbesohyl
500 4362 576 4412 Pers.
591 4361 630 4410 17.
644 4362 694 4411 ibi-

150 4446 201 4495 que
219 4429 405 4512 interprett.);
423 4434 494 4483 unde
508 4431 639 4482 Snsornm
652 4447 695 4481 ar·

757 1562 877 1649 Περσῶν
899 1558 1068 1631 ἡγιμονίας,
1098 1565 1241 1633 κληθέντα
1268 1566 1298 1620 δ’

754 1630 795 1684 oin
798 1624 932 1686 ’ἐκείνου
947 1632 1114 1720 Μεμνόνεια
1128 1635 1299 1690 soractensi-

755 1718 801 1754 σαι
815 1701 846 1754 δὲ
859 1700 907 1783 καὶ
920 1700 968 1755 διὰ
981 1708 1032 1771 τῆς
1043 1700 1137 1789 χρίρας
1151 1702 1298 1773 λεωφόρον

753 1764 837 1855 ὁδὸν,
858 1766 911 1839 τὴν
927 1774 1007 1856 μέχρι
1024 1775 1076 1828 τοῦ
1095 1776 1150 1828 νῦν
1164 1773 1285 1843 όνομαζο
1270 1794 1299 1830 0-

753 1813 843 1928 μένρν
854 1838 1118 1905 Mennianorum
1134 1864 1189 1915 qua
1203 1851 1297 1902 eadem

753 1931 783 1965 re
794 1915 834 1965 sie
847 1916 1098 1969 traditPaueanias
1114 1918 1173 2002 (qui
1188 1922 1237 1982 IV,
1252 1921 1295 1974 31.

754 1987 778 2048 §-
792 1986 809 2036 4
824 1987 906 2035 etiarn
921 1994 1113 2040 commemorat
1130 1983 1165 2038 τὰ
1179 1959 1297 2055 Μεμνό-

754 2068 815 2103 νεια
835 2070 869 2103 τοι
860 2045 917 2103 ἐν
937 2052 1061 2115 Σούσοις
1080 2058 1170 2144 τείχη)
1192 2062 1230 2123 X,
1250 2060 1293 2113 31.

751 2127 891 2244 §.qa
795 2127 825 2174 t:
849 2117 891 2189 όφ
893 2123 967 2207 ίιιειρ
987 2120 1083 2212 μέντοι
1107 2123 1135 2195 (ὃ
1153 2099 1293 2216 Μέμνων)

767 2210 780 2251 ς
788 2183 875 2243 ileon
886 2210 938 2243 ονιι
947 2212 988 2245 απ
987 2189 1177 2263 ’,Αἰθιοπίας
1187 2195 1250 2248 αλλ’
1263 2192 1293 2250 ἐκ

752 2256 874 2314 Σούσων
889 2262 945 2313 τῶν
957 2263 1105 2327 Περσικῶν
1116 2259 1192 2319 aul’
1175 2264 1232 2320 απὸ
1242 2267 1295 2319 τοῦ

751 2327 891 2383 Χοάσπου
904 2336 1047 2416 ποταμοῦ,
1061 2333 1096 2387 τὰ
1111 2333 1185 2403 ἔθνη
1199 2333 1294 2389 πάντα

751 2396 804 2454 ὅσα
814 2418 881 2469 ῳιιει
893 2397 997 2464 ostagii
1009 2398 1160 2487 ὑποχείρια
1174 2423 1293 2491 πεποιη-

749 2471 842 2554 μένος
871 2467 979 2538 Φρύγες
993 2467 1024 2523 dl
1036 2474 1084 2526 καὶ
1101 2470 1153 2557 τὴν
1168 2469 1238 2527 ὁδὸν
1253 2472 1293 2527 ἔτι

748 2535 958 2627 ἀποφαίνουσι,
980 2532 1058 2593 δι’
1039 2562 1074 2609 ης
1090 2540 1144 2625 τὴν
1160 2562 1293 2608 σιραιιαν

749 2605 852 2692 ἤγαγε,
868 2627 903 2661 τα
891 2582 1037 2695 ἐπίτομα
1049 2607 1227 2698 ἕκλεγόμινρς
1242 2615 1293 2681 τῆς

750 2675 860 2764 χώρας·
865 2676 1019 2800 δτόιμηιαι
1042 2681 1073 2736 dl
1096 2679 1144 2735 διὰ
1165 2684 1222 2735 τών
1245 2700 1293 2749 μο-

750 2744 882 2816 νώνὴὁδ
884 2743 923 2808 ός.
942 2755 1020 2817 Quae
1030 2757 1292 2808 omniaGraeeorum

749 2823 886 2889 figmentis
896 2825 1077 2878 adscribenda
1086 2844 1146 2880 esse
1156 2831 1292 2892 patemus,

749 2894 849 2944 famam
864 2893 896 2944 de
909 2896 1011 2959 copiis,
1026 2913 1096 2961 quae
1109 2915 1142 2949 ex
1153 2896 1291 2947 interioris

749 2965 830 3015 Asiae
844 2963 934 3029 plagis
947 2967 1076 3018 Troianis
1088 2966 1194 3018 auxilio
1210 2983 1291 3017 vene-

748 3034 819 3096 rint,
845 3032 932 3099 deqns
955 3037 1023 3088 duee
1044 3053 1137 3089 earnm
1157 3053 1289 3089 exornan—

748 3103 829 3162 tium,
853 3104 944 3156 aliena
956 3105 1003 3156 illa
1016 3108 1124 3172 quidem
1139 3123 1155 3156 a
1171 3123 1236 3157 vera
1248 3123 1290 3159 re·

747 3189 806 3223 rum
830 3174 1008 3227 Susianaram
1034 3179 1094 3229 sive
1118 3179 1289 3228 Perticarum

747 3243 876 3306 historia3
888 3245 1034 3313 eodemque
1044 3249 1125 3298 etiam
1138 3247 1290 3312 referimus,

745 3329 816 3375 quae
835 3315 906 3379 apnd
918 3315 1069 3368 Diodorum
1083 3324 1110 3368 et
1122 3319 1289 3368 Pausaniam

747 3382 779 3433 de
791 3383 838 3433 via
849 3389 939 3434 strata
950 3385 1079 3447 leguntur·
1091 3388 1127 3438 ab
1141 3388 1225 3438 hocce
1233 3388 1289 3436 Me·

747 3469 844 3503 mnone
860 3455 950 3505 facta:
976 3457 1019 3508 liis
1035 3459 1106 3507 enim
1122 3458 1191 3522 ipsis
1207 3456 1289 3521 origi-

746 3530 806 3573 nent
825 3523 932 3579 dedisse
946 3532 1073 3590 putamus
1084 3529 1157 3579 viam
1173 3527 1288 3592 regiam,

747 3593 782 3647 ab
794 3595 933 3645 Herodoto
946 3598 1127 3663 descriptam,
1143 3598 1288 3648 Persarum

745 3679 840 3727 regum
851 3666 917 3714 cura
932 3666 960 3715 in
974 3683 1051 3718 nsum
1065 3669 1168 3733 regium
1183 3671 1289 3718 exstra-

745 3738 834 3795 ctam,
847 3749 935 3799 neque
949 3738 1062 3787 saneah
1076 3738 1197 3802 Assyriis
1211 3752 1287 3800 repe-

744 3803 866 3865 tendam,
897 3809 928 3854 ut
951 3807 1006 3856 iam
1030 3809 1183 3859 monuimus
1205 3821 1289 3870 supra

739 3873 825 3923 ‚initio
850 3889 910 3938 eap.
929 3875 973 3928 52.
1017 3876 1160 3928 Caeterum
1185 3878 1218 3926 de
1245 3876 1287 3925 bis

745 3941 910 3993 Graecorum
935 3944 1036 3998 tabulis
1058 3948 1092 3997 ad
1117 3950 1303 4009 Memnonem¹

745 4015 936 4077 spectantibus
951 4018 1071 4069 conferri
1091 4034 1200 4083 quoqne
1211 4020 1287 4080 pote·

744 4088 808 4133 runt
823 4089 931 4148 praeter
941 4088 1049 4142 Iacobs.
1063 4088 1082 4139 l.
1095 4088 1115 4140 l.
1128 4105 1153 4150 p.
1169 4088 1200 4137 ll)
1210 4101 1285 4151 seqq.

744 4156 772 4203 et
795 4154 933 4205 Latronne
958 4157 976 4208 1,
1000 4158 1018 4211 l.
1041 4174 1103 4221 paq.
1127 4156 1178 4209 318
1198 4171 1285 4219 seqq,

744 4222 878 4274 Uselrold:
901 4226 998 4278 Gesch.
1019 4228 1044 4278 d.
1062 4227 1174 4279 Troian.
1186 4226 1285 4283 Krieqs

745 4292 908 4360 p.153seq.,
920 4297 1057 4348 Vaterin:
1072 4296 1187 4349 Jahrbb.
1194 4294 1214 4345 ι’.
1224 4293 1285 4344 Plri-

744 4361 790 4411 lol
810 4380 836 4414 ιι.
849 4364 968 4432 Paedag.
985 4367 1078 4430 Suppl.
1099 4366 1171 4416 XIV.
1191 4380 1217 4428 p·
1232 4365 1284 4414 442

745 4447 802 4496 seq.
837 4434 878 4484 De
897 4435 1060 4487 Memnoniis
1077 4433 1202 4487 Susianis
1225 4430 1282 4483 vid.

148 4517 207 4552 cem
230 4493 386 4566 Μεμνόνια
410 4516 432 4552 s
454 4495 621 4566 Μεμνόνεια
641 4501 696 4552 dici
745 4504 982 4568 quoqueHeeren
996 4506 1114 4570 Ideenl,
1127 4507 1151 4557 l.
1168 4520 1193 4570 p.
1208 4502 1267 4553 302.
