3048 5130
210 373 271 441 248
647 373 915 437 HERODOTI

202 544 395 639 καλεομένη
417 548 571 637 θαλάσση
592 552 630 618 ἐν
648 542 761 637 ’Ἄμπῃ
783 549 875 635 πόλι,
903 544 984 636 παρ’
999 543 1042 637 ἣν
1068 554 1182 635 Τίγρις
1200 545 1349 636 ποταμὸς

212 655 411 743 παραρρέων
431 657 464 732 ἐς
484 654 662 722 θάλασσαν
684 656 771 736 ἐξίει.
802 658 858 742 τῆς
881 653 918 722 δὲ
932 658 1102 740 Μιλησίης
1121 653 1229 740 χώρης
1249 649 1349 721 αὐτοὶ

212 758 275 846 μὲν
296 762 330 826 ol
340 758 469 844 Πέρσαι
489 755 580 844 εἶχον
600 754 640 825 τὰ
664 757 741 845 περὶ
762 754 824 845 τὴν
845 757 944 826 πόλιν
965 757 1021 824 καὶ
1042 753 1079 825 τὸ
1094 761 1231 841 πεδίον,
1254 753 1294 824 τά
1309 756 1349 825 δὲ

166 858 400 948 trinepotum
421 865 543 929 ἔδοσαν
562 862 671 947 Καρσὶ
689 864 884 948 Πηδασεῦσι
905 864 1076 948 ἐκτῆσθαι.
1127 864 1289 929 Παθοῦσι
1311 860 1349 930 δὲ

211 969 316 1034 ταῦτα
325 969 524 1050 Μιλησίοισι
537 961 619 1050 πρὸς
633 966 795 1050 Περσίσιν
808 961 870 1033 οὐκ
883 960 1052 1033 ἀπέδοσαν
1066 959 1127 1051 τὴν
1140 957 1259 1051 ὁμοίην
1273 971 1348 1031 Συ-

211 1076 362 1156 βαρῖται,
387 1072 422 1135 οἳ
434 1065 528 1135 Λάον
541 1093 577 1135 τε
593 1067 649 1135 καὶ
664 1074 813 1153 Σκίδρον
829 1077 942 1137 οίκεον
962 1071 1020 1154 τῆς
1034 1065 1148 1145 πόλιος
1161 1063 1347 1154 άπεστερη-

211 1174 316 1260 μίνοι.
358 1168 530 1257 Συβάριος
550 1167 614 1257 γάρ
642 1166 788 1260 άλοάσης
815 1166 882 1240 ὑπὸ
901 1170 1164 1258 Κροτωνιητέων
1183 1169 1350 1257 Μιλήσιοι
1429 1246 1435 1253 ,

212 1274 334 1353 πάντες
361 1270 491 1361 ἡβηδὸν
518 1270 738 1359 ἀπεκείραντο
766 1271 824 1354 τάς
854 1270 1002 1360 κεφαλάς
1029 1274 1085 1341 καί
1112 1274 1238 1352 πένθος
1263 1276 1350 1360 μίγα

212 1376 481 1466 προσεθήκαντο·
510 1378 623 1458 πόλιες
644 1375 707 1465 γάρ
727 1368 826 1446 αὗται
842 1371 984 1465 μάλιστα
1002 1374 1045 1466 δὴ
1058 1380 1127 1444 τῶν
1141 1371 1235 1464 ἡμεῖς
1249 1381 1350 1463 ίδμεν

212 1579 347 1641 rontinus,
358 1576 414 1640 alii,
426 1592 460 1627 οι
472 1574 574 1627 Aldina
585 1578 701 1644 aliisquo
713 1595 754 1629 re·
805 1582 836 1627 nt
857 1576 919 1626 aliis
941 1575 1045 1641 placat,
1064 1575 1116 1626 510
1138 1574 1205 1641 (rid.
1226 1579 1298 1626 nott.
1314 1576 1350 1626 sd

211 1652 347 1699 vocarunt
359 1646 511 1712 Schweigh.
530 1652 558 1697 st
570 1647 673 1712 Osiri,
690 1649 755 1698 omi·
804 1648 838 1709 V,
851 1648 908 1710 44).
922 1647 958 1708 ii,
974 1647 1021 1711 qui
1035 1647 1197 1710 superstites
1209 1644 1272 1696 hina
1285 1663 1350 1697 sva-

212 1719 250 1769 sit
268 1717 367 1771 Mattb.
397 1717 484 1767 Rubro
507 1720 574 1767 mari
594 1716 638 1768 hio
659 1717 755 1782 procul
805 1731 875 1775 sero,
893 1716 975 1765 Laura
991 1714 1083 1779 (quam
1097 1714 1286 1779 Sybaritarum
1303 1731 1351 1766 οο-

213 1787 294 1839 dubio
308 1787 428 1837 Persicus
438 1789 508 1838 sinus
523 1787 671 1850 indicatur,
689 1794 720 1837 ut
732 1788 755 1851 1,
805 1785 905 1835 ioniam
917 1789 1001 1833 vocat
1011 1785 1110 1835 Strabo
1124 1784 1170 1834 v1.
1184 1799 1245 1848 pag.
1261 1784 1313 1835 253
1327 1803 1350 1835 s.

215 1858 273 1917 181),
287 1856 333 1906 ubi
343 1856 689 1922 vid-Ampeurbs‚aqna
703 1857 755 1906 dil·
805 1855 913 1915 38813,
937 1853 1098 1904 Thuriornm
1123 1853 1259 1904 coloniam
1281 1855 1351 1905 dicit

212 1912 754 1990 isrt'tlrrrcnrbsapndHeruli,189,
806 1924 905 1988 Scylax
930 1922 1031 1987 Psripl.
1060 1927 1085 1985 5.
1113 1920 1163 1987 12)
1191 1924 1349 1988 condidere,

214 1994 330 2046 ubivid.
348 1999 435 2056 nott,
454 1995 488 2045 ad
505 1996 588 2045 maris
604 1996 709 2057 sinum,
726 1996 754 2045 in
806 1995 926 2058 itemque
955 1992 1087 2056 Sciriam,
1125 1993 1196 2057 quod
1220 1993 1351 2058 oppidum

213 2080 292 2130 quern
317 2063 408 2128 Tigris
431 2064 524 2115 urbem
551 2066 755 2130 praeterlapsus
808 2078 861 2130 quo
875 2063 935 2113 looo
950 2064 1034 2112 sitnm
1047 2062 1139 2121 suerit,
1154 2063 1227 2113 haud
1240 2062 1352 2128 quidem

214 2150 243 2184 so
256 2132 432 2193 infundebat,
448 2135 503 2184 sits
519 2140 593 2194 arat,
610 2139 642 2184 nt
657 2152 690 2185 ax
705 2135 757 2184 hoa
807 2137 926 2184 constat.
955 2134 1082 2182 Vicinum
1101 2131 1187 2183 inisse
1207 2132 1273 2182 illud
1292 2134 1353 2185 iura

214 2194 274 2266 ipso
289 2203 348 2252 loco
365 2203 434 2252 satis
452 2208 540 2269 patet.
567 2203 646 2255 Cous.
661 2203 755 2266 steph.
807 2200 964 2266 suspicaris.
1000 2201 1067 2252 Inde
1088 2201 1193 2252 Ullrioh
1215 2201 1352 2266 Sybaritt.

215 2274 283 2336 Byr.
304 2286 326 2320 s.
345 2287 371 2320 v.
393 2286 456 2336 pag.
477 2262 652 2352 121'Apm1·
674 2269 757 2330 πόλις

214 2333 287 2403 πρδς
305 2337 342 2406 τῇ
350 2331 479 2409 Ἐρυθρᾷ
499 2340 631 2409 θαλαοοη
650 2359 676 2396 κ.
696 2359 719 2393 τ.
732 2342 755 2393 λ.

214 2412 279 2461 Mox
292 2426 341 2476 pro
358 2401 428 2470 ἐξιεῖ
447 2411 511 2461 dedi
531 2428 591 2462 oum
608 2429 679 2465 reoo.
695 2413 756 2463 odd.

214 2471 296 2539 ἐξίειε
316 2479 349 2530 da
362 2495 415 2544 qno
427 2480 463 2532 ol.
477 2483 515 2543 V,
533 2481 564 2532 16
583 2483 648 2550 ibiq.
662 2482 755 2534 laudd.

217 2549 315 2614 Τίγρις
339 2551 439 2614 scripsi
466 2566 514 2613 pro
542 2552 613 2617 vnlg.
640 2551 755 2617 Τίγρης,

216 2636 297 2686 quarn
309 2620 422 2669 formam
435 2620 471 2669 ab
486 2621 626 2672 Herodoto
639 2622 756 2673 alienam

214 2706 274 2739 assa
289 2694 442 2740 monstrant
456 2690 482 2738 hi
497 2690 553 2741 lare
565 2690 637 2741 loci:
657 2694 680 2747 1.
698 2692 755 2744 189.

217 2759 274 2809 193.
290 2759 326 2808 ΙΙ.
341 2759 398 2809 150.
413 2759 446 2817 V,
461 2758 495 2809 53
508 2760 601 2825 ibique
614 2762 704 2812 laudd.

248 2821 283 2876 τά
295 2821 326 2876 δὲ
341 2818 512 2893 ὑπεράκρια]
525 2830 543 2882 ἰ,
557 2845 580 2880 a.
594 2834 650 2881 loca
666 2833 756 2882 editio·

214 2913 255 2958 ra,
266 2904 389 2955 montona,
404 2902 435 2947 nt
451 2913 534 2960 snpra
545 2901 567 2961 1,
583 2901 617 2951 59
633 2893 663 2949 οί
673 2894 757 2964 άπερ-

213 2958 309 3026 άκριοι
319 2968 445 3031 νομίσαντα
453 2969 592 3027 erisiam,
600 2973 711 3021 orontium
722 2974 758 3020 in·

214 3038 293 3084 colae.
326 3036 429 3099 attigit
448 3037 606 3089 Herodotoa
628 3040 756 3089 Errntatlr.

215 3103 251 3152 ad
266 3104 366 3168 Odyss.
383 3119 443 3169 pag.
461 3105 537 3167 11136,
553 3109 586 3158 51
603 3123 625 3158 s.
640 3109 699 3171 3115,
713 3111 755 3161 51.

214 3173 255 3223 De
275 3173 382 3223 Caribus
401 3175 590 3227 Pedarensibus
610 3177 665 3231 vid.
686 3183 755 3232 nott.

214 3242 250 3292 ad
262 3244 294 3305 V,
316 3243 372 3293 121.

396 3412 471 3468 -Ολν,
490 3415 565 3470 XXI,

250 3511 303 3564 ουίι
319 3504 467 3566 άπὲδοσαν
483 3510 537 3582 τὴν
554 3509 669 3585 ὁμοίην]
688 3523 706 3574 i.
731 3540 755 3577 a.

211 3602 300 3650 parem
307 3589 417 3650 qratiam
427 3604 475 3637 ποπ
485 3594 634 3651 retulerant,
643 3606 675 3640 ao
686 3593 757 3656 qnod

214 3655 273 3709 scil.
284 3655 451 3706 Milesiorum
463 3658 636 3709 calamitates
647 3661 756 3711 minimo

214 3724 254 3775 ita
267 3724 407 3789 lugebant,
422 3722 459 3776 nl
467 3728 530 3777 olim
544 3729 666 3780 fecerant
678 3730 756 3780 Mila-

214 3794 250 3843 sii
272 3795 300 3843 in
316 3794 503 3858 Sybaritarum
521 3799 604 3849 robus
623 3798 756 3851 adversis.

213 3862 255 3912 ad
273 3863 420 3913 dictionem
441 3858 494 3931 τὴν
513 3859 618 3933 ὁμοίην
632 3868 669 3920 of.
684 3874 756 3919 nott.

807 2273 882 2323 Rerr.
897 2271 974 2334 Speo.
987 2286 1015 2335 p.
1029 2271 1072 2323 28.
1086 2270 1120 2321 ab
1132 2270 1212 2321 Larsa
1227 2271 1261 2320 ad
1274 2272 1353 2321 fluvi-

808 2339 1352 2405 um‚cuinnnonomsnhoins‚inaaregi·

807 2426 869 2473 one,
877 2411 905 2459 in
912 2425 966 2475 qua
976 2425 1048 2460 nnnc
1060 2410 1196 2474 reperitur
1206 2409 1308 2471 Stoica,
1316 2413 1357 2462 si-

808 2478 1354 2545 tumiuissearbitratur,Scidrrrnradpor-

808 2549 1250 2614 turn,quihodiedioiturriiSarni.
1264 2550 1354 2601 Schil·

808 2619 908 2682 lsr(I)o
922 2619 996 2670 robb.
1009 2619 1150 2671 Thuriorr.
1165 2635 1192 2683 p.
1208 2619 1246 2683 s),
1263 2621 1354 2685 quiin

806 2689 874 2740 haro
887 2704 994 2754 quoqne
1006 2689 1129 2754 inquirit,
1142 2687 1256 2739 Scidrum
1268 2704 1300 2739 oo
1313 2688 1355 2739 lo-

807 2775 839 2809 co
850 2759 966 2824 quaerit,
977 2761 1024 2823 qni
1035 2774 1106 2809 nnnc
1116 2760 1354 2809 vocaturCitrrrno.

807 2829 848 2879 De
872 2834 988 2893 utroquo
1018 2828 1078 2879 looo
1105 2829 1194 2879 citant
1226 2828 1352 2879 Mszooh.

808 2897 934 2948 Collectt.
953 2899 966 2947 1
985 2898 1019 2948 ad
1037 2897 1146 2949 Tabuit
1160 2897 1353 2950 Heraalsenss.

827 2983 871 3031 ag.
887 2966 947 3018 503.

808 2984 825 3033 p
844 3027 948 3093 πάντες
962 3026 1085 3102 ἡβηδὸν]
1108 3037 1126 3086 i.
1142 3052 1166 3090 e.
1181 3052 1264 3088 omnes
1274 3042 1354 3090 οπιπί-

807 3121 848 3169 no,
863 3122 942 3157 senes
958 3106 1061 3170 pariter
1076 3108 1161 3170 atqua
1172 3107 1294 3168 iuvenes,
1308 3124 1353 3158 ne·

807 3178 870 3226 mine
880 3185 994 3239 excepto.
1018 3175 1078 3224 Vid.
1090 3181 1159 3226 nott.
1171 3176 1204 3225 ad
1211 3177 1353 3227 Plutarch.

807 3245 897 3299 Aloib.
919 3261 944 3309 ρ.
961 3246 1009 3297 155
1026 3250 1054 3295 ot
1067 3246 1169 3296 Herod.
1185 3247 1212 3306 I,
1229 3247 1286 3297 172.
1320 3248 1355 3297 In

808 3316 842 3365 iis
853 3314 953 3378 verbis,
962 3330 1032 3377 quae
1042 3316 1174 3365 continno
1187 3321 1354 3380 sequuntur:

807 3380 918 3440 πένθος
940 3381 1010 3448 μέγα
1033 3378 1237 3446 προεθήκαντο
1261 3386 1298 3451 (i.
1328 3403 1353 3437 a.

808 3454 1067 3519 Schweighaeusero
1094 3455 1263 3518 interprete:
1294 3457 1355 3511 ..irr-

806 3532 902 3589 μοηίαπ
914 3541 980 3588 prae
989 3540 1017 3574 se
1032 3526 1143 3574 tulerant
1153 3524 1276 3589 lartrmr“)
1291 3524 1354 3575 Flo-

808 3596 931 3644 rentinus
946 3594 1014 3644 liber
1029 3609 1090 3643 oum
1109 3593 1172 3643 aliis
1191 3608 1252 3654 προ
1263 3586 1355 3659 τεθη-

808 3677 905 3725 καντο,
914 3664 986 3727 qnod
998 3664 1084 3727 ipsum
1096 3679 1157 3713 curn
1167 3668 1280 3715 racentt.
1289 3662 1353 3716 edd.

806 3732 989 3796 recipiendum
1005 3733 1083 3782 duxi:
1101 3733 1158 3785 vid.
1171 3738 1240 3788 nott.
1255 3734 1291 3783 ad
1302 3734 1354 3797 1v,

807 3804 850 3853 65.
874 3803 924 3852 Est
939 3802 1010 3854 enirn
1021 3804 1173 3854 sententia:
1192 3819 1355 3869 ursorumque

807 3874 866 3921 inde
879 3873 968 3921 laceram
978 3872 1027 3923 sibi
1038 3874 1214 3935 imposuerant.

213 3930 249 3980 ad
261 3932 308 3992 IV,
321 3932 379 3983 119.

248 3994 277 4049 οἳ
290 3993 369 4050 Λάαν
388 4015 418 4051 τε
437 3998 484 4052 καὶ
500 4002 627 4065 Σκίδρον
646 4003 753 4072 οίκεον]
842 3931 938 3997 πόλιες
952 3928 1098 4003 γὰῼαῦται
1110 3934 1354 4005 '‘dmm-lla·

808 4003 964 4075 νώθηοαν]
997 4012 1075 4062 Haec
1097 4016 1192 4061 mutua
1209 4015 1354 4077 utriusque

212 4069 755 4152 Cnmhisaroteooniungondasuntver-
807 4080 897 4143 gentis
919 4081 1044 4130 amicitia
1064 4085 1239 4146 mutuamque
1261 4081 1354 4143 hospi-

211 4139 248 4188 ba
268 4140 424 4221 sequentia:
444 4140 495 4207 τῆς
514 4144 615 4201 πολιος
634 4141 755 4210 α’πεστη-
807 4150 886 4211 tium,
900 4150 923 4197 si
935 4165 1016 4213 penes
1026 4150 1168 4201 Timaeum
1181 4151 1257 4211 fidas,
1269 4167 1303 4202 ex
1313 4150 1354 4200 la-

212 4223 342 4271 ρηίενοιι
362 4225 425 4261 narn
443 4227 492 4262 sua
503 4213 569 4263 nrbs
581 4214 684 4265 exclusi
697 4218 770 4277 siro,
806 4235 857 4269 nae
869 4217 994 4270 Milesiae
1004 4219 1140 4283 frequenti
1154 4220 1227 4284 apud
1237 4221 1352 4285 Sybari·

211 4280 313 4341 privati
326 4279 412 4330 Lannr
435 4286 463 4331 et
480 4282 604 4332 Scidrnm
625 4283 753 4337 habitare
805 4292 849 4337 tas
862 4304 913 4338 nau
927 4293 1010 4354 atque
1025 4290 1187 4341 commercio
1200 4291 1289 4354 repeti
1304 4290 1353 4340 de·

211 4352 367 4412 coeperunt.
402 4349 514 4413 Sybaris
533 4352 597 4402 urbs
619 4368 679 4403 cnm
706 4356 753 4406 da·
804 4357 859 4407 bot.
884 4357 1352 4424 Vid.Athsn.XI1‚17.p.5190.

211 4421 317 4466 structa
330 4422 403 4469 assat
417 4435 489 4470 anno
499 4421 550 4473 507
563 4436 590 4471 a.
601 4421 663 4473 Chr.
678 4439 704 4474 n.
717 4440 752 4488 a,
805 4426 883 4477 Gonf.
900 4426 1018 4479 Ullriolr:
1038 4429 1080 4479 De
1094 4429 1227 4494 proxenia
1246 4426 1350 4493 (Berol.
