3008 5128
487 330 857 437 praemortuus.
881 376 919 440 v.
941 382 984 441 ω.

1244 373 1302 437 129

164 549 314 627 πλεῦνας
331 549 365 630 ἐξ
380 545 586 617 ἐλασσόνων·
616 548 697 616 δέκα
717 573 753 616 τε
773 542 816 635 δὴ
835 543 1026 637 φυλάρχους
1045 544 1120 618 ἀντὶ
1138 551 1304 639 τεσσέρων

199 737 251 804 τὰς
261 738 353 810 φυλδίς
387 741 559 811 ετοανόμασε
576 741 624 796 καὶ
635 738 711 795 ἐποί-

161 760 389 894 ησείπλεῦκαςδξ
400 808 571 895 ἐλασσόνων]
587 817 639 867 Pro
648 829 711 880 μετ-

161 901 185 933 ω
193 898 301 949 νομαοε
310 886 373 937 dedi
383 898 480 949 μετου
488 899 608 951 κομααε,
621 892 652 936 ut
661 886 710 951 IV,

164 954 225 1018 1811,
233 956 282 1006 ubi
291 955 425 1007 ridnott.
440 955 481 1006 Ad
489 957 574 1021 ipsam
584 971 639 1006 rem
650 971 710 1021 per·

162 1026 263 1088 tinent,
273 1040 343 1091 quae
353 1041 435 1091 supra
445 1033 554 1076 exstant
562 1028 595 1088 V,
606 1026 655 1077 ὅθι
669 1039 710 1075 τε·

160 1093 328 1158 sospitans
350 1085 450 1153 ἐόντας
472 1088 644 1159 Ἀθηναίους
663 1093 709 1144 δα-

161 1157 446 1229 καφόλουςέποίησε.
464 1165 617 1216 Clisthenes
630 1171 709 1230 quat·

159 1239 225 1284 tuor
239 1235 379 1299 prioribus
393 1235 516 1286 tribubus
529 1235 646 1286 sublatis
661 1236 707 1287 de·

160 1320 220 1354 cem
253 1305 398 1355 constitnit
427 1320 530 1369 noras,
562 1321 611 1370 per
637 1319 706 1370 quas

160 1386 257 1423 ornnes
270 1373 363 1424 demes
379 1391 402 1425 s.
417 1376 509 1438 uicos,
529 1391 644 1440 quornm
658 1391 707 1425 nu-

158 1459 266 1494 merum
277 1444 359 1509 uulgo
373 1445 484 1494 tradunt
500 1444 650 1508 CLXXIV,
666 1445 706 1496 tta

159 1513 319 1577 distribuit,
331 1520 364 1564 ut
373 1515 488 1580 quaevis
498 1513 585 1564 tribua
595 1529 618 1564 s.
628 1505 705 1579 φυλὴ

158 1587 266 1634 certum
277 1583 412 1649 quendam
423 1584 647 1650 complecteretur
660 1584 704 1634 de-

158 1669 266 1704 morum
278 1669 425 1704 numerum.
449 1657 539 1720 Atque
550 1653 602 1704 hoc
613 1655 703 1718 ipsum

158 1729 217 1785 est,
239 1723 312 1789 quod
321 1724 478 1775 Herodotus
492 1723 573 1789 paulo
585 1723 704 1789 posthia

157 1793 317 1843 enuntiarit
329 1793 436 1844 verbis:
455 1790 524 1843 diso
535 1786 567 1843 di
576 1790 624 1842 sal
635 1788 703 1850 τοὺς

156 1857 271 1926 δήμους
281 1860 413 1928 κατένεμε
425 1853 452 1921 ἐς
464 1855 514 1921 τὰς
527 1854 633 1926 φυλὰς,
648 1864 667 1914 i.
677 1879 701 1913 e.

156 1936 182 1984 in
195 1933 281 1983 decem
294 1949 354 1985 vero
370 1932 450 1983 tribus
463 1935 535 1983 etiam
550 1934 634 1983 demes
650 1935 702 1983 dis-

155 2003 245 2052 tribuit
258 2000 420 2068 (singulos),
438 2018 517 2067 quem
527 2002 581 2053 loci
593 2017 701 2053 sensum

155 2087 218 2124 esee
230 2073 288 2123 iam
300 2072 369 2123 beue
382 2073 451 2123 ridit
462 2073 571 2123 Corsini
582 2073 611 2121 in
621 2073 700 2123 Past.

154 2144 214 2194 Att.
233 2142 287 2191 111.
309 2158 372 2208 pag.
392 2143 441 2193 128
460 2158 477 2192 a
492 2143 539 2194 Cr.
554 2142 699 2204 laudatns3

153 2227 320 2278 quamquem
333 2218 411 2276 sunt,
427 2212 473 2277 qui
484 2211 552 2263 haec
561 2213 646 2263 rerba
660 2213 700 2262 ita

154 2281 330 2345 intelligant,
343 2289 375 2332 ut
388 2285 415 2332 in
425 2282 546 2348 singulas
557 2282 645 2333 tribus
655 2282 700 2333 de·

154 2367 213 2401 cem
235 2351 387 2404 Clisthenes
410 2351 579 2404 distribuerit
595 2352 698 2416 demos,

153 2423 270 2486 quaeris
287 2423 371 2488 igitur
389 2422 475 2472 tribus
494 2438 517 2472 s.
532 2416 608 2486 φυλὴ
623 2421 700 2485 (sunt

153 2498 246 2542 sutem
269 2491 374 2558 decem)
399 2491 632 2556 comprehenderit
653 2493 699 2544 de·

152 2576 212 2611 cem
225 2561 331 2619 demos,
345 2578 407 2613 cum
415 2560 515 2612 rocula
524 2555 593 2610 δέκα
605 2563 633 2612 in
643 2562 698 2615 He·

151 2631 245 2682 rodoti
271 2631 362 2685 ver-his
387 2631 424 2682 ad
447 2630 526 2697 longe
550 2633 699 2683 remotiora

152 2700 239 2751 verba
252 2692 281 2758 ic
292 2694 343 2758 τὰς
355 2693 448 2764 φυλὰς
460 2700 556 2752 reterri
569 2709 695 2768 nequeat,

152 2770 202 2820 sed
219 2786 282 2821 cum
323 2772 427 2822 roxime
442 2771 619 2837 sequentibus
636 2787 698 2823 ver·

150 2840 196 2889 bis
212 2833 282 2897 τούς
300 2786 409 2905 δήμους
433 2842 563 2906 coniungi
587 2841 695 2893 debeat.

149 2910 197 2961 Its
209 2914 286 2961 certe
304 2909 475 2962 Schoemann
488 2910 697 2977 (Verlassuugs-

150 2978 312 3044 geschichte
323 2981 427 3032 Athens
445 2996 472 3045 p.
488 2979 550 3046 ut),
574 2982 696 3033 Wester·

150 3065 234 3100 mann
249 3049 365 3115 (Paulyz
381 3049 640 3116 Reslencyclopaed.
655 3052 694 3103 11.

149 3134 215 3184 pag.
234 3119 287 3170 952
309 3119 371 3170 coll.
391 3120 523 3172 Zeitschr·
544 3119 588 3170 fuir
606 3120 695 3171 Alter·

149 3189 431 3241 thums-Wiss.1848.
452 3204 513 3255 pag.
528 3188 588 3254 37),
607 3191 695 3242 Meier

761 745 871 798 alterth.
890 749 914 810 5.
932 746 989 798 111.
1008 751 1067 797 not.
1085 749 1124 798 12.
1159 748 1196 797 st
1211 763 1303 801 omnes

762 816 869 880 domos,
888 832 956 882 quos
973 817 1111 882 novimus,
1131 819 1155 867 si
1171 823 1304 884 suppute-

761 901 836 950 mus,
851 886 934 936 multo
948 887 1035 936 maior
1046 902 1108 937 cnm
1121 888 1237 938 exsistat
1254 904 1303 938 nu-

760 971 849 1007 merus
879 954 953 1021 (uam
984 963 1093 1007 centum
1125 959 1302 1024 septuaginta

761 1030 891 1091 quattuor
917 1028 1002 1077 ferme
1029 1028 1154 1077 novimus
1187 1027 1301 1093 domos),

758 1110 872 1161 cumque
899 1096 943 1145 vel
970 1100 1035 1147 ante
1061 1094 1227 1148 Clisthenem
1255 1098 1301 1148 de·

758 1180 862 1215 morum
873 1166 1030 1216 inveniatur
1041 1168 1152 1231 mentio,
1168 1181 1236 1232 quos
1249 1168 1300 1233 igi-

757 1239 803 1285 tur
818 1251 835 1285 a
848 1235 987 1287 Clisthene
1003 1237 1089 1301 primo
1108 1235 1251 1287 institutos
1273 1242 1301 1288 et

757 1310 910 1370 temporum
928 1306 1044 1356 decursu
1056 1311 1120 1370 post
1132 1305 1299 1358 Clisthenem

757 1374 817 1439 (qui
840 1380 949 1426 centum
978 1375 1130 1425 instituerit
1153 1375 1256 1441 demes)
1282 1392 1299 1427 a

756 1446 913 1495 centenario
936 1459 1047 1494 numero
1069 1444 1105 1494 ad
1124 1452 1233 1496 centum
1255 1462 1298 1498 se·

755 1516 903 1580 ptuaginta
922 1520 1051 1579 quattuor
1071 1529 1157 1580 usque
1177 1516 1298 1567 crevisse

756 1599 896 1648 negemus,
911 1585 1089 1635 dissentiente
1101 1586 1225 1649 quamvis
1238 1586 1297 1649 ipso

753 1656 778 1704 N
780 1654 903 1704 iebuhrio
913 1653 1029 1717 (Histor-
1039 1655 1117 1704 Rom.
1129 1655 1151 1704 1.
1162 1654 1297 1720 pag.·426.

753 1723 791 1773 11.
806 1739 869 1788 pag.
884 1722 962 1788 377),
979 1725 1026 1773 vix
1038 1723 1086 1773 illa
1101 1723 1208 1789 quidem
1223 1729 1297 1774 stare

753 1795 856 1858 poterit
870 1794 1078 1858 interpretatio,
1097 1794 1260 1858 praesertim
1272 1794 1298 1843 si

752 1867 879 1929 reputes,
902 1858 971 1912 δέκα
989 1855 1021 1912 δὲ
1038 1857 1169 1920 καὶτοὺς
1186 1857 1297 1929 δήμους

751 1932 905 1998 significare
923 1933 996 1983 haud
1016 1935 1192 1998 possederas
1212 1934 1296 1985 etiam

751 2003 841 2067 tribus,
855 2003 903 2054 sed
913 2004 996 2053 decem
1009 2005 1092 2053 etiam
1104 2003 1193 2066 tribus,
1207 2018 1295 2069 neque

751 2074 861 2124 omuino
874 2071 988 2138 intelligi
1001 2088 1096 2139 posse,
1111 2089 1181 2139 quae
1191 2078 1248 2124 tum
1257 2074 1295 2124 sit

751 2143 793 2192 vis
803 2143 911 2195 articuli
920 2144 1003 2192 verbo
1014 2138 1123 2207 δήμους
1131 2144 1294 2209 praepositi.

751 2212 854 2264 Contra
868 2216 915 2265 vis
925 2212 1008 2262 ullam
1023 2213 1199 2264 offensionem
1214 2228 1293 2278 prae-

750 2282 814 2333 bere
835 2283 937 2349 poterit
954 2282 1052 2334 vocula
1065 2278 1134 2332 δέκα
1150 2284 1187 2333 ad
1200 2274 1228 2340 lc
1243 2278 1293 2340 τὰς

751 2344 844 2415 φυλὰς
855 2353 952 2413 relata,
966 2353 1089 2418 quamvis
1100 2352 1222 2417 pluribus
1233 2368 1294 2403 ver·

748 2421 790 2473 his
809 2423 979 2487 interpositis
1000 2424 1140 2484 seiuncta,
1164 2421 1212 2474 sed
1231 2438 1292 2472 cum

747 2493 776 2541 vi
789 2492 908 2556 quadam
920 2496 948 2543 et
959 2492 1091 2554 consulto,
1104 2496 1136 2542 ut
1146 2492 1261 2558 videtur,
1275 2506 1293 2541 a

748 2564 881 2626 scriptore
896 2561 1049 2614 sententiae
1058 2562 1137 2611 initio
1147 2561 1291 2614 collocata.

748 2631 806 2683 Nec
819 2633 918 2683 desunt
934 2632 990 2682 alia
1001 2631 1189 2683 huiuscemodi
1203 2637 1292 2683 trans-

746 2702 912 2767 positiouum
922 2700 1046 2765 exempla
1056 2701 1129 2766 apud
1138 2702 1226 2767 ipsum
1235 2702 1290 2752 He-

746 2772 886 2835 rodotum,
909 2771 978 2823 aiios
993 2778 1024 2821 nt
1039 2777 1156 2825 taceam.
1186 2771 1291 2822 Attulit

747 2841 827 2892 huius
837 2843 943 2907 generis
953 2840 1083 2892 nonnulla
1092 2841 1227 2892 Dietrich.
1239 2840 1257 2891 1.
1269 2840 1288 2893 1.

745 2927 809 2976 pag.
824 2911 874 2975 32,
898 2914 945 2977 qui
962 2912 1022 2977 ipae
1041 2912 1111 2963 satis
1131 2912 1227 2977 opinor
1242 2910 1290 2961 do·

746 2982 804 3031 cuit
814 2981 877 3032 inde
887 2997 904 3032 a
914 2997 976 3047 pag.
988 2982 1022 3033 311
1031 2996 1117 3047 seqq,
1125 2980 1195 3031 hanc
1205 2996 1288 3032 unam

745 3051 853 3102 admitti
871 3067 952 3117 posse
969 3051 1024 3102 loci
1038 3051 1188 3103 Herodotei
1205 3053 1289 3102 inter·

743 3122 934 3187 pretationem,
949 3127 980 3172 nt
991 3114 1060 3170 δέκα
1071 3121 1215 3187 iungamus
1225 3137 1287 3173 cum

744 3191 835 3242 verbis
848 3183 875 3248 ἐς
884 3184 934 3249 τὰς
944 3186 1048 3256 φυλὰς,
1064 3191 1288 3257 quemadmodum

149 3258 238 3323 (Hali.
258 3259 314 3310 Lit
333 3259 403 3310 Zeit.
428 3259 502 3311 1841.
521 3275 583 3325 pag.
605 3260 693 3327 1386),
743 3261 843 3312 δυδαω
861 3266 1042 3327 proposuerat
1052 3260 1159 3312 Cossini
1173 3260 1191 3312 l.
1204 3276 1287 3326 supra

148 3327 291 3378 Thirlwall
306 3327 429 3392 (Greece.
442 3328 477 3378 11.
493 3344 556 3395 pag.
567 3329 601 3381 73
613 3331 695 3396 σου),
744 3329 772 3392 l.,
787 3347 866 3397 quem
876 3331 1072 3397 Wesselingins
1083 3346 1138 3382 aaa
1151 3346 1212 3381 cum
1224 3331 1285 3381 aliis

147 3397 260 3463 Sauppe
281 3397 335 3462 (De
348 3399 434 3449 demis
450 3398 545 3450 urban.
560 3398 692 3454 Athenar.
742 3401 877 3453 Herodoti
894 3402 1091 3468 interpretibus
1105 3406 1146 3451 est
1162 3407 1282 3462 secutus,

147 3467 256 3518 Vintur.
270 3468 346 3523 18411.
361 3467 544 3534 pagbseqq.
568 3467 625 3533 10),
644 3471 695 3534 qui
742 3472 862 3536 itemque
888 3487 974 3537 nuper
1000 3471 1110 3536 Negris,
1135 3470 1286 3522 Grotelend

147 3530 221 3586 susci
242 3533 311 3586 δέκα
333 3538 388 3601 legi
406 3537 478 3601 vult,
503 3538 574 3604 quod
590 3544 621 3589 ut
638 3555 693 3589 non
743 3541 852 3604 (Erech.
868 3539 1171 3606 uGruberEncyclop.
1186 3541 1208 3590 Ι.
1224 3540 1284 3593 Vol.

146 3607 238 3658 reiicit
250 3608 337 3658 Meier
352 3606 438 3671 (Hali.
455 3608 511 3657 Lit.
524 3608 594 3659 Zeit.
616 3608 690 3660 1846.
741 3610 847 3662 xxttt.
859 3627 920 3676 pag.
932 3609 1005 3676 438),
1023 3611 1107 3661 Grote
1118 3608 1244 3675 (History
1256 3609 1287 3660 of

144 3692 187 3730 nr.
208 3677 272 3732 280.
294 3692 357 3743 pag.
380 3677 473 3742 tout),
495 3668 606 3727 11αᾶνὰ
623 3676 692 3728 δέκα
742 3679 1284 3746 CreecelV.p.‹lid),Wachsmuth(Hel·

145 3761 258 3824 quoque
281 3746 338 3812 legi
360 3762 441 3811 posse
462 3751 554 3799 monet
572 3748 690 3814 itemque
740 3748 793 3799 len.
808 3750 923 3801 Alterth.
943 3749 966 3802 I.
985 3764 1047 3816 pag.
1069 3751 1126 3800 114.
1147 3750 1188 3800 ed.
1204 3748 1283 3816 sec).

144 3816 241 3877 φυλας
249 3832 299 3881 pro
312 3811 489 3881 φυλάρχους,
501 3818 572 3882 quod
582 3818 624 3869 vel
636 3834 691 3868 ma·
739 3820 861 3884 Accedit,
874 3819 954 3885 quod,
969 3836 1039 3886 quae
1049 3818 1163 3884 protulit
1173 3819 1283 3885 Sauppe

143 3887 187 3952 gis
201 3886 322 3937 alienum
337 3886 473 3938 existimo.
499 3887 578 3939 Illam
590 3903 653 3939 vero
666 3889 690 3938 ai
741 3888 770 3954 (l.
784 3904 866 3954 snpra
877 3890 894 3944 1.
908 3906 971 3956 pag.
985 3892 1001 3942 5
1016 3888 1085 3955 seq.)
1099 3889 1220 3955 vestigia
1231 3905 1283 3939 nu-

144 3956 271 4022 sequaris
283 3957 552 4020 interpretationem,
569 3960 689 4010 omnium
740 3956 807 4011 meri
825 3961 977 4011 centenarii
995 3960 1149 4024 demotum,
1168 3966 1224 4010 tam
1243 3964 1283 4010 te-

143 4027 266 4077 tribnum
285 4025 405 4076 eflicitur
418 4041 544 4079 numerus
561 4033 690 4079 centena·
737 4030 805 4079 uuis
818 4031 941 4095 prolecto
957 4034 1035 4093 sunt,
1050 4034 1081 4080 ut
1093 4030 1139 4080 vis
1151 4029 1214 4081 inde
1225 4027 1282 4080 talc

142 4097 217 4159 rius,
242 4110 259 4145 a
277 4094 417 4168 Clisthene
436 4099 617 4161 constitutus,
643 4101 690 4163 qui
740 4098 805 4164 quid
821 4101 917 4151 merito
929 4097 1023 4165 colligi
1036 4100 1136 4164 possit:
1156 4099 1283 4153 nituntur

142 4166 352 4231 primussgrum
364 4166 689 4219 Atticumincentumdi-
739 4171 810 4220 enim
829 4186 882 4221 uno
902 4170 1053 4221 Herodiani
1073 4168 1133 4221 loco
1150 4163 1215 4230 περὶ
1232 4182 1282 4232 μο-

141 4236 239 4287 riserit
253 4242 364 4302 partes,
381 4236 480 4302 quibus
494 4232 595 4302 δήμων
610 4238 689 4289 dede·
738 4232 803 4303 κήο,
823 4232 877 4301 λέξ.
896 4257 921 4306 p.
937 4242 983 4302 17,
999 4239 1030 4304 8,
1051 4240 1098 4305 qai
1110 4238 1282 4303 Araphenem

141 4304 181 4355 rit
201 4321 312 4357 nomen.
350 4305 430 4356 Coni.
449 4305 628 4359 Schoemaun.
647 4309 688 4360 De
738 4310 837 4360 scribit
849 4325 930 4360 unum
948 4325 963 4360 e
980 4317 1075 4360 eentum
1093 4309 1223 4360 heroibus
1239 4307 1282 4357 lu·

141 4376 249 4427 comiti.
260 4391 323 4441 pag.
335 4374 386 4427 3113
397 4392 453 4442 seq.
464 4376 526 4427 coll.
536 4378 567 4429 C.
580 4378 689 4428 RHer-
737 4380 802 4443 isse,
817 4395 884 4445 quos
892 4376 990 4431 herotis
1002 4379 1138 4430 denorum
1150 4376 1208 4442 (qui
1218 4375 1281 4426 inde

142 4460 257 4497 manno:
271 4444 418 4497 [ehrbuch
428 4446 454 4497 d.
463 4445 569 4500 Hellen.
578 4447 686 4500 Staats·
737 4458 832 4503 eentum
848 4447 960 4516 luerint)
979 4465 1127 4517 eponymos
1142 4449 1228 4501 tuisse
1247 4466 1281 4503 ex

179 4551 349 4598 senonen.
372 4552 422 4597 αι.
665 4566 669 4575 ·
781 4556 787 4567 ·
1063 4535 1082 4597 9
