3008 5128
420 414 788 480 TERPSIOHORE.
810 415 849 476 t.
871 424 915 481 90.
937 423 981 482 91.

1205 410 1264 476 tta

146 619 178 662 τε
194 592 246 661 καὶ
259 586 401 678 α’νοὶρσια
420 597 558 662 ἔσεσθαι
579 588 709 663 αὐτοῖσι
729 594 762 675 ἐξ
787 587 992 679 Ἀθηναίων,
1015 591 1084 658 τῶν
1103 587 1266 679 πρότερον

145 697 201 785 μέν
217 687 299 785 ήσαν
318 692 454 784 ἀδαέες,
475 696 548 766 τότε
568 696 604 765 dl
619 698 823 784 Κλεομένεος
841 702 1038 783 κομίσαντος
1057 697 1091 774 ές
1104 693 1266 783 Σπάρτην

146 804 305 889 ἐξέμαθον.
335 799 494 889 ἐκτήσατο
515 800 552 870 δὲ
565 795 583 869 ὁ
597 803 786 889 Κλεομένης
801 802 837 869 ἐκ
851 802 908 885 τῆς
919 795 1107 886 Ἀθηναίων
1120 795 1264 884 ἀκροπό-

50 988 51 993 1
143 912 205 983 λνος
216 902 291 984 τούς
304 901 488 992 χρησμοὺς,
503 901 580 985 τούς
593 911 729 992 ἔκτηντο
742 903 804 992 μέν
816 901 979 990 πρότερον
991 908 1263 991 ολΠεισιστρατί·

145 1011 209 1093 das,
227 1008 488 1096 ἐξελαυνόμενοι.
499 1008 536 1077 dl
550 1014 665 1077 ἔλιπον
685 1011 722 1077 έν
734 1010 781 1098 τῷ
801 1010 877 1097 ἱρῷ,
897 1009 1182 1094 καταλειφθέντας
1195 1001 1265 1075 uti

50 1186 51 1189 Ἴ
143 1115 322 1199 Κλεομένης
341 1109 494 1200 ἀνέλαβε.
548 1110 629 1181 Τότε
648 1110 685 1181 dl
706 1106 750 1192 ὦς
770 1107 935 1197 ἀνέλαβον
953 1115 988 1179 ολ
1004 1108 1311 1199 Λακεδαιμόνιοι91

50 1278 52 1283 ⁴
143 1212 211 1294 τούς
222 1214 405 1304 χρησμοὺς,
428 1217 483 1284 καλ
497 1212 573 1294 τοὺς
591 1211 790 1303 Ἀθηναίους
804 1210 910 1300 ὥρεου
922 1210 1124 1302 αὐξομένους
1138 1217 1194 1284 καὶ
1207 1211 1266 1299 οὐ·

50 1348 52 1381 ;
144 1323 244 1407 θυμοῖς
257 1323 409 1408 ἑτοίμους
423 1317 536 1398 ἐόντας
542 1326 735 1388 πείθεσθαί
745 1339 823 1406 σφι,
837 1316 904 1410 νόῳ
919 1315 1095 1406 λαβόντες,
1117 1313 1160 1398 ὥς
1174 1318 1265 1388 ἐλεύ-

142 1483 227 1550 supple
238 1475 306 1543 rarle
316 1479 472 1550 χρησμούς.
498 1487 540 1537 Ad
549 1485 676 1538 Heracli·

142 1556 184 1603 das
197 1560 283 1605 terrae
291 1556 406 1606 Atticae
416 1555 484 1605 haec
494 1555 605 1607 oracula
614 1572 674 1621 per·

50 1666 52 1683 ,
141 1625 246 1675 tinuisse
259 1630 340 1690 putat
357 1624 472 1676 Preller:
493 1626 600 1678 Griech.
616 1627 676 1690 My-

142 1694 232 1759 tbolog.
245 1696 283 1745 11.
298 1712 325 1759 p.
340 1694 401 1745 179.

170 1759 232 1821 tois
250 1758 372 1829 ἔκτηντο
389 1755 441 1828 μὲν
455 1755 606 1828 πρότερον]
629 1766 674 1815 Ita

142 1832 196 1884 dedi
207 1849 265 1884 cum
279 1834 343 1886 edd.
357 1840 471 1883 recentt.
491 1833 591 1900 Vulgo:
606 1827 675 1896 πρό-

50 1962 52 1965 ,
141 1917 215 1963 τερον
228 1898 287 1967 μέν.
326 1906 384 1955 Pro
405 1896 520 1967 ἔκτηντο
532 1905 673 1954 Mediceus

141 1963 287 2036 ἐκέκτηντο,
301 1974 335 2024 tle
350 1989 405 2038 quo
415 1974 487 2024 conf.
498 1974 536 2037 ΙΙ,
549 1973 607 2024 108.
620 1974 674 2037 111,

141 2040 177 2091 ta.
194 2043 317 2093 Dindort'.
327 2043 415 2093 edidit
426 2034 546 2095 ἕκτὲατο.
564 2044 607 2093 Tu
617 2044 673 2093 vid.

142 2111 245 2167 Bredas.
262 2129 325 2179 pag.
342 2114 405 2164 287.

321 2285 392 2336 Car.
411 2284 483 2335 XCI.

166 2379 250 2447 αἵρεον
260 2382 454 2454 αὐξομένους]
463 2388 550 2452 Vulgo
560 2378 674 2449 ἔπ’ρνον,

141 2459 203 2522 quod
212 2460 276 2511 ferri
291 2477 349 2511 non
361 2474 442 2525 posse
452 2459 544 2508 docuit
554 2456 673 2507 Bredov.

140 2542 162 2591 p.
176 2528 238 2591 alm
257 2533 357 2597 itaque
370 2529 496 2593 rescripsi
511 2520 611 2588 τέρεον.

167 2588 220 2664 νόῳ
230 2597 381 2673 inflantes]
399 2597 477 2648 Ocni.
488 2597 521 2648 de
535 2597 589 2647 hac
600 2596 675 2647 locu·

50 2662 51 2687 ³
140 2667 205 2718 tione
214 2670 300 2719 citata
310 2669 350 2719 ad
359 2669 461 2729 nnat.
479 2667 520 2718 Ad
530 2666 583 2717 loci
594 2682 676 2731 argu-

50 2800 51 2807 *
140 2742 246 2788 mentum
258 2741 330 2790 bene
345 2737 495 2801 adscripsit
511 2736 578 2787 haec
595 2722 677 2786 tnr-

140 2807 321 2861 ekeucriua:
354 2810 477 2873 „Veram
505 2806 551 2856 bic
577 2805 675 2872 pandit

140 2874 275 2943 historicos
293 2890 423 2937 causam,
448 2892 517 2941 quse
536 2877 676 2927 Lacedae-

141 2949 233 2998 monios
253 2952 396 3000 moveret:
426 2946 603 3012 praecedenti
629 2962 674 2996 ca-

140 3018 188 3078 pite
205 3024 317 3069 narrata
338 3016 405 3067 nihil
427 3020 504 3067 erant
526 3015 601 3065 aliud
619 3016 673 3065 nisi

140 3087 249 3151 species,
275 3103 361 3152 quiam
387 3101 453 3137 suae
478 3085 674 3150 praetexebant

139 3227 287 3285 beatiorem:
324 3226 395 3276 hanc
417 3226 512 3290 itaque
534 3225 619 3275 solam
645 3225 673 3274 iu

140 3297 261 3347 sociorum
286 3300 428 3347 conventu
452 3299 671 3348 commemorant.

138 3364 191 3414 lion
203 3365 337 3417 debuerat
355 3367 451 3430 itaque
463 3362 627 3415 Plutarchus
638 3365 672 3419 T.

140 3434 171 3483 ll.
186 3451 245 3500 pag.
259 3436 357 3488 860F.
375 3435 438 3485 hinc
454 3436 538 3485 etiam
552 3435 674 3485 occasio-

139 3517 192 3553 nem
207 3513 324 3570 captare
342 3504 510 3555 Herodotum
527 3504 674 3554 criminan-

140 3571 170 3622 di.
186 3602 211 3610 —
238 3575 344 3637 Quales
362 3579 453 3624 autern
467 3574 513 3624 hie
531 3572 610 3623 nobis
629 3589 674 3622 ex-

139 3643 218 3707 pingit
246 3645 406 3696 Herodotus
433 3643 674 3706 Lacedaemonios,

141 3710 200 3762 talos
223 3720 300 3765 certe
323 3713 432 3765 inerunt
454 3714 534 3763 rebus
553 3714 673 3764 Graeco·

141 3796 189 3830 rum
198 3783 366 3835 florentibus.
384 3782 672 3848 Graeciaeprincipea,

142 3865 210 3911 naam
225 3854 341 3904 oderant
356 3852 429 3903 domi
443 3852 629 3917 tyrannidem,
644 3853 673 3902 in

142 3919 223 3973 liberis
237 3924 400 3974 civitatibus
418 3923 520 3987 ubique
535 3922 673 3972 conaban-

141 3992 180 4039 tur
185 3992 337 4055 adfirmare3
349 3992 466 4044 subditis
476 3998 555 4042 erant
563 3992 674 4055 superbi

142 4056 246 4121 dominu
262 4064 379 4125 vicinis,
391 4078 460 4127 quos
469 4062 624 4121 vexabant,
637 4061 672 4112 ab

142 4130 327 4196 antiquissimis
360 4132 526 4196 temporibus
563 4146 671 4197 graves,

142 4196 286 4263 Messeniis,
294 4201 455 4262 Arcadibus,
463 4202 573 4267 Argivis
584 4205 673 4252 caete-

141 4266 238 4331 risque3
258 4274 284 4321 in
298 4272 377 4322 bellis
395 4275 423 4321 et
440 4269 617 4322 societatibus
630 4272 670 4320 iu-

143 4338 230 4390 cundis
242 4341 307 4392 utile
317 4341 474 4406 plerumque
488 4341 611 4390 honestis
622 4357 670 4390 an-

142 4408 305 4465 teponebaut.
335 4411 473 4462 Thebanis
486 4409 617 4460 auxilium
631 4409 670 4461 t'e-

143 4475 243 4542 rebaut,
259 4486 288 4532 ut
305 4480 403 4531 scribit
419 4480 531 4531 Diodor.
551 4479 605 4531 Sic.
620 4481 669 4543 Xl,

725 1486 772 1547 81,
787 1482 950 1548 νομίζοντες
962 1475 1013 1542 τοὶς
1025 1476 1137 1550 Θήβας,
1152 1476 1201 1535 ἰὰν
1214 1478 1265 1537 αὖ·

726 1546 865 1617 ξήσωσιν,
895 1548 1010 1602 ἔσεσθαι
1038 1553 1074 1620 τῇ
1099 1552 1156 1604 ταῖν
1186 1547 1267 1620 Ἄλλη.

725 1622 815 1672 ναίων
832 1612 926 1685 ὥσπερ
941 1615 1091 1673 ἆντίπολιύ
1107 1640 1180 1674 τινα.
1219 1627 1266 1677 Se·

724 1694 842 1743 cundum
855 1692 1024 1743 Herodotum
1035 1695 1210 1760 cogitabant,
1222 1711 1268 1758 po·

721 1765 806 1827 palum
819 1762 1008 1826 Atheniensem,
1031 1780 1109 1829 quem
1127 1770 1201 1815 certe
1218 1781 1266 1815 no-

724 1833 817 1883 lebant
835 1832 887 1884 sibi
905 1824 1095 1894 ἀντίρροπον,
1120 1851 1267 1899 oppressum

726 1920 743 1952 c
752 1910 874 1969 tyranno,
888 1901 1007 1953 futurum
1017 1894 1140 1962 ἀσθενές
1150 1900 1198 1954 καλ
1208 1921 1267 1955 πει·

724 1969 901 2037 tamisiam
923 1967 1049 2037 ἕτοιμον,
1073 1975 1216 2026 bnbeer‘llum
1235 1992 1268 2026 oc

724 2045 812 2103 λαῖον,
834 2058 903 2106 quem
914 2044 963 2093 sibi
969 2043 1048 2105 focile
1063 2046 1131 2097 dieto
1146 2046 1267 2097 haberent

725 2112 892 2164 erudientemf‘
905 2115 994 2179 Atque
1003 2115 1132 2166 convenit
1140 2115 1207 2166 haec
1215 2117 1268 2166 La-

725 2183 961 2233 cedaemoniorum
980 2180 1117 2235 sententia
1134 2186 1167 2236 de
1183 2186 1266 2236 Athe-

724 2252 865 2302 aiensibus
885 2253 1013 2323 samiis,
1037 2270 1106 2318 quae
1124 2270 1209 2321 supra
1228 2255 1266 2306 le·
1306 2296 1311 2304 .

725 2328 825 2386 guntur
837 2337 898 2385 cap.
911 2320 954 2381 78,
968 2322 1014 2372 ubi
1027 2324 1080 2372 vid.
1090 2328 1160 2374 nott.
1189 2317 1266 2386 λσόρ·

725 2404 817 2452 ροπον
827 2390 902 2440 valet
911 2391 1017 2449 uiribus,
1029 2393 1117 2457 opibus
1125 2409 1193 2457 pam·
1207 2395 1266 2458 plu·

725 2476 757 2511 rs
775 2460 808 2510 de
829 2459 882 2509 hac
904 2475 971 2510 voce
990 2461 1113 2512 invenies
1136 2464 1164 2512 in
1183 2463 1266 2514 Thes.

723 2530 802 2595 Ling.
817 2529 915 2580 Graec.
927 2530 974 2579 IV.
986 2546 1013 2595 p.
1022 2530 1074 2581 678
1084 2533 1127 2583 ed.
1138 2532 1265 2585 Dindori.

723 2599 764 2649 Ac
774 2600 881 2649 monuit
891 2614 998 2664 quoque
1007 2601 1039 2650 de
1050 2600 1102 2651 hac
1112 2616 1187 2663 voce,
1199 2617 1267 2666 quae

725 2668 798 2732 apud
813 2669 975 2733 Aeschylum
995 2672 1125 2733 poetasse
1144 2671 1266 2722 crebrius

723 2739 874 2803 reperitur,
889 2737 1039 2791 Blomiield.
1052 2740 1080 2789 in
1091 2740 1214 2795 Glossar.
1232 2740 1266 2790 ad

723 2807 853 2873 Aeschyli
865 2808 941 2858 Pars.
958 2808 1018 2860 352.
1036 2839 1072 2849 -
1091 2810 1134 2859 Ad
1147 2807 1187 2875 τῷ
1200 2800 1266 2859 ἔων-

723 2875 780 2925 τῶν
794 2893 827 2927 ex
842 2878 1068 2929 antecedentibus
1084 2879 1171 2943 suppl.
1181 2874 1264 2944 γένεϊ.

723 2948 765 2997 De
786 2946 886 3009 Sparta
908 2950 1034 3013 tyrannis
1057 2949 1169 2999 inimica
1193 2950 1266 3002 coni.

723 3016 837 3067 Sosiclis
856 3018 941 3068 verba
955 3017 993 3079 V,
1006 3018 1049 3068 92.
1069 3018 1095 3080 5.
1116 3021 1126 3069 Ι
1150 3023 1179 3069 et
1196 3035 1266 3084 quae

724 3086 757 3138 de
778 3085 830 3135 hau
851 3102 880 3136 re
902 3087 1057 3150 disputavit
1077 3088 1265 3142 Wachsmnth.

722 3154 830 3206 Hellen.
838 3156 1034 3208 Alterthumalr.
1045 3158 1074 3221 1,
1092 3175 1116 3222 p.
1130 3158 1186 3209 tan.
1204 3159 1266 3223 607,

723 3224 770 3288 qui
783 3226 934 3289 Spartanos
947 3228 1071 3292 tyrannis
1085 3228 1206 3279 intensos
1223 3229 1267 3280 in·

723 3295 779 3343 isse
792 3298 892 3346 statuit
907 3300 964 3347 tum
979 3299 1012 3348 ob
1031 3297 1133 3361 regiam
1146 3296 1267 3363 diguita-

724 3369 776 3413 tem
790 3363 954 3429 legitimam,
974 3381 1045 3430 quae
1058 3367 1174 3430 Spartae
1187 3368 1266 3419 unice

723 3438 835 3484 servata
849 3435 892 3486 vel
905 3434 975 3485 hano
986 3436 1020 3486 ob
1033 3452 1142 3487 causam
1154 3436 1267 3501 illegiti-

723 3519 783 3553 mae
794 3509 971 3568 tyrannorum
982 3507 1122 3568 potentiae
1134 3521 1167 3556 eo
1180 3509 1266 3572 magis

724 3574 824 3637 opponi
845 3574 952 3637 debuit,
981 3578 1036 3625 tum
1061 3576 1095 3625 ob
1117 3576 1267 3640 pericnlum

723 3643 844 3707 antiquis
856 3646 958 3695 Dorum
972 3645 1108 3696 institutis
1120 3647 1267 3696 aristocra-

725 3711 786 3762 ticis
804 3729 836 3763 es
850 3715 960 3764 immani
976 3719 1154 3774 tyrannorum
1173 3716 1199 3765 vi
1216 3716 1266 3766 iru-

723 3783 838 3833 minens.
879 3784 939 3845 Quo
961 3784 1044 3833 etiam
1062 3783 1129 3835 illud
1147 3786 1266 3849 accedit,

722 3851 794 3918 quod
813 3852 957 3917 Spartanis
976 3853 1159 3918 Peloponnesi
1185 3854 1267 3921 hege-

724 3922 841 3971 moniam
851 3923 1046 3974 affectantibus
1061 3923 1128 3975 nihil
1142 3940 1207 3977 sane
1218 3942 1266 3976 an-

723 3992 826 4055 liqaius
841 3993 907 4054 fuit,
925 4008 1007 4057 quam
1017 3998 1062 4056 ut,
1079 4009 1266 4061 quaecumque

722 4061 832 4112 Doricis
848 4063 983 4112 institutis
996 4066 1177 4130 repugnantia
1191 4067 1266 4116 inve-

722 4131 861 4196 nirentur,
880 4132 1009 4183 tollerent
1023 4148 1110 4199 eoque
1127 4134 1263 4199 Spartam,

723 4216 792 4260 uuae
807 4202 893 4253 omnis
908 4204 1011 4252 Dorum
1025 4202 1192 4268 reipublicae
1205 4220 1264 4254 car-

722 4269 757 4319 do
770 4271 849 4337 quasi
862 4270 914 4321 tuit
930 4288 963 4322 ac
978 4272 1055 4322 sedes
1070 4273 1206 4334 primaria,
1220 4273 1265 4323 lir-

721 4346 827 4390 mnrent
849 4346 877 4391 et
894 4348 1035 4405 augerent.
1071 4340 1150 4392 Unde
1170 4343 1263 4404 etiam,

722 4425 792 4474 quae
803 4409 854 4461 hoo
866 4410 925 4462 loco
938 4413 1101 4470 traduntur,
1117 4416 1180 4460 sunt
1195 4411 1264 4462 diiu-

721 4478 855 4531 dicanda:
872 4496 946 4547 cum,
962 4479 1263 4549 quialiislocistyran·
