3008 5128
208 405 250 468 96
639 402 925 467 HERODO'Pl

209 602 315 660 νοτες·
342 578 424 669 μετὰ
444 581 480 650 dt
494 578 616 671 χρόνον
632 588 873 670 προβαίνοντος
895 576 963 669 ἅμα
983 586 1025 670 τῇ
1042 584 1142 670 φωνῇ
1161 582 1351 671 μετέβαλον

209 779 382 843 adduxisset,
404 779 499 830 literas
521 780 653 832 didicisse
677 780 751 831 vide-

209 850 326 911 bantur,
346 850 509 916 Dionysium
527 849 650 914 inprimis
667 856 751 915 atque

208 920 400 981 Hecataeum,
433 930 577 984 utrumque
605 919 750 983 Milesium,

209 989 256 1055 qui
275 1005 293 1039 a
308 991 404 1041 Danao
423 996 488 1041 aute
505 988 637 1039 Cadmum
656 988 751 1040 literas

209 1058 309 1109 allatas
333 1059 418 1109 fuisse
440 1059 625 1122 tradiderant,
645 1061 754 1110 Phoeni-

208 1133 263 1179 cius
273 1134 301 1179 et
309 1130 383 1193 ipsas
395 1130 484 1180 dictas
497 1145 514 1178 a
523 1128 667 1191 Phoenice,
681 1131 751 1195 Age-

209 1199 283 1249 noris
306 1199 370 1250 lilio.
406 1198 431 1247 A
460 1199 558 1264 quibus
587 1199 752 1251 dissentiens

208 1268 365 1319 Herodotus
374 1269 491 1319 nominis
500 1284 608 1335 quoque
617 1270 751 1320 rationem

208 1339 341 1389 veriorem
360 1338 572 1403 demonstrauit,
589 1339 751 1390 Phoenicius

207 1408 304 1459 literas
325 1424 343 1458 a
359 1408 557 1469 Phoenicibus,
580 1410 629 1473 qui
652 1425 699 1460 eas
723 1411 752 1459 in

209 1477 355 1528 Graeciam
385 1478 547 1541 intulerint,
576 1479 664 1530 dictas
692 1494 751 1530 esse

209 1553 348 1609 statuens,
372 1548 461 1598 itaut
480 1547 602 1599 dubitari
623 1554 752 1614 nequeat,

210 1621 276 1684 quin
292 1621 352 1683 ipse
369 1633 447 1668 usum
466 1617 620 1680 literarum,
647 1635 715 1683 quas
734 1634 752 1669 a

208 1686 356 1739 Palamede
366 1688 492 1739 inventae
503 1702 563 1739 esse
572 1688 654 1754 vulgo
665 1690 753 1739 iacta·

209 1757 277 1809 bant
289 1758 388 1808 Graeci
402 1756 470 1824 (vid.
483 1757 549 1808 Otto
562 1758 650 1809 Jahn:
670 1758 751 1809 Pala·

210 1828 280 1878 med.
294 1843 356 1893 pag.
371 1828 404 1877 23
418 1828 523 1892 seqq),
537 1843 554 1877 a
566 1826 751 1878 Phoenicibus

208 1897 338 1947 traditum
357 1913 416 1947 esse
431 1897 587 1948 crediderit.
614 1896 704 1963 Atque
722 1898 749 1947 id

208 1968 268 2031 ipsa
280 1969 351 2016 ratio
365 1966 476 2017 evincit.
497 1967 607 2017 Minime
621 1969 693 2016 enim
706 1967 753 2016 du·

210 2037 294 2099 bium,
302 2038 367 2101 qniu
378 2035 482 2097 literae,
490 2036 588 2100 quibus
598 2035 661 2086 olim
671 2038 753 2088 Grac·

209 2106 236 2156 ci
247 2107 304 2156 siut
317 2106 368 2170 usi,
383 2111 521 2155 auctorem
535 2105 681 2156 habuerint
694 2109 752 2158 sive

209 2176 349 2237 Cadmum,
362 2175 421 2226 sive
433 2174 603 2239 Phoenices,
619 2177 666 2240 qui
681 2176 753 2227 inter

209 2247 332 2296 rudiores
346 2244 480 2295 Graeciae
495 2251 590 2311 gentes
610 2244 751 2297 literarum

209 2317 327 2365 omnium
344 2319 468 2380 expertes
485 2315 665 2381 propagarint
682 2318 752 2368 istas

209 2403 227 2437 a
244 2402 274 2437 se
288 2386 402 2450 primum
421 2384 529 2436 allatas.
556 2387 600 2435 Tu
615 2384 703 2447 conl„
716 2402 751 2436 ue

209 2455 289 2522 plura
306 2456 333 2505 iu
349 2473 377 2506 re
392 2454 537 2505 admodum
555 2454 712 2520 disceptata
723 2460 751 2506 et

208 2526 315 2591 agitata
332 2524 484 2590 proferam,
495 2524 615 2577 Fischer.
629 2527 663 2576 ad
679 2526 750 2577 Wel·

208 2596 256 2646 ler.
274 2598 296 2646 l.
316 2597 411 2662 paul
435 2594 495 2646 coll.
510 2595 629 2646 Boeckh.
643 2595 751 2646 Stacta—

208 2664 305 2716 haush.
327 2665 351 2716 d.
367 2664 429 2715 hth.
452 2664 490 2713 lI.
512 2679 576 2731 pag.
590 2665 657 2728 387,
679 2666 751 2716 Rosa

207 2738 236 2786 in
251 2736 392 2799 inseriptt.
407 2750 433 2798 ρ.
447 2734 499 2784 Vll
514 2750 589 2800 seqq.
603 2750 636 2784 ac
647 2736 752 2800 praeci·

208 2820 261 2870 pue
290 2806 380 2854 Fraus
406 2803 552 2855 Elemeutt.
583 2805 750 2870 epigraphic.

209 2876 305 2924 Graec.
321 2890 382 2939 pag.
404 2874 449 2936 15,
468 2874 514 2938 qui
528 2875 652 2924 omuibus
666 2881 693 2925 et
705 2890 752 2926 ve·

209 2950 297 2993 terum
323 2949 350 2994 et
378 2943 558 2993 recentiorum
587 2944 751 2996 testimoniis

209 3014 302 3064 allatis
331 3012 425 3063 literas
443 3012 564 3063 Graecas
582 3029 616 3063 ex
638 3014 751 3065 Oriente

209 3084 341 3134 advectas
354 3081 536 3133 Phoenicibus
546 3081 641 3133 deberi
655 3085 752 3148 proba·

209 3153 250 3203 vit
262 3157 391 3217 recteque
406 3154 489 3202 etiam
508 3150 574 3201 illud
592 3155 751 3217 pronuntia-

208 3223 263 3273 rit:
296 3221 463 3287 „alphabeti
486 3221 629 3272 Phoenicii
658 3238 751 3276 omnes

207 3293 307 3357 viginti
335 3292 403 3341 duas
430 3290 524 3342 literas
545 3307 606 3341 cum
628 3294 751 3357 antiquis

209 3362 321 3413 Graecis
330 3377 488 3425 congruere,
498 3361 552 3410 nisi
561 3362 632 3425 quod
641 3361 752 3412 sibilan-

208 3433 248 3482 tia
266 3431 345 3481 sedes
361 3447 425 3481 suas
443 3432 470 3481 in
486 3430 632 3496 alphabeto
646 3432 750 3483 Graeco

208 3503 405 3565 permutarint,
431 3500 511 3551 hodie
535 3516 613 3551 nemo
638 3511 680 3552 est
704 3503 752 3567 qui

208 3572 342 3636 ignoret.“
370 3573 446 3634 Quae
465 3569 499 3621 ad
516 3571 649 3621 Herodoti
670 3571 750 3623 fidem

207 3641 375 3706 probandam
389 3646 519 3707 quantum
534 3641 658 3705 valeant,
672 3657 750 3692 nemo

208 3727 264 3761 nou
283 3712 366 3763 videt.
392 3713 440 3765 Cr.
463 3710 498 3760 ad
508 3710 644 3760 Herodoti
661 3710 750 3761 locum

208 3786 349 3845 praeterea
368 3780 487 3832 conferri
507 3780 565 3830 vult
586 3779 751 3831 Raoul-Ro·

208 3850 311 3901 chette:
324 3852 403 3901 Deus
411 3852 518 3901 Lettrea
528 3850 750 3914 hMylordAber-

207 3922 284 3971 deon.
298 3920 377 3969 Paris
394 3920 468 3971 1819.
489 3935 552 3985 pag.
567 3920 616 3979 65,
634 3924 662 3969 et
676 3920 749 3985 Hng.

207 3990 346 4041 Grotium:
366 3991 408 4039 De
421 3992 540 4041 veritate
554 3988 631 4055 relig.
647 3988 749 4041 Christ.

206 4061 253 4111 lib.
270 4061 293 4113 Ι.
311 4062 335 4122 3.
353 4060 393 4110 15.
414 4075 474 4124 pag.
489 4059 523 4110 ut
538 4075 613 4124 seqq.
636 4058 678 4110 ed.
693 4059 749 4109 Ha-

206 4133 274 4183 lens.
287 4129 363 4181 1134.
388 4129 459 4191 Quin
473 4131 531 4193 ipse
541 4129 571 4180 C.
583 4129 615 4177 0.
626 4128 748 4183 Mueller.

206 4201 368 4251 Orchomen.
380 4214 440 4264 pag.
455 4199 504 4249 115
518 4202 547 4249 et
557 4197 681 4263 Giittiug.
693 4200 749 4249 An-

206 4273 274 4337 τοῖς.
292 4270 354 4321 1931
378 4284 417 4319 ur
433 4268 475 4319 31.
496 4283 559 4333 pag
579 4267 697 4319 29llboc
719 4270 747 4319 in

205 4342 316 4392 dubium
336 4355 434 4391 vocure
455 4337 564 4387 minime
590 4353 672 4388 ausus
695 4345 746 4403 est,

206 4413 325 4462 Graecos
338 4425 354 4459 a
369 4408 551 4460 Phoenicibus
568 4407 697 4459 didicisse
711 4410 743 4459 li·

802 797 914 848 rumque
927 782 1032 832 censeri
1045 787 1184 831 auctorem
1199 780 1244 829 ille
1254 786 1351 845 negat,

803 868 864 903 cum
875 854 970 903 Ionum
980 853 1071 917 potins
1083 852 1244 901 commercio
1253 849 1352 900 litera-

802 938 860 972 rum
872 922 1037 972 Punicarum
1050 922 1232 986 cognitionem
1248 920 1352 970 Graeci

803 992 956 1044 debuerint.
982 993 1018 1041 At
1031 990 1075 1042 vel
1092 996 1156 1041 ante
1172 992 1253 1042 lones
1271 1006 1353 1039 eom·

802 1065 903 1112 morcio
915 1064 1044 1113 florentes
1060 1060 1157 1111 literae
1172 1058 1284 1110 Graecis
1299 1074 1352 1109 co-

803 1133 896 1198 gnitae
909 1131 1028 1183 luerunt.
1057 1132 1155 1195 ltaque
1168 1132 1196 1179 iu
1210 1128 1350 1179 Herodoti

802 1204 960 1252 narratione
990 1198 1237 1266 acquiescendum,
1264 1214 1351 1263 quam

803 1271 877 1322 omni
897 1272 948 1323 tide
963 1271 1075 1336 diguam
1094 1271 1191 1320 merito
1207 1267 1350 1318 iudicave-

801 1347 867 1392 runt
884 1342 947 1405 Hng
972 1340 1131 1405 (Erfindung
1150 1338 1198 1389 der
1211 1338 1352 1388 Buchsta-

801 1412 954 1462 benschriit
964 1425 1026 1475 pag.
1046 1408 1193 1472 lta—142)
1216 1413 1243 1457 et
1256 1407 1349 1458 Ulrici

805 1480 914 1545 (Geach.
931 1481 957 1531 d.
975 1479 1081 1530 Hellen.
1098 1477 1267 1529 Dichtkunst
1280 1477 1303 1527 1.
1318 1493 1349 1542 ρ.

803 1552 854 1601 227
869 1548 950 1615 seq),
963 1564 1013 1601 nec
1026 1548 1118 1599 Wollii
1132 1547 1273 1613 probanda
1285 1562 1351 1597 sen·

801 1621 891 1670 tentia
899 1622 927 1669 in
935 1619 1058 1684 Prolcgg.
1068 1618 1102 1668 ad
1109 1618 1217 1668 Homer.
1226 1633 1253 1681 ρ.
1260 1617 1332 1666 Llll
1342 1634 1351 1666 z

802 1690 1005 1753 ‚,Herodotum,
1040 1689 1099 1739 reri
1126 1687 1351 1737 amantissimum

801 1762 905 1824 pariter
915 1764 943 1809 et
950 1758 1073 1809 lictorum
1082 1756 1211 1822 cupidum
1220 1762 1350 1806 umato-

801 1845 868 1893 rem,
884 1828 936 1880 hoc
947 1844 1054 1894 quoque
1066 1828 1126 1878 loco
1137 1832 1230 1878 tenere
1242 1841 1350 1876 morem

803 1915 891 1959 suum,
905 1914 986 1964 quum
1001 1914 1030 1949 se
1041 1913 1096 1949 non
1108 1903 1212 1949 certam
1222 1902 1249 1946 et
1260 1894 1349 1961 vulgo

802 1970 935 2020 creditam
948 1983 1018 2032 rem,
1031 1968 1079 2020 sed
1091 1967 1193 2018 lamam
1209 1966 1350 2032 quandam

802 2039 855 2090 sibi
865 2040 1008 2105 probatam
1021 2038 1119 2089 afferre
1127 2037 1273 2102 significet,
1284 2036 1349 2100 ipse

803 2125 921 2170 carens,
944 2123 978 2158 ne
997 2109 1042 2158 cni
1057 2106 1205 2171 mythicam
1223 2120 1279 2156 rem
1294 2121 1349 2169 pro

802 2185 942 2244 comperta
956 2177 1055 2228 habere
1066 2177 1182 2228 libeat.“
1210 2174 1348 2226 Valcken.

803 2249 837 2298 ad
853 2248 880 2300 h.
893 2248 911 2299 l.
922 2248 955 2297 de
967 2247 1055 2297 literis
1068 2246 1195 2298 Cadmeis
1208 2246 1351 2296 citaverat

802 2317 942 2370 Plutarch.
954 2318 991 2367 ll.
1003 2331 1065 2382 pag.
1080 2316 1132 2367 138
1143 2318 1175 2369 Ε.
1187 2320 1215 2366 et
1229 2313 1350 2377 10092„

802 2389 874 2452 apud
884 2389 1050 2438 Pausaniam
1064 2386 1221 2451 frequenter
1229 2400 1348 2434 comme·

802 2458 903 2508 morari
918 2456 1049 2507 adiiciene
1063 2457 1154 2521 prisca
1168 2456 1349 2520 epigramma-

802 2532 833 2577 ta
851 2527 937 2578 literis
962 2527 1083 2592 antiquis
1103 2527 1205 2576 Atticis
1231 2525 1349 2589 scripta,

802 2597 855 2661 vl,
870 2596 902 2648 19
916 2597 960 2647 fin.
978 2596 1011 2658 V,
1022 2597 1068 2659 11,
1081 2596 1104 2647 d.
1125 2597 1158 2652 V,
1171 2596 1214 2656 22,
1225 2595 1251 2645 2.
1266 2594 1349 2653 Vlll,

802 2667 845 2718 25.
864 2669 888 2730 5.
905 2670 929 2717 l.
957 2667 1033 2729 Quae
1048 2681 1103 2716 una
1120 2680 1182 2715 cum
1195 2664 1258 2714 aliis
1277 2679 1350 2729 quo·

801 2752 854 2803 que
867 2738 1000 2787 excitavit
1011 2734 1128 2787 Siehelis
1141 2735 1177 2785 ad
1189 2735 1308 2784 Pausan.
1323 2734 1349 2789 I,

801 2809 827 2856 1.
844 2808 869 2870 5.
882 2808 897 2854 4
912 2805 972 2856 coll.
985 2807 1022 2855 ud
1031 2806 1079 2867 Vl,
1092 2804 1132 2856 19.
1148 2808 1173 2868 ξ.
1188 2804 1213 2855 3.
1227 2819 1288 2869 pag.
1300 2806 1349 2854 71.

802 2877 844 2926 Tu
864 2875 957 2926 confer
975 2890 1083 2941 quoque
1104 2890 1121 2924 a
1137 2876 1186 2925 Cr.
1203 2873 1349 2924 laudatum

801 2947 938 2996 Letronne
957 2946 985 2994 iu
996 2946 1093 2996 Journ.
1109 2944 1135 2996 d.
1150 2944 1215 2995 Sar.
1234 2944 1299 2995 1820
1318 2959 1349 3008 ρ.

802 3014 914 3065 49-51.
939 3016 1012 3065 Bene
1031 3018 1123 3065 autem
1137 3015 1266 3065 observat
1277 3014 1350 3064 Zod-

802 3100 851 3150 ga:
864 3085 905 3134 De
916 3085 1044 3138 obeliscc.
1056 3100 1118 3149 pag.
1129 3083 1180 3135 354
1189 3098 1257 3148 seq,
1267 3088 1350 3134 vetu-

802 3155 938 3205 stissimas
951 3155 1045 3204 literas
1054 3169 1108 3204 non
1121 3153 1148 3202 in
1158 3153 1290 3218 sepulcris
1304 3154 1349 3203 in-

801 3225 899 3288 veniri,
912 3224 997 3275 sedin
1009 3224 1140 3285 donariis,
1155 3222 1190 3272 ad
1202 3238 1273 3289 quae
1284 3239 1349 3287 spe·

802 3298 879 3343 cteut
902 3295 1098 3345 remotissimae
1121 3294 1223 3344 aetatis
1248 3293 1348 3342 inscri

803 3364 926 3428 ptiones,
946 3379 1016 3429 quae
1039 3364 1074 3414 ad
1092 3378 1143 3413 nos
1162 3363 1347 3427 pervenerint.

802 3434 887 3483 —lu
907 3449 980 3499 seqq.
999 3450 1049 3515 pro
1069 3429 1167 3494 nursica
1184 3424 1249 3496 μὲν,
1270 3432 1348 3481 τοῖσι

801 3491 882 3551 nat*
860 3516 981 3560 αναντες
989 3496 1126 3567 χρέωνται
1137 3501 1268 3557 Φοίνικες
1278 3501 1350 3551 Sau-

801 3572 883 3622 erofti
907 3574 988 3624 liber.
1021 3569 1119 3635 πρῶτα
1141 3564 1193 3649 μὲν
1217 3563 1347 3649 sov'sosof

801 3631 945 3706 ἐχρέωντο,
956 3638 1081 3703 κατάπερ
1092 3630 1172 3690 aul*
1152 3654 1276 3697 απαντες
1286 3632 1348 3704 χρέ

801 3726 887 3760 murm
898 3709 1030 3769 Φοινικε
1031 3712 1121 3778 quod
1130 3712 1236 3776 recepit
1245 3709 1349 3761 Sense-

801 3781 884 3832 ferus.
909 3748 1043 3847 Equideul
1057 3798 1117 3833 cum
1133 3781 1244 3847 reliquis
1258 3781 1348 3831 edito-

801 3851 877 3900 ribus
905 3851 1069 3919 reliquorum
1094 3852 1174 3905 codd.
1199 3852 1347 3902 lectionem

800 3921 924 3983 restitui,
949 3921 1144 3986 simpliciorem
1162 3922 1257 3986 ntique
1282 3926 1310 3970 et
1329 3936 1348 3969 a

802 3990 939 4041 Saucrolti
966 3992 1069 4042 codicis
1094 3991 1209 4042 librario
1236 3996 1348 4055 praeter

800 4062 993 4113 necessitatem
1007 4064 1046 4112 ita
1063 4062 1247 4126 explanatam.
1273 4061 1347 4111 Nam

799 4132 941 4196 scriptoris
957 4131 1026 4182 haec
1040 4137 1082 4183 est
1098 4133 1244 4194 sententia,
1260 4129 1346 4181 Grae-

799 4215 847 4251 cos
871 4201 966 4266 primis
991 4201 1160 4266 temporibus
1191 4217 1246 4252 non
1273 4199 1346 4251 alias

799 4285 946 4336 usurpasse
976 4271 1090 4333 literas,
1120 4287 1199 4336 quam
1229 4284 1347 4335 quarum

797 4340 918 4405 ipsarum
928 4342 1001 4406 apud
1010 4309 1162 4393 Phoehices
1171 4341 1255 4391 fuerit
1262 4354 1344 4397 usus;

797 4414 856 4460 tum
870 4411 990 4469 demum,
1011 4412 1059 4461 ubi
1072 4410 1203 4477 paulatim
1220 4410 1346 4474 linguam

204 4485 288 4545 teras,
300 4479 348 4531 sed
358 4478 490 4531 Cadmum
503 4493 550 4530 eas
561 4472 687 4531 attulisse
700 4493 746 4532 es·
795 4480 951 4549 (Punicam)
964 4482 1105 4547 mutarint,
1119 4481 1259 4533 literarum
1275 4495 1346 4547 quo-
