3046 5134
482 393 759 460 POLYMNIA.
783 391 855 457 VII.
879 405 922 460 61.
943 404 987 463 61.
1242 387 1304 452 547

168 572 251 656 Διὸς
264 569 402 643 ιἰπίκετο
416 569 506 658 παρὰ
520 572 641 660 Κηφέα
655 568 713 640 τὸν
726 569 858 659 Βήλου,
879 574 935 642 καί
954 577 1029 659 ἔσχε
1043 564 1149 639 αὐτοῦ
1161 566 1222 658 τὴν
1235 580 1302 639 θυ-

87 764 91 771 ι
167 684 290 768 ηατέρα
313 676 557 765 Ἀνδρομέδην,
586 681 715 760 γίνεται
742 672 835 766 αὐτῷ
858 691 954 761 παῖς,
983 680 1030 768 τῷ
1054 670 1182 762 οὕνομα
1204 680 1303 743 ἔθετο

168 786 314 875 Πίρσην.
335 786 455 849 τοῦτον
470 779 508 847 di
521 775 627 847 αὐτοῦ
640 785 850 847 καταλείπει·
872 780 1032 866 ἐτύγχανε
1046 775 1110 863 poio
1124 774 1223 857 ἅπαις
1237 776 1303 846 eoin

167 883 184 957 ὁ
201 883 340 974 Κηφεὺς
352 890 485 969 ἔρσενος
499 881 613 968 γόνον.
641 882 695 950 ἐπὶ
708 882 830 950 τούτου
849 883 885 953 δὲ
907 881 969 970 τὴν
983 884 1179 968 ἐπωνυμίην
1194 887 1300 967 ἔσχον.

168 995 283 1078 Μῆδοι
305 986 422 1074 δὲτὴν
441 984 548 1073 αὐτὴν
566 984 692 1073 ταύτην
713 988 907 1074 ἐσταλμένοι
933 984 1184 1071 ἐστρατεύοντο·
1221 992 1350 1071 Μη-02

169 1091 244 1181 dexi]
261 1090 324 1178 peip
339 1087 423 1177 αὕτη
443 1085 463 1176 ἡ
484 1087 589 1176 σκευή
611 1091 679 1157 ἐστι
696 1092 751 1158 καὶ
765 1088 806 1158 οὐ
821 1089 980 1177 Περσική.
1012 1092 1047 1156 oi
1058 1088 1095 1156 δὲ
1112 1092 1227 1175 Μῆδοι
1241 1086 1300 1174 ἄρ-

167 1223 268 1285 χοντα
288 1194 351 1284 μὲν
371 1199 568 1281 παρείχοντο
592 1193 778 1280 Τιγράνην,
806 1191 916 1282 ἄνδρα
940 1190 1185 1280 Ἀχαιμενίδην,
1224 1195 1301 1261 ἐκα-

168 1396 229 1447 εο11.
245 1397 278 1445 72
299 1398 327 1445 et
344 1394 378 1443 X.
400 1409 426 1457 p.
444 1392 510 1455 243,
534 1393 581 1457 qni
596 1392 708 1444 Graecis
759 1393 864 1460 loseph.
883 1395 905 1444 I.
924 1398 994 1444 nott.
1014 1409 1042 1458 p.
1056 1392 1091 1443 29
1105 1392 1192 1459 seq),
1217 1400 1304 1447 exce!-

161 1460 244 1530 ''AQ’tt
261 1469 319 1526 est,
338 1479 354 1512 ιι
367 1463 458 1513 Persis
470 1473 586 1541 vocatur
599 1463 707 1525 Arctet,
758 1481 825 1527 τανι,
845 1480 957 1529 παρκννι
976 1463 1099 1528 adeoque
1113 1479 1196 1529 nepem
1214 1465 1302 1530 ipsum

168 1551 249 1602 aquo
263 1536 321 1598 ipso
333 1534 443 1598 stirpem
459 1532 561 1582 ductent
583 1533 708 1595 Αρταῐοι,
759 1535 893 1585 denlsreri
911 1548 1033 1583 monens.
1068 1533 1187 1583 Inidem
1205 1549 1303 1585 nomen

169 1602 625 1672 quiPersarumsuntHerselidse
642 1617 709 1666 qno·
759 1605 903 1669 inquisivit
930 1618 1036 1668 quoqne
1057 1602 1089 1653 G.
1109 1603 1189 1667 Muys
1213 1602 1303 1667 (Gris-

167 1690 279 1740 rnmque
292 1674 376 1737 stirps
389 1671 526 1721 exstinctu
537 1675 579 1720 est
591 1686 653 1721 oum
663 1671 709 1721 be·
759 1673 893 1724 oheniand
903 1689 929 1722 n.
940 1673 966 1725 d.
979 1672 1075 1722 Orient
1087 1687 1113 1736 p.
1124 1672 1157 1722 05
1167 1670 1247 1737 seq),
1262 1675 1303 1723 its

167 1748 214 1796 rob
236 1743 379 1793 Ardewen.
418 1740 472 1790 Sed
497 1741 578 1791 hosce
598 1741 710 1790 Artaeos
760 1739 1210 1807 nthqrjvncomninoterrarum
1225 1745 1303 1792 meri-

169 1816 238 1865 bene
262 1812 395 1876 distingui
418 1809 462 1859 ille
489 1810 549 1861 vult
571 1810 605 1859 ab
628 1811 708 1873 Ανὶἰτ,
761 1814 910 1863 dionalium
922 1812 1027 1862 incolas
1041 1811 1095 1862 diei
1109 1812 1301 1863 contenderet:

169 1898 281 1950 qnorum
295 1882 395 1932 mentio
408 1878 439 1929 fit
453 1880 526 1944 apud
539 1880 708 1930 Herodotum
760 1883 915 1934 Sudtairder.
952 1881 1083 1946 Equidem
1106 1882 1133 1931 in
1153 1881 1194 1933 bis
1214 1882 1302 1933 subsi-

168 1954 232 2013 vn,
243 1953 287 2002 02.
308 1952 376 2001 Nem
386 1949 429 1998 his
440 1950 467 1997 in
480 1951 598 2000 carmine
609 1948 710 2001 schah·
761 1959 846 2004 stem:
870 1953 939 2003 sutis
958 1954 1028 2002 enim
1043 1951 1109 2000 mibi
1127 1950 1190 2000 inde
1207 1957 1302 2016 petere

168 2022 286 2073 nshmeh
305 2023 521 2070 nomenArmaa.
555 2021 609 2082 Qui
626 2020 708 2069 iidem
760 2024 883 2084 videtur,
904 2037 985 2086 quem
1007 2028 1112 2071 mature
1126 2021 1226 2072 Graeci
1240 2038 1301 2072 num

163 2085 284 2157 Ἀρταῖοι
296 2089 368 2155 quod
380 2088 443 2139 oiim
456 2105 472 2137 s
484 2090 606 2150 Graecis,
616 2095 647 2139 ut
657 2089 710 2139 He·
760 2095 817 2143 suis
831 2094 951 2156 ipsorum
965 2089 1066 2140 sabulis
1080 2097 1164 2156 atque
1173 2090 1301 2142 heroibus

168 2162 281 2213 rodotus
301 2162 357 2221 sit,
377 2159 547 2209 vocabantur
561 2155 709 2222 Κηφῆνες,
760 2164 962 2228 peregrinorum
973 2176 1066 2225 regum
1079 2162 1239 2225 angentium
1250 2163 1302 2211 ori·

168 2231 311 2283 confirmat
321 2227 482 2280 Euststhins
492 2229 526 2277 ed
535 2229 649 2292 Dionys.
660 2229 710 2277 Pe·

169 2304 237 2366 rieg.
258 2298 324 2351 1005
346 2298 481 2349 scribens:
505 2290 573 2354 τούς
592 2293 623 2347 <tt
638 2292 710 2359 Πέρ-

169 2385 220 2428 σας
233 2367 375 2433 Κηφῆνοις
392 2363 460 2415 ποτέ
473 2381 543 2430 φησι
560 2364 709 2415 καλεῖσθαι

167 2431 183 2490 ὁ
195 2432 348 2502 Ἀρριανὸς,
362 2437 509 2500 eodemque
519 2437 603 2486 etism
613 2437 710 2500 opinor

168 2509 348 2575 spectabunt,
370 2522 440 2571 quse
456 2506 529 2569 apud
543 2505 709 2571 Stephanum

168 2583 190 2631 B
212 2572 709 2640 sentinumlegunturs.uXetdnior,

168 2665 196 2699 οι
207 2642 348 2723 πρότερρν
358 2642 505 2723 Κηφῆνες,
517 2637 575 2693 α’πό
587 2640 710 2725 Κηφέιρς

58 2756 71 2779 ,
168 2715 222 2768 τοῦ
241 2731 349 2778 πατρος
378 2710 576 2778 Ανδρομὲὸας,
601 2709 655 2777 αφ’
675 2726 710 2777 ης

167 2783 216 2837 sai
239 2783 290 2835 τοῦ
307 2779 436 2847 Περσέως
456 2780 506 2847 τῆς
523 2779 639 2847 Δανάης
663 2776 711 2831 καί

169 2849 240 2914 Διὸς
258 2849 384 2918 Πέρσης,
401 2844 464 2927 ἀφ’,
479 2839 514 2902 od
532 2848 561 2902 οἷ
574 2850 712 2917 Κηφῆνες

169 2923 218 2977 καλ
244 2921 386 2974 Χαλδαῖοι
409 2937 550 2986 προτερον
578 2917 708 2989 [Πέρσαι]

168 2988 350 3061 ἐκλήθησαν,
372 2985 410 3050 οἱς
424 2990 535 3055 εἴρηται
549 2983 579 3041 ἒν
593 2991 631 3059 τῷ
646 2988 710 3054 περὶ

153 3109 158 3117 .
174 3064 333 3132 Κηιρηνίας.
359 3064 396 3112 Et
409 3063 455 3128 qui
470 3064 503 3113 de
511 3064 611 3113 Perseo
625 3066 652 3112 et
662 3062 712 3112 Ce-

170 3138 243 3204 pheo
258 3135 381 3201 pluribus
396 3132 481 3182 trudit
489 3132 668 3196 Apollodorus
684 3132 711 3180 in

169 3206 331 3259 Bibliotbee.
344 3204 389 3261 11,
402 3204 432 3265 4,
449 3202 480 3262 3,
500 3205 524 3253 is
538 3219 645 3267 quoque
660 3201 712 3250 boe

168 3278 253 3327 hebet
272 3273 327 3339 (11,
343 3275 377 3335 4,
391 3274 416 3322 4.
429 3276 453 3335 §-
466 3273 509 3351 5]ι
532 3265 590 3320 ent
607 3265 711 3321 τούτου

170 3346 222 3412 (so.
236 3362 253 3395 a
267 3343 386 3408 Cepheo)
399 3336 431 3390 di
445 3356 512 3398 τονς
523 3339 643 3403 Περσῶν
661 3338 710 3407 βα-

169 3416 262 3472 σιλέας
277 3410 383 3476 λέγεται
395 3406 542 3475 periodus:
563 3428 632 3477 quse
644 3426 710 3461 sene

168 3486 242 3536 hand
256 3485 347 3534 aliens
365 3481 493 3533 videntur
514 3481 548 3530 sb
564 3483 632 3546 ipsis
645 3482 709 3530 Per·

169 3572 260 3606 sorum
272 3552 476 3603 traditionibus.
490 3551 608 3615 Etenim,
621 3557 652 3600 ut
661 3551 710 3600 du-

169 3627 233 3677 dum
255 3624 361 3674 monuit
379 3623 517 3671 Hammer.
536 3619 553 3670 l.
571 3621 589 3672 l.
607 3627 635 3671 et
648 3620 708 3669 Vol.

168 3694 323 3746 Lxxxtll.
336 3708 362 3757 p.
378 3692 408 3742 18
427 3691 485 3757 (ubi
505 3690 539 3739 sd
559 3691 647 3756 ipsius
662 3705 710 3738 no-

169 3766 252 3816 minis
267 3762 470 3813 similitudinem
485 3761 513 3809 in
529 3766 645 3825 utraque
658 3758 707 3809 lin·

168 3852 223 3901 gua
235 3833 388 3898 provocat),
403 3832 449 3896 qni
463 3829 585 3895 Cepheus
598 3847 614 3879 a
626 3830 710 3881 Grae·

169 3908 209 3956 cis
222 3909 352 3963 vocatur,
364 3903 508 3952 Persarum
521 3905 562 3950 est
574 3900 618 3950 ilie
630 3899 710 3950 beros

169 3974 376 4039 antiquissimus
385 3970 474 4020 ltiwin
486 3968 711 4020 carutineScbnlr-

169 4044 267 4095 nameh
280 4042 447 4102 celebratus,
460 4040 530 4090 unde
542 4041 588 4104 qui
600 4040 711 4089 descen·

170 4116 240 4165 dunt
252 4112 382 4163 Kinaidue
399 4110 492 4161 eodem
509 4111 629 4160 carmine
644 4109 711 4159 ceie-

169 4186 259 4246 brati,
280 4184 414 4232 voosntur
426 4182 545 4244 Kejuaim
561 4196 583 4230 s.
597 4179 711 4243 Κανῇοα

171 4255 308 4319 iidemque
317 4257 381 4303 sunt
389 4255 473 4315 stqne
481 4251 645 4302 Graecorum
656 4250 712 4312 Κη-

169 4323 275 4388 φῆνεςι
288 4324 365 4372 ouius
376 4323 450 4371 noeis
460 4323 569 4385 stirpem
581 4317 672 4385 (linui)
684 4321 711 4367 in

169 4395 351 4445 Sansoritsna
364 4396 392 4441 et
401 4391 521 4441 Zendies
532 4390 625 4455 lingua
637 4390 712 4439 inve·

168 4465 226 4515 niri
241 4463 362 4514 ostendit
376 4462 464 4512 Boetb
479 4459 589 4526 (Gesob.
606 4460 632 4510 d.
648 4458 711 4509 Plri-

760 2235 836 2297 gines
849 2232 1014 2295 coniungere
1026 2246 1126 2295 easque
1137 2231 1172 2279 ud
1186 2246 1215 2281 se
1228 2233 1302 2296 ipsos

760 2301 862 2352 referre
874 2300 1041 2361 studuerint,
1057 2316 1103 2350 ess
1113 2298 1246 2365 fingentes
1258 2315 1303 2365 ge·

759 2370 915 2436 nesiogies‚
932 2369 1059 2435 equibus
1071 2370 1145 2434 ipsos
1158 2372 1301 2420 Persarum

760 2456 837 2505 reges
851 2455 905 2489 nna
925 2455 985 2489 eum
1005 2444 1088 2502 gente
1100 2440 1245 2490 Persarum
1258 2455 1303 2490 os-

758 2510 902 2561 leberrimu
932 2525 949 2558 s
980 2507 1145 2558 Graecorum
1175 2509 1303 2560 heroibus

760 2584 907 2645 prognatos
918 2578 1124 2629 contenderent.
1154 2580 1193 2628 De
1204 2578 1302 2642 Cepheo

760 2656 788 2700 et
807 2649 928 2713 Cephenis
950 2648 1023 2699 conf.
1045 2649 1129 2697 etism
1149 2648 1239 2698 Stura.
1264 2648 1300 2698 ad

759 2718 894 2770 Hellanie.
909 2734 972 2783 pag.
984 2718 1027 2768 08.
1045 2718 1171 2768 Crenaer.
1183 2717 1303 2769 conferri

760 2789 819 2838 vnlt
830 2788 994 2839 bercherie
1004 2785 1148 2838 Me'moires
1158 2787 1301 2838 d’histoire

762 2857 852 2916 (Paris
868 2856 945 2921 1815)
966 2857 1000 2907 Τ.
1012 2856 1052 2907 11.
1071 2872 1134 2922 pag.
1148 2856 1208 2909 400.
1247 2859 1302 2920 Qui

761 2926 1300 2988 PersensaGrneeisvoestnr,Persarmn

761 3003 804 3049 est
827 2998 938 3059 Beroia,
962 2996 1057 3047 eodem
1081 3001 1192 3046 auctore
1217 2997 1302 3046 Ham·

760 3067 898 3120 meruit.

796 3196 856 3255 ἐπεὶ
868 3197 899 3255 db
913 3194 1039 3265 Hennaeis
1053 3194 1067 3253 ὁ
1081 3198 1198 3266 Δανάης
1211 3198 1301 3252 τεκαὶ

762 3272 831 3332 Διὸς
851 3291 877 3324 ιι.
896 3290 919 3322 τ.
939 3272 976 3337 1.]
1004 3274 1106 3338 Tangit
1121 3272 1248 3323 Eustatir.
1267 3274 1301 3322 sd

760 3347 873 3408 Dionys.
886 3345 992 3408 Perieg.
1006 3343 1082 3394 1050.
1107 3345 1149 3392 Τι]
1163 3343 1235 3392 eoas.
1247 3343 1302 3393 He·

760 3416 817 3466 rod.
830 3415 893 3475 VII,
909 3413 958 3464 150
973 3418 1001 3463 et
1013 3413 1066 3475 VI,
1079 3414 1112 3461 54
1127 3412 1218 3477 ibique
1231 3418 1302 3463 nott.

760 3485 800 3535 Ad
815 3499 907 3534 vocem
923 3485 989 3538 παῖς
1004 3482 1059 3531 vid.
1075 3482 1162 3531 allata
1173 3483 1207 3532 ad
1219 3483 1254 3543 V,
1268 3483 1301 3531 ³0

761 3560 788 3606 et
801 3555 837 3604 ad
852 3568 934 3603 voees
949 3545 1077 3609 ἄπαις-
1086 3545 1198 3613 ἔρσενος
1211 3543 1301 3615 γόνον

760 3625 891 3675 Herodot.
905 3623 968 3685 Vii,
981 3622 1040 3672 105.
1059 3622 1115 3674 111.
1129 3621 1180 3681 60,
1197 3621 1244 3671 nbi
1257 3637 1301 3671 ea-

761 3694 820 3746 dem
834 3693 945 3743 locutio.
974 3692 1037 3740 Vid.
1052 3690 1178 3740 Kuebner
1192 3691 1237 3742 Gr.
1254 3692 1300 3741 Gr.

761 3766 786 3828 ξ.
800 3764 860 3813 513.
876 3769 932 3815 not.
947 3762 971 3812 3.
995 3761 1036 3811 Ad
1049 3751 1188 3810 verbaiut
1198 3751 1301 3808 τούτου

762 3833 914 3899 pertinent,
929 3846 999 3898 quse
1015 3830 1049 3880 sd
1064 3831 1116 3895 tv,
1130 3831 1164 3880 45
1175 3829 1300 3880 diximus.

944 4041 1010 4091 Cer.
1029 4039 1118 4089 LXII.

801 4172 854 4242 τὴν
880 4169 970 4239 αὕτήν
996 4173 1103 4240 ταύτην
1126 4166 1300 4239 ἐσταλμένοι]

762 4248 858 4313 Suppl.
867 4242 980 4309 σκευὴν,
989 4246 1060 4311 quod
1071 4246 1158 4309 ipsum
1169 4261 1229 4293 mox
1239 4243 1301 4293 snb·

761 4321 861 4369 iieitnr.
899 4318 956 4367 Nee
971 4315 1185 4377 atatervl1‚7·2.
1201 4318 1243 4366 77.
1257 4316 1300 4364 84.

761 4390 809 4441 8οι
829 4404 900 4454 qnae
918 4387 997 4436 affert
1013 4385 1125 4436 Fischer
1143 4385 1176 4434 ad
1191 4383 1300 4433 Wetier.

761 4459 814 4510 111.
833 4474 894 4524 pag.
912 4458 972 4508 ⁶261.

1040 4537 1104 4601 35*
