2986 5130
252 402 314 468 tto
688 399 957 468 ttttunno'rt

252 584 308 650 καὶ
322 587 451 666 πίστιν,
473 581 622 649 ἐνθαῦτα
644 579 758 650 ἐδόκεε
779 583 1056 668 βουλευομένοισι
1080 575 1226 665 αὐτοῖσι,
1249 585 1364 666 πρῶτον

252 686 314 773 μὲν
329 684 506 772 χρημάτων
522 683 658 766 πάντων
673 685 962 753 καταλλάσσεσθαι
975 683 1034 762 τας
1049 712 1086 751 τε
1101 691 1225 773 ἔχθρας
1237 687 1289 755 sel
1300 684 1366 764 τούς

253 786 324 858 κατ’
342 786 505 875 ἀλλήλους
526 786 641 867 ἐόντας
661 792 836 875 πολέμους.
881 780 966 876 ἦσαν
989 788 1026 856 δὲ
1045 788 1128 875 πρός
1143 816 1234 867 τινας
1255 786 1366 856 saliri-

252 902 331 971 λους
345 894 630 978 ἐγκεχειρημένοι,
655 887 672 961 ὁ
687 892 725 960 tt
741 882 789 960 aiv
803 894 955 979 μέγιστος
973 888 1188 979 Ἀθηναίοισί
1198 919 1234 960 re
1248 893 1301 959 xci
1316 898 1366 960 At·

252 995 416 1083 γινήτῃσι.
457 992 538 1081 perol
554 995 591 1063 δὲ
606 996 860 1082 πυνθανόμενοι
875 998 999 1080 Ξέρξεα
1016 994 1081 1063 σὺν
1093 1000 1141 1089 τῷ
1153 1000 1281 1088 στρατῷ
1295 994 1369 1063 εἶναι

252 1193 318 1244 illud
327 1192 362 1242 ntl
373 1209 449 1258 opern
462 1192 514 1242 sibi
528 1193 643 1243 invicem
654 1202 795 1260 praestan·
844 1195 879 1245 ob
892 1195 993 1246 Herod.
1006 1197 1045 1258 V,
1063 1195 1111 1246 124
1132 1193 1193 1275 (ubi
1212 1198 1316 1245 exstst:
1332 1189 1370 1241 ssi

253 1264 315 1312 dam
336 1264 489 1328 Persasque
520 1267 651 1314 communi
679 1266 793 1315 oonsilio
843 1256 1063 1335 ἐγκερασάμενος
1086 1279 1239 1329 πρηγματα
1258 1253 1370 1327 μεγάλα).

252 1333 492 1398 communibusque
508 1333 612 1383 viribus
625 1334 793 1398 repellendos
844 1334 924 1400 Quod
946 1342 976 1384 ut
998 1336 1145 1399 genuinum
1172 1333 1268 1384 haberi
1290 1334 1371 1398 pessit,

253 1413 393 1468 spectasse
420 1403 530 1453 dnbinrn
560 1418 615 1453 uon
644 1411 699 1465 σοις
731 1405 794 1455 inrls
845 1408 943 1455 merito
971 1412 1078 1455 veretur
1103 1404 1316 1468 Wesselingins,
1335 1404 1372 1451 eni

251 1473 329 1523 hicce
342 1481 491 1523 conventus
509 1472 659 1538 legatorum
679 1495 692 1521 s
705 1475 795 1524 ‹liver-
844 1491 905 1525 enm
915 1474 1094 1524 Valckenario
1109 1473 1154 1524 hie
1168 1463 1373 1539 planetlysrpu·

252 1545 290 1595 sis
300 1544 433 1593 Graeciae
443 1543 602 1593 civitatibus
613 1543 722 1594 loedere
733 1559 795 1593 oon·
845 1538 962 1607 ρημένοι
973 1559 1032 1593 earn
1044 1545 1072 1592 in
1081 1543 1257 1603 renuntiem,
1267 1544 1294 1591 iu
1305 1557 1373 1607 quara

251 1614 352 1665 iunctis
363 1614 503 1663 missorum
511 1613 701 1677 perintegruur
711 1612 795 1663 ferme
844 1614 986 1678 vulgatam
1016 1604 1214 1677 ἐγκεχρρμένσι
1243 1616 1373 1676 acceperet

254 1699 353 1733 anuum
372 1683 398 1731 in
412 1682 514 1731 lathrno
534 1690 716 1733 commoratus
735 1698 793 1733 esse
844 1682 1082 1737 persuaderetis,
1101 1698 1166 1747 quae
1178 1686 1204 1732 in
1220 1682 1328 1732 mantus
1337 1680 1374 1729 la·

253 1754 360 1804 videtur
388 1754 532 1815 omniaque
566 1767 598 1801 ea
629 1753 793 1814 instituisse,
844 1744 1374 1816 luerint,enm371erpeioeirrrinpasaive

255 1819 476 1885 qoaeadbellnrn
487 1822 631 1885 gerendum
641 1822 794 1886 Persasque
845 1823 953 1873 dicatur
976 1822 1018 1883 id,
1046 1826 1189 1872 enimam
1205 1821 1374 1875 admoveam,

255 1890 421 1955 repellendos
436 1891 615 1953 pertinerent3
635 1892 706 1955 quod
721 1899 795 1942 reete
844 1894 911 1957 queri
929 1893 1107 1957 appretiantur
1124 1896 1207 1956 atque
1231 1892 1260 1939 in
1277 1890 1376 1940 nosue

255 1961 319 2009 milri
334 1960 471 2009 monuisse
482 1959 589 2008 videtur
600 1960 718 2011 Ultrieh:
735 1962 794 2011 Das
843 1962 986 2012 λοοεοονα.
1017 1962 1084 2025 Legi
1103 1976 1214 2025 quoqne
1231 1975 1311 2025 pesse
1326 1954 1376 2021 ltu

254 2028 425 2095 Megariselie
442 2027 601 2092 Pseplrisma
619 2044 682 2093 pag.
700 2030 737 2080 15.
754 2030 793 2093 ro,
842 2025 973 2095 ’γερμένοι
988 2031 1066 2080 addit
1083 2030 1237 2080 Beklterus.
1271 2027 1377 2080 Larehe·

252 2099 402 2162 respieiens
414 2097 448 2145 ad
459 2097 628 2147 llerodoteos
645 2096 720 2149 locos
731 2099 792 2157 Vll,
843 2117 891 2151 rus
900 2117 961 2150 euro
971 2102 1054 2151 Porto
1063 2100 1110 2150 hie
1119 2100 1249 2164 cogitans
1260 2100 1292 2150 de
1304 2098 1376 2150 verto

256 2169 313 2218 113.
330 2167 386 2217 175.
403 2166 459 2215 177.
476 2166 728 2225 195.v111‚t·2³sc
739 2185 794 2218 me·

252 2240 306 2288 rito
332 2236 527 2301 pronuntians,
553 2237 640 2286 videri
664 2237 715 2288 bec
736 2240 793 2289 lee-

253 2308 304 2357 dus
319 2306 436 2355 omnium
453 2305 567 2369 primurn
582 2308 653 2356 inter
668 2308 792 2373 singulas

252 2377 384 2429 Graeciae
398 2376 527 2425 civitates
539 2376 650 2439 initum,
671 2394 724 2442 quo
738 2394 794 2428 orn·

254 2464 300 2497 nes
315 2448 478 2495 Graecorum
494 2446 632 2507 civitatee,
648 2449 706 2498 eive
720 2450 792 2497 Ioni·

252 2533 300 2568 cae
313 2516 371 2566 sive
385 2517 515 2575 Doricae,
532 2520 737 2567 continerentur
751 2522 792 2567 at·

252 2603 304 2652 que
319 2587 454 2636 eornruuni
473 2586 589 2649 qnorlarn
608 2586 715 2637 vinculo
729 2604 793 2637 een·

252 2660 437 2719 iungerentur.
475 2653 542 2704 Add.
564 2657 659 2706 Grote:
677 2658 792 2721 History

252 2727 282 2775 oi
294 2728 396 2775 Greeee
410 2725 443 2774 V.
459 2739 519 2787 pag.
535 2726 568 2775 iti
588 2726 655 2776 bene
674 2727 791 2777 adhaec

253 2812 301 2845 nes
321 2796 516 2845 advertentem.
553 2796 611 2859 lpsi
625 2797 723 2848 Graeci
739 2796 791 2846 hoe

252 2865 361 2915 foedere
384 2864 523 2915 coniuncti
548 2874 682 2915 vocantur
703 2880 792 2915 συνω-

251 2927 349 2998 μόται,
365 2928 517 2997 suppuret:
542 2934 574 2983 de
588 2937 685 3000 quibua
698 2936 793 3000 appel·

252 3004 401 3054 lationibns
415 3004 469 3053 vid.
484 3002 569 3051 allata
581 3005 616 3053 ad
631 3003 699 3061 vll,
717 3007 772 3055 118.

287 3070 401 3133 πρῶτον
424 3067 475 3133 μὲν
494 3066 645 3134 χρημάτων
665 3067 792 3139 πάντων]

253 3143 359 3206 accipio
381 3144 485 3203 primam
510 3156 594 3190 rernm
615 3143 730 3202 earnium,
761 3152 793 3194 ut

252 3212 321 3260 adeo
341 3225 393 3258 non
418 3224 486 3272 opus
510 3211 548 3258 sit
571 3226 618 3274 pro
641 3205 793 3276 χρημάτων

251 3297 312 3331 curn
324 3281 345 3327 V
348 3279 454 3331 alclren.
469 3294 599 3342 reponere
612 3277 792 3346 πρηγμάτων,

252 3367 325 3411 cnm,
342 3349 408 3398 bene
425 3349 589 3399 observante
601 3350 791 3417 Weeselingio,

252 3412 286 3468 τὰ
298 3413 426 3482 χρήματα
435 3418 545 3482 saepius
558 3436 601 3470 ree
614 3436 791 3487 quascunque

252 3491 408 3553 designent,
439 3495 470 3537 ut
491 3488 564 3551 apud
585 3491 706 3551 Theopn.
730 3493 791 3555 tot,

252 3560 326 3609 olibi.
334 3587 367 3597 -
376 3559 418 3608 Ad
429 3558 540 3609 verbnm
550 3558 791 3610 ostenderentur

843 2163 967 2234 ἐγχράω,
992 2186 1046 2234 qno
1067 2171 1128 2235 ipso
1148 2170 1252 2221 Noster
1268 2184 1331 2219 usus
1347 2167 1377 2217 eit

843 2242 897 2302 Vl,
916 2242 949 2290 75
972 2240 1031 2303 (ubi
1057 2229 1195 2302 ἰγχραύω)
1219 2240 1331 2301 ferienti
1350 2252 1377 2285 se

841 2311 982 2373 strinpeedi
991 2312 1111 2371 notione,
1124 2307 1243 2374 intelligi
1252 2308 1309 2358 vult
1320 2308 1377 2356 belle

842 2396 895 2429 rum
904 2375 1377 2442 alitroonsrrtupcprrlis,proutispnd

843 2450 952 2499 Homer.
965 2449 1007 2497 lli.
1022 2449 1095 2507 tvl,
1107 2448 1158 2498 352
1175 2439 1316 2511 ἐπιχράω,
1333 2461 1377 2495 carr
1447 2440 1448 2449 ’

842 2522 931 2581 impeta
939 2518 1025 2568 hostii
1033 2518 1245 2581 innodabimus.
1269 2518 1328 2579 Quo
1339 2531 1377 2566 ee·

841 2589 902 2637 ilem
917 2586 995 2638 modo
1010 2588 1184 2651 interpretati
1199 2593 1267 2636 sunt
1279 2588 1377 2636 Damna

841 2658 869 2706 in
882 2658 974 2710 laesio.
991 2658 1101 2708 Horner.
1117 2672 1143 2719 p.
1165 2658 1232 2708 riou
1251 2663 1279 2707 et
1295 2654 1379 2707 Schul-

843 2728 924 2780 tsins.
938 2726 1211 2789 Schweighaeuserns
1223 2727 1252 2776 in
1261 2725 1379 2777 lasalle-

841 2796 900 2849 rcd.
913 2798 935 2847 l.
948 2812 1010 2877 pap.
1029 2798 1072 2849 181
1087 2794 1227 2861 vulgatam
1242 2796 1379 2846 lectionem
1446 2812 1447 2847 i

842 2857 1040 2929 ἐγκεχρηοενοι
1063 2866 1152 2930 repeti
1175 2865 1236 2916 vult
1263 2882 1281 2914 a
1306 2864 1379 2915 serbo

842 2927 1006 2998 ἕγχειρέειν,
1036 2936 1115 3003 euius
1142 2936 1181 2986 sit
1209 2935 1379 2999 participium

844 3005 959 3070 perfecti
971 3006 1075 3070 possivi
1089 3020 1137 3069 per
1146 3019 1290 3070 syncopen
1301 3010 1379 3055 ortum

843 3091 876 3125 ex
889 3065 1122 3138 ἐγκεχειρρμένοι,
1132 3074 1204 3125 unde
1215 3076 1332 3138 primunr
1340 3087 1379 3122 ex·

843 3146 946 3195 stiterit
972 3135 1185 3208 ἐγκεχερημὲνοι
1216 3159 1252 3194 ae
1280 3143 1379 3204 deiude,

842 3213 911 3264 elisa
935 3214 1011 3263 brevi
1041 3213 1146 3275 vocali,
1176 3202 1379 3278 ἐγκεχρημένοι.

843 3283 920 3343 Quod
934 3284 999 3333 mihi
1020 3283 1129 3347 quidem
1148 3282 1221 3332 haud
1239 3283 1378 3347 persuasit.

841 3367 892 3402 nec
905 3354 990 3417 magis
1003 3353 1141 3417 persuasit
1151 3352 1289 3403 Bredevio
1300 3370 1324 3418 p.
1334 3350 1378 3402 343

841 3422 904 3476 οο11,
918 3422 985 3480 345,
1008 3423 1051 3472 eni
1069 3421 1125 3473 leni
1138 3428 1169 3472 ut
1182 3428 1263 3484 putat
1282 3420 1378 3473 merleia

843 3495 938 3555 reponi
960 3491 1036 3542 iubet
1053 3481 1247 3555 ἐγκεχριμένοι
1271 3507 1289 3540 a
1304 3490 1378 3540 verbo

842 3554 959 3625 ἐγχρίω,
986 3577 1045 3611 cnm
1065 3577 1134 3626 opus
1152 3560 1189 3610 eit
1207 3559 1260 3611 hoe
1278 3563 1307 3610 in
1326 3560 1378 3609 loce

252 3629 324 3679 coni.
338 3632 408 3677 nott.
428 3628 462 3677 ad
478 3630 511 3689 V,
524 3630 566 3678 28.
842 3633 939 3694 verbo,
963 3630 1037 3696 quod
1053 3630 1206 3694 significet,
1229 3632 1378 3694 superficie·

287 3687 411 3762 ἡσανὸὲ
433 3690 505 3758 πρός
522 3712 601 3753 τινας
623 3692 671 3745 ael
690 3692 791 3756 ἄλλους
840 3703 924 3765 aliquo
945 3702 1016 3751 modo
1035 3702 1124 3751 leniter
1141 3703 1281 3763 uespere.
1309 3701 1317 3747 i
1349 3712 1378 3747 ne

251 3761 486 3832 ἐγκεχειρρμένοι]
511 3755 583 3831 ἦσαν
600 3767 644 3816 hic
667 3782 791 3832 srrggere-
841 3785 939 3821 sensus
958 3770 1210 3836 significantissime
1236 3714 1377 3830 vertile-

252 3837 462 3887 batl‘lorentin.
479 3853 526 3900 pro
544 3830 618 3890 ἔσαν,
649 3837 702 3887 Pro
716 3830 790 3901 ἔγκε-
841 3838 1287 3904 χρίωοιραοαοαοοαοονίἀοαῑατ.
1313 3839 1377 3888 Mat·

251 3905 413 3971 χειρημένοι
423 3922 515 3956 ornnes
530 3906 592 3955 libri
601 3907 698 3970 scripti
715 3900 789 3971 ἐγκε-
840 3907 915 3959 thiae
928 3902 1124 3973 ἐγκεχρημὲνοι
1141 3908 1177 3958 ad
1197 3899 1305 3972 ἐγχραω
1321 3922 1377 3958 nun

251 3973 401 4041 χρημένοι,
428 3977 497 4039 quod
521 3977 619 4025 Portus
644 3975 751 4027 derivet
772 3993 789 4028 a
839 3979 876 4028 sit
888 3980 1057 4031 referendum
1070 3979 1217 4039 dubitans,
1236 3978 1375 4043 intelligit:

251 4048 333 4098 verbo
345 4037 791 4113 lvzprs'opon,ntbellaintelligau·
840 4049 907 4100 bella
927 4052 1052 4101 nonnuliis
1064 4064 1118 4099 oron
1138 4051 1196 4098 eliis
1211 4050 1327 4111 pereatis
1340 4052 1378 4097 ie-

252 4126 308 4179 tur,
332 4130 396 4181 quae
415 4116 441 4187 in
458 4116 569 4166 sionibus
583 4116 731 4173 inbuerint,
760 4109 790 4166 ἐν
839 4127 1020 4181 perterrent,
1034 4120 1050 4169 i,
1066 4134 1090 4171 e.
1106 4123 1263 4183 inaruerunt.
1297 4118 1376 4183 Equi·

250 4185 283 4252 τῇ
304 4177 400 4250 χρήσει
423 4197 504 4248 poan.
544 4189 580 4235 At
605 4186 659 4235 tale
680 4188 790 4236 verbnm
841 4186 1376 4254 demquedWesselingioetValelsens·

251 4258 301 4306 lroe
322 4253 480 4318 significatu
502 4257 643 4320 ignorasse
663 4258 791 4306 videntur
840 4259 881 4307 rio
895 4259 1048 4322 placuerat,
1062 4259 1188 4324 qnodque
1200 4258 1305 4321 recepit
1316 4258 1375 4306 Din-

250 4326 357 4374 tlraeci.
395 4325 536 4377 lleislrius.
566 4343 643 4390 quem
668 4328 789 4391 seqnitur
841 4328 911 4378 dori.
932 4329 1114 4394 probavitque
1135 4326 1251 4379 Hereld:
1277 4325 1374 4376 Herod.

251 4394 382 4451 llietselr,
399 4395 531 4445 maluerat
546 4386 752 4459 ἐγκεκραμένον,
771 4397 789 4449 i.
840 4398 954 4459 ereest.
968 4400 996 4448 P.
1011 4402 1049 4449 ll.
1063 4414 1126 4463 pag.
1140 4398 1171 4448 6:
1191 4389 1374 4460 ἐγκεχειρημτὲ

250 4481 275 4517 e.
288 4466 366 4529 bella,
387 4481 451 4530 qnae
463 4469 537 4531 quusi
546 4469 571 4515 in
583 4469 693 4516 niteram
705 4475 789 4531 want,
841 4480 901 4531 νοι,
919 4469 1027 4534 recepi,
1051 4470 1116 4534 qnia
1132 4467 1183 4518 hoc
1202 4482 1283 4517 unum
1300 4484 1314 4518 e
1329 4479 1374 4515 rs·
