2970 5128
474 406 654 468 ERATO.
676 406 731 468 VI.
752 416 795 469 68.
819 415 862 470 69.

1173 403 1234 464 319

115 582 255 651 πολλέων
282 580 335 668 di,
362 575 381 649 d
410 607 445 648 τε
474 580 571 667 λόγος
598 579 718 660 πολλὸς
745 582 783 648 ἐν
807 578 965 668 Σπάρτη,
995 572 1039 656 ὦς
1061 573 1235 665 Ἀρίστωνι

113 686 234 773 σπέρμα
247 682 446 754 παιδοποιὸν
458 680 522 753 οὐκ
537 686 635 771 ἐνῆν·
658 699 768 753 τεκεῖν
786 680 851 769 γάρ
865 679 908 751 ἅν
927 687 961 751 ot
972 684 1028 749 uel
1041 678 1099 758 τάς
1113 683 1230 764 προτέ-

113 817 165 873 ρας
178 802 348 873 γυναῖκας.
374 783 409 855 ‘0
423 786 485 874 μὲν
499 785 541 875 dr}
554 792 690 856 τοιαῦτα
703 794 806 873 ἔλεγε.
837 782 879 853 Ἡ
890 785 927 853 δὲ
937 782 1093 873 ἀμείβετο
1104 788 1231 851 τοῖσδε·
1241 800 1281 861 69

106 883 227 975 Ὦταῖ,
249 894 326 960 ἐκεί
341 917 376 958 τε
392 918 433 978 με
447 895 554 980 λιτῇσι
568 892 740 977 μετέρχεαι
762 894 870 957 εἰπεῖν
883 887 945 976 τὴν
963 885 1146 974 ἀληθείην,
1166 892 1234 954 τεάν

112 994 186 1073 test
205 993 437 1083 κατειρήσεται
456 991 610 1080 τάληθές.
638 990 683 1073 ὥς
702 1021 743 1080 με
763 988 906 1078 ἠγάγετο
923 989 1083 1077 Ἀρίστων
1099 994 1132 1070 ἐς
1148 991 1232 1057 ἑωυ-

110 1103 179 1183 τοῦ,
198 1101 297 1167 υυκτλ
320 1104 415 1187 τρίτῃ
436 1095 576 1185 ἀπάτης
596 1096 728 1184 πρώτης
748 1087 836 1184 ἦλθέ
849 1123 905 1182 μοι
926 1094 1040 1182 φάσμα
1058 1093 1234 1180 εἰδόμενον

109 1254 245 1329 γουνάτων
259 1259 310 1313 καὶ
322 1262 375 1313 σοῦ
385 1262 495 1328 γενείου
507 1258 603 1323 δεξιάς
614 1256 642 1313 τ’
694 1261 781 1326 schyti
792 1262 867 1312 Pers.
882 1261 946 1311 loo:
965 1255 996 1309 εί
1002 1276 1015 1316 ς
1031 1248 1059 1307 δ’
1073 1251 1143 1323 ὑμαί
1147 1275 1160 1316 ς
1178 1249 1233 1321 ἐρῶ

109 1326 278 1399 εὐδαίμονος.

139 1395 175 1461 eis
183 1399 328 1465 Ἀρίστωνι
343 1395 453 1466 σπέρμα
465 1396 643 1451 παιδοποιὸν

111 1468 156 1522 oris
180 1464 262 1537 ἐνῆν]
305 1472 398 1525 Nabsr
420 1472 449 1520 in
473 1473 641 1536 Mnemosyn.

109 1545 150 1594 lv.
169 1560 231 1608 pag.
245 1545 294 1594 20:
321 1541 443 1605 „Nullas
463 1541 558 1592 dubito
578 1543 643 1607 quin

110 1613 298 1662 emendandum
312 1613 348 1661 sit
359 1602 461 1676 γονή“.
472 1611 548 1660 -Mihi
560 1618 642 1661 teme-

109 1684 199 1732 rariam
221 1682 372 1732 videbatur
389 1679 529 1744 vulgatam
549 1679 643 1731 lectio·

110 1767 161 1801 nem
171 1753 325 1814 immutare,
332 1765 492 1816 quamquam
501 1750 575 1799 haud
585 1765 644 1799 sum

108 1822 217 1885 nescius,
230 1836 330 1871 vocem
341 1817 429 1884 γονης
439 1818 584 1870 desemine
597 1835 643 1883 ge-

110 1890 180 1940 nitali
188 1892 259 1957 apud
269 1890 443 1941 Herodotum
455 1888 510 1938 dici
520 1889 571 1949 111,
583 1889 642 1939 101.

138 2030 225 2079 τεκεῖν
240 2019 296 2093 γάρ
314 2015 352 2075 dv
373 2020 403 2075 οί
415 2020 463 2074 καὶ
480 2019 530 2082 τὰς
543 2019 643 2088 προτέ-

110 2114 153 2161 ρας
161 2094 312 2162 γυναῖκας]
327 2096 346 2145 1.
361 2111 385 2144 e.
398 2096 493 2159 alioqui
500 2097 563 2145 enim
571 2099 643 2158 prie-

109 2184 145 2217 res
155 2171 231 2231 ὶμείυε
241 2181 344 2216 uxeres
361 2164 413 2227 (ita
425 2164 565 2228 dicebant)
582 2180 643 2228 pro-

108 2240 147 2287 ten
157 2240 305 2288 edidissent.
332 2234 386 2284 L'bi
398 2234 467 2285 bone
478 2233 642 2287 Valckenar.

108 2313 271 2357 connectam
284 2304 335 2353 hic
350 2306 390 2352 ait
399 2303 563 2354 locutionem
575 2320 643 2367 esse,

109 2375 310 2442 quaeplenaaic
321 2373 471 2423 schabest:
484 2364 644 2437 είγάρένῆν

109 2435 644 2575 ts'tristitia‘‘tullissit

108 2585 179 2636 aliert
192 2601 225 2635 ex
241 2580 386 2647 Aristoph.
402 2580 474 2633 Plut.
486 2585 546 2636 427.
562 2583 643 2646 Vesp.

112 2655 177 2708 1135.
191 2657 260 2721 Εηη.
279 2651 360 2702 1335.
374 2653 439 2714 Lyn.
455 2651 498 2701 25.

276 2824 347 2874 Cas.
366 2822 466 2873 LXIX.

139 2920 224 2977 εἰπεῖν
236 2920 297 2992 τὴν
307 2917 462 2990 ἀληθείην]
490 2925 525 2973 Et
539 2922 591 2974 hoc
605 2922 646 2973 lo·

110 3011 138 3046 co
149 3002 174 3047 et
185 2999 232 3061 vl,
244 2998 280 3049 68
298 2997 358 3046 init.
375 3012 424 3061 pro
436 2993 509 3058 vulg.
524 2987 646 3057 ἀληθηί-

110 3081 142 3127 ηυ
155 3068 261 3133 reposui
279 3060 442 3129 ἀληθείην,
465 3066 584 3129 itemque
596 3063 645 3124 VI,

110 3134 138 3185 82
145 3128 304 3199 ἀτρεκείην,
313 3134 386 3201 quod
394 3134 567 3185 Florentinus
577 3132 645 3182 liber

110 3211 175 3256 recte
182 3205 279 3256 attulit
295 3204 415 3270 itemque
425 3202 564 3253 Saneroiti
576 3201 645 3252 liber

111 3289 152 3337 pro
166 3269 337 3339 άτρεκηίην,
353 3274 451 3324 ductus
463 3273 512 3333 iis,
525 3287 595 3336 quae
609 3272 644 3321 ad

111 3343 168 3407 th
180 3345 315 3395 adnotata
327 3343 463 3408 leguntur.
482 3343 523 3391 De
535 3357 589 3407 qua
598 3356 645 3392 sa-

111 3412 164 3463 dem
175 3431 202 3464 re
211 3413 285 3480 quod
295 3416 339 3463 ita
348 3412 506 3478 pronuntiat
513 3411 547 3463 11.
557 3413 644 3474 Apeta

112 3480 152 3543 (ad
160 3484 259 3534 Herod.
269 3483 379 3547 11‚87):
399 3482 518 3545 „Nescio
531 3497 566 3529 an
580 3477 645 3543 άλη-

111 3549 185 3616 θείη,
206 3569 289 3618 quam
308 3552 418 3603 codices
437 3551 590 3615 iidemque,
612 3554 644 3599 ut

112 3622 164 3674 cod.
173 3624 214 3683 F„
227 3624 352 3688 optimae
365 3625 447 3670 notae
459 3620 487 3668 in
501 3618 591 3670 multis
604 3618 644 3669 lo·

112 3689 146 3739 eis
155 3698 309 3751 servarunt,
322 3688 461 3742 Herodoto
474 3688 645 3740 restituenda

112 3759 158 3820 sit,
179 3760 230 3811 hoc
256 3760 431 3820 discrimine,
456 3765 486 3809 ut
505 3752 644 3823 άληθηΐη,

111 3830 183 3891 quasi
191 3821 222 3878 τό
233 3821 397 3894 ἀληθεύειν,
408 3831 534 3880 ueritatem
543 3827 646 3893 signifi-

112 3902 159 3959 cet,
167 3891 197 3947 τά
207 3915 293 3950 serron
302 3916 358 3951 esse
369 3896 573 3963 (abstractum),
581 3889 646 3960 άλη-

112 3963 172 4030 θείη
193 3975 286 4020 autem
300 3961 332 4018 τὸ
347 3961 454 4032 ἀληθὲς
470 3983 553 4018 onum
571 3966 646 4031 (eon

111 4038 229 4103 cretum).
256 4040 315 4090 Eae
328 4038 460 4100 notiones,
470 4052 554 4088 reram
566 4041 594 4086 et
604 4053 647 4085 oe-

111 4107 170 4157 rius
178 4109 290 4173 saepius
301 4108 468 4174 cogitatione
478 4105 647 4157 confundun-

113 4180 166 4237 tur,
188 4192 270 4241 quam
287 4182 318 4228 ut
338 4176 460 4239 mireris,
481 4175 551 4241 qaod
572 4174 646 4224 nullo

693 1329 800 1396 μῦθον,
811 1330 1013 1381 ubiBlomfield.
1022 1330 1108 1379 nostri
1122 1329 1176 1378 loci
1186 1329 1231 1378 bc·

693 1418 727 1452 ne
741 1402 796 1451 init
807 1415 917 1451 memor.
943 1401 977 1449 In
991 1413 1066 1464 seqq.
1085 1398 1121 1448 ad
1132 1393 1230 1462 ἠγάγε-

693 1486 724 1520 το
739 1471 774 1520 ef.
789 1471 827 1521 VI
836 1507 842 1532 ‚
856 1470 890 1519 112
908 1469 984 1520 etad
1000 1458 1027 1524 ἐς
1040 1464 1146 1518 ἑωυτοῦ
1162 1472 1231 1519 nott.

692 1541 753 1591 adl
779 1540 822 1592 35.

726 1577 824 1673 φάσμα
843 1599 1005 1672 εἰδόμενον]
1032 1599 1180 1670 εἰδόμενον
1202 1607 1232 1669 (i.

692 1694 716 1730 c.
731 1680 819 1739 simile)
840 1677 909 1726 dixit
920 1678 1066 1726 Homerum
1081 1678 1232 1741 respiciens

693 1748 736 1798 lli.
751 1749 789 1810 11,
799 1748 859 1797 791.
870 1748 931 1797 tus.
944 1746 1068 1810 Apellen.
1081 1746 1167 1799 Rhod.
1178 1745 1232 1808 ΙΙΙ,

694 1820 736 1867 72.
753 1816 1051 1875 Add.Herod.v11‚eo
1063 1820 1090 1864 et
1102 1815 1233 1866 vid-Bre-

693 1887 755 1940 dov.
769 1901 830 1951 pag.
842 1884 902 1936 305.
922 1886 965 1935 De
977 1885 1088 1949 reliquis
1101 1885 1140 1935 ita
1151 1883 1233 1935 Creu-

693 1972 748 2008 ner.
767 1958 930 2007 Commentt.
942 1955 1062 2005 llerodd.
1083 1969 1146 2019 pag.
1160 1952 1231 2010 ,2332

693 2026 773 2089 „Hoc
788 2017 886 2090 φάσμα
900 2026 1030 2075 continuo
1043 2014 1121 2088 ἥρως
1135 2024 1232 2074 dicitur

693 2112 726 2145 ae
739 2092 864 2158 δαίμονα
877 2095 961 2144 etiam
974 2096 1031 2145 diei
1042 2093 1232 2144 iniradocebi-

693 2180 752 2216 mur
771 2163 877 2230 [itaque
896 2165 969 2213 inira
990 2158 1006 2212 d
1029 2160 1081 2225 di,
1106 2164 1178 2229 quod
1196 2162 1233 2213 ad

694 2227 790 2298 φάσμα
798 2232 1037 2299 ret'erendnmestJ.
1052 2235 1113 2285 Hoc
1120 2227 1232 2296 φάσμα-

693 2318 741 2361 τος
751 2320 848 2354 nomen
858 2307 886 2353 in
898 2305 1034 2353 mentione
1043 2319 1149 2369 pugnae
1157 2303 1233 2352 Sela·

693 2376 803 2436 miniae‚
815 2375 840 2422 in
852 2388 906 2437 qna
920 2374 1006 2437 ipsias
1015 2373 1159 2423 Demarati
1173 2387 1234 2436 par·

694 2448 736 2494 tea
750 2444 869 2504 luerunt,
878 2442 1034 2506 frequentat
1043 2441 1175 2491 Aristides
1186 2441 1234 2490 So·

693 2512 793 2578 phista,
809 2512 887 2561 ouius
900 2511 973 2560 locos
985 2511 1106 2561 exhibuit
1119 2509 1234 2559 Valcke-

694 2598 752 2632 nnr.
765 2581 799 2630 ad
810 2580 910 2630 Herod.
925 2581 1003 2642 VIII,
1017 2581 1060 2630 65.
1076 2579 1119 2645 [Τ.
1133 2580 1153 2629 Ι.
1168 2594 1232 2644 pag.

693 2653 736 2702 55.
755 2650 815 2700 248.
830 2651 889 2701 151.
906 2651 938 2699 Τ.
952 2649 1003 2699 111.
1017 2667 1043 2714 p.
1055 2650 1127 2711 3501
1156 2649 1234 2698 Haec

693 2719 851 2771 Herodotea
870 2720 1020 2783 respiciens
1040 2718 1174 2768 Aristides
1194 2717 1233 2767 lo-

695 2792 787 2856 quitur
801 2790 834 2838 de
853 2791 913 2844 τοῖς
926 2780 977 2835 ἄττ’
990 2780 1149 2844 Ἐλευσῖνος
1162 2780 1233 2850 φάσ-

694 2873 771 2923 μασι.
799 2856 1019 2910 Tuad‹1.Sehol.
1036 2857 1152 2909 Aristid.
1169 2871 1231 2922 pag.

695 2929 730 2979 611
744 2928 886 2977 Frommel.
909 2926 973 2989 (ubi
990 2927 1085 2976 itidem
1103 2924 1233 2990 δαίμων)

695 2997 755 3047 coll.
771 2996 861 3047 Schol.
874 2995 945 3046 Plat.
959 2996 993 3046 ad
1005 2995 1146 3047 Thenetet.
1161 3012 1186 3061 p.
1203 2996 1234 3045 19

695 3057 1236 3131 Ruhnk.[p.35t).202,l]Belsk.],qui‹poi-

696 3150 785 3199 σματα
795 3152 829 3186 ox
838 3140 928 3185 mente
937 3134 1092 3201 philosophi
1105 3136 1235 3186 illustrat.

693 3206 773 3256 Plato
781 3207 808 3254 in
816 3205 906 3269 Symp.
914 3221 938 3269 p.
949 3205 1005 3264 179,
1012 3221 1037 3270 p.
1046 3205 1234 3257 assessoris.

695 3275 729 3325 de
736 3275 843 3339 Orpheo
855 3281 882 3323 et
889 3275 1035 3340 Eurydice:
1049 3268 1169 3337 φάσμα
1179 3272 1236 3323 θεί-

694 3343 792 3405 ξαντες
804 3341 855 3407 τῆς
867 3335 1002 3406 γυναικὸς
1013 3344 1075 3398 coll.
1087 3346 1197 3410 Origeu.
1210 3359 1234 3392 c.

695 3412 833 3475 Cels.V1,
850 3414 876 3463 8.
903 3413 1104 3465 Grammaticus
1126 3410 1160 3463 ad
1180 3411 1235 3463 oal-

696 3499 754 3533 cem
766 3481 886 3545 Etymol
900 3482 969 3532 Gud.
987 3483 1026 3533 11.
1048 3499 1075 3548 p.
1092 3484 1143 3535 638
1156 3483 1233 3547 Lips.

695 3544 828 3638 φάσματα
836 3544 871 3600 τά
883 3543 913 3600 ἐν
923 3541 1004 3602 dnum
1016 3547 1176 3617 φαινόμενα
1185 3546 1234 3599 καὶ

695 3635 748 3672 οσα
756 3615 929 3683 φαντάζουσι
939 3615 973 3670 τά
981 3601 1116 3685 θαιμόνια
1123 3613 1234 3681 νύκτωρ

694 3682 715 3755 ἢ
727 3683 796 3754 μεθ’
814 3682 922 3754 ἡμέραν
931 3683 962 3741 ἐν
976 3693 1038 3747 ταῖς
1050 3680 1165 3755 ἐρήμαις
1176 3683 1234 3739 α’τιό

694 3757 748 3809 τοῦ
758 3755 842 3822 οἱέρος
857 3754 1036 3827 λαμβάνοντα
1051 3754 1100 3817 τάς
1113 3751 1235 3824 μορφάς,

695 3827 759 3885 οἵας
772 3819 808 3877 dv
821 3821 949 3879 ἐθέλωσι.
969 3856 1002 3866 -
1023 3832 1066 3880 De
1082 3829 1235 3881 simulacris

696 3900 1033 3963 daemonum‚praescrtim
1042 3902 1236 3963 Venereorum,

697 3961 831 4031 φάσματα
844 3965 945 4025 κακίας
962 3970 1021 4020 sive
1039 3962 1172 4033 φάσματα
1187 3984 1236 4018 κα-

695 4034 767 4086 κιῶν
794 4048 910 4103 usurpat
932 4039 1067 4089 Eusebius
1090 4039 1236 4104 l'amphil„

696 4108 811 4158 docente
830 4108 915 4157 Henr.
929 4108 1039 4159 Valesio
1058 4111 1094 4159 ad
1109 4109 1182 4160 illius
1198 4110 1236 4159 Ο·

697 4183 749 4227 rat.
764 4179 807 4227 De
820 4175 915 4226 laudd.
930 4178 1075 4228 Constant.
1090 4194 1150 4243 cap.
1167 4179 1191 4228 8,
1208 4193 1234 4243 p.

113 4242 263 4298 discrimine
280 4247 424 4297 observato
440 4244 647 4311 ascriptoribus
697 4247 749 4298 672
761 4247 803 4297 ed.
814 4246 927 4296 Tauria.
936 4247 1101 4299 lamblichus
1111 4248 1196 4311 Syrus
1208 4248 1236 4295 in

113 4310 287 4366 adhibeantur
294 4316 323 4365 “:
342 4316 394 4367 hoc
410 4316 555 4367 discrimen
571 4328 647 4366 vere·
697 4316 875 4382 Babylonicis
887 4318 961 4381 apud
974 4317 1053 4366 Phot.
1070 4315 1130 4366 cod.
1145 4316 1187 4367 111.
1207 4332 1235 4379 p.

114 4395 153 4443 οτ,
170 4389 201 4432 ut
219 4385 330 4449 probari
346 4385 445 4451 possit.
478 4384 521 4435 Ad
540 4382 648 4435 dicendi
699 4383 747 4436 131
763 4384 805 4435 ed.
819 4385 962 4437 Hocsehel.
979 4385 1041 4435 1601
1058 4383 1092 4450 [5.
1105 4384 1131 4435 3.
1143 4400 1170 4448 p.
1185 4384 1233 4434 2²1

31 4522 35 4531 ἱ
114 4451 215 4502 modom
229 4445 262 4512 ἐς
283 4445 317 4503 el
335 4445 529 4518 κατειρήσεται
541 4453 578 4504 ci.
595 4455 647 4504 Ao·
697 4470 757 4519 aeq.
768 4455 888 4505 Eroticc.
901 4455 1016 4520 Soriptt.
1029 4454 1093 4505 edit.
1105 4453 1235 4506 Herehor.
