3052 5134
238 413 299 478 368
674 408 944 469 HERODOTI

170 598 228 659 103
237 586 335 659 τοῦτό
349 606 411 674 σφι
426 584 605 671 κατηγέετο
613 578 740 669 Ἱππίης
753 578 772 651 ὁ
787 580 1041 671 Πεισιστράτου.
1074 580 1248 674 Ἀθηναῖοι
1263 587 1318 673 dl,
1333 583 1377 668 ὦς

237 693 407 763 ἐπύθοντο
420 692 541 773 ταῦτα,
563 682 728 774 ἐβοήθεόν
741 689 796 755 καὶ
810 684 906 756 αὐτοὶ
920 688 953 766 ἐς
966 686 1026 755 τὸν
1040 695 1255 777 Μαραθῶνα.
1291 684 1376 779 ἦγον

236 799 276 867 δέ
287 816 393 883 σφεας
413 791 591 879 στρατηγοὶ
613 791 711 875 δέκα,
739 794 808 859 τῶν
831 786 849 858 ὁ
871 793 1010 871 δέκατος
1030 783 1293 882 ἦνΜιλτιάὸης,
1314 800 1376 863 τοῦ

235 997 303 1047 libro
313 989 597 1055 Schweighaeuserus,
611 1005 688 1056 quem
700 991 779 1043 Gais-

237 1066 307 1117 t'ord.
324 1071 352 1115 et
370 1061 477 1111 llelsker
495 1061 583 1110 secuti
604 1065 684 1122 suut,
702 1061 777 1112 exhi·

236 1138 298 1187 buit
331 1123 562 1193 Herceetpu'rrm,
594 1131 776 1181 revocandam

235 1206 329 1256 censui
350 1201 488 1265 vulgarem
505 1201 668 1264 scripturam
680 1198 778 1249 Hetere-

132 1272 136 1281 '
235 1270 388 1339 στράτου,
406 1284 486 1335 quam
498 1272 596 1320 merito
613 1276 778 1320 revocarunt

235 1342 362 1396 Dindort'.
378 1347 406 1391 et
417 1338 557 1401 Dietsch.‚
577 1355 637 1389 eum
651 1354 668 1389 a
681 1338 778 1388 Πεισί-

236 1427 354 1477 στρατος
374 1410 448 1460 flecti
469 1414 587 1474 nequeat
610 1404 779 1473 Πεισιστρά-

234 1498 304 1545 τεα,
322 1482 370 1534 sed
385 1494 467 1531 unum
479 1473 699 1542 Haroturpeirou3
720 1479 775 1529 vid.

236 1555 352 1606 Bredov.
370 1565 430 1615 pag.
451 1549 502 1599 234
520 1554 547 1598 et
561 1549 632 1599 conf.
653 1555 723 1598 nott.
743 1548 777 1597 ad

235 1626 283 1688 lv,
295 1624 354 1676 147.
378 1622 420 1670 De
432 1619 492 1684 ipso
506 1632 593 1683 eampo
604 1618 778 1682 Μαναιὴοιιία,

235 1696 263 1745 in
283 1707 336 1759 quo
355 1694 505 1756 pugnaturn
519 1694 577 1749 est,
600 1703 633 1738 ac
653 1687 687 1738 de
702 1689 778 1750 urbe,

235 1779 316 1831 qnam
329 1761 393 1811 olim
412 1758 484 1809 haud
500 1756 556 1807 alio
573 1759 631 1807 loco
644 1759 725 1808 sitam
738 1758 779 1808 su·

236 1838 290 1884 isse
302 1835 440 1898 putamus,
456 1842 537 1893 quam
548 1838 602 1892 quo
615 1843 687 1877 nunc
700 1829 778 1877 vicus

235 1901 396 1954 recentioris
409 1899 509 1948 aetatis
520 1898 666 1963 reperitur,
683 1898 777 1947 eodem

236 1972 344 2024 nomine
363 1962 391 2033 (ὁ
406 1964 606 2030 plancturae)
621 1967 777 2031 insignitus,

234 2041 358 2108 pluribus
376 2037 551 2103 exposuimus
566 2037 595 2087 in
607 2038 730 2087 Excursu
742 2037 778 2087 ad

235 2113 261 2162 h.
277 2112 306 2175 l.,
322 2110 367 2160 ubi
384 2108 440 2157 vid.

277 2177 304 2237 ἐς
321 2172 407 2228 τοῦτο’
425 2190 476 2240 σφι
496 2172 644 2238 κατηγέετο
664 2166 779 2237 'Incipe

235 2245 250 2301 b
260 2238 475 2310 Πεισιστράτου]
483 2246 597 2307 Quaerit
604 2246 673 2295 Rosa
681 2244 779 2308 (Bliitt.

235 2322 255 2373 t'.
268 2322 372 2370 literar.
380 2314 535 2367 Unterhalt.
554 2314 628 2365 1833.
643 2330 683 2366 nr.
695 2314 777 2363 104-

239 2390 295 2443 100.
309 2406 336 2455 p.
353 2389 404 2437 427
420 2401 495 2452 seqq.
516 2393 544 2437 et
562 2386 733 2450 potissimum
749 2401 775 2448 p.

235 2460 286 2511 435
296 2475 353 2524 seq.
363 2495 370 2521 ,
382 2454 560 2519 Arobacolog.
574 2454 705 2505 bussittse
714 2453 736 2503 1.
750 2470 776 2519 p.

235 2532 284 2582 ‘lli
299 2527 378 2594 seq),
388 2527 436 2592 qui
448 2527 552 2576 facturn
564 2529 610 2587 sit,
627 2531 657 2575 ut
666 2525 778 2588 Persae,

235 2615 303 2666 quos
316 2600 434 2664 Hippias
451 2595 571 2646 locorum
591 2595 658 2644 bene
675 2609 777 2659 gnarus

235 2668 407 2731 bucetaque
416 2672 472 2716 tam
483 2664 622 2716 diiticilern
631 2663 718 2715 locum
729 2680 777 2729 ap·

234 2740 362 2807 pulerint,
370 2752 459 2803 neque
465 2733 608 2786 Phalerum
619 2735 777 2800 navigarint

235 2814 283 2862 aut
296 2810 329 2859 ad
342 2809 469 2867 Prasias,
493 2804 661 2855 commodum
675 2804 775 2867 locum,

233 2874 778 3010 utttttbttluctui*tlt

414 2985 421 3008 ,
678 2980 684 2993 .

234 3017 389 3068 Herodotus
402 3016 461 3079 (vl,
477 3015 537 3077 102)
552 3013 649 3065 afferat
661 3014 695 3063 de
706 3029 777 3063 cam-

236 3104 271 3154 po
285 3086 458 3136 Marathonio
477 3082 617 3148 equitibus
632 3085 719 3147 magis
732 3098 775 3133 ac·

235 3156 424 3217 commodato,
445 3152 473 3202 id
487 3152 553 3203 ferri
569 3167 623 3203 uon
634 3167 714 3217 posse
728 3168 778 3217 pu·

234 3232 291 3286 tat;
316 3226 388 3276 unde
413 3222 583 3273 Herodotum
607 3222 719 3272 coniicit
742 3238 777 3275 eu

234 3302 341 3347 tontum
365 3295 469 3353 dicere,
500 3306 569 3357 quae
592 3292 674 3357 vulgo
701 3293 774 3357 apud

234 3368 357 3417 Graecos
375 3366 407 3414 de
426 3362 478 3413 hac
495 3377 524 3411 re
545 3361 648 3411 tradita
664 3362 774 3423 luerint,

234 3453 295 3487 cum
306 3449 398 3486 veram
409 3434 432 3484 si
445 3431 576 3498 indagare
587 3431 700 3482 uelimus
711 3447 776 3482 cau-

234 3522 306 3569 sam,
325 3505 444 3570 Hippias
463 3517 522 3552 eam
542 3502 576 3552 ob
598 3516 709 3552 causam
731 3503 775 3552 bie

234 3574 374 3642 appulisse
391 3573 532 3634 rideatur,
545 3578 576 3622 ut
590 3573 777 3636 praeternavi-

129 3694 134 3703 ,
234 3653 332 3711 gantas
346 3645 447 3694 Persae
457 3640 598 3707 Tetrapoli
613 3643 775 3705 potirentur,

234 3714 446 3766 Atheniensibus
454 3727 519 3764 vero
529 3711 620 3761 subito
629 3711 776 3761 advenien-

236 3788 309 3836 tibus
324 3784 359 3834 ad
368 3798 486 3849 pugnarn
498 3782 587 3832 eoacti
603 3786 704 3833 oseent.
731 3782 777 3832 ln·

234 3856 309 3907 colus
323 3854 394 3904 eninr
410 3853 491 3902 huius
507 3853 594 3917 partis
606 3853 716 3902 Atticae
730 3853 776 3902 Pi·

234 3927 348 3975 sistrato
363 3928 393 3973 et
409 3922 592 3972 Pisistratidis
610 3936 716 3985 semper
734 3922 775 3971 fa·

233 3996 306 4045 visse
316 3994 455 4043 existimat
467 3991 583 4057 indeque
593 3992 723 4057 Hippiam
735 3992 775 4041 ia-

233 4065 285 4115 cile
306 4065 334 4113 in
350 4077 410 4112 eam
430 4061 584 4126 opinionem
607 4062 707 4111 adduci
726 4077 774 4127 po·

233 4138 333 4194 tuisse,
346 4137 377 4183 ut
390 4132 498 4182 minime
515 4131 655 4182 defuturos
673 4146 732 4182 esse
745 4133 773 4181 in

233 4204 285 4255 hac
299 4202 407 4253 Atticae
424 4207 503 4266 parte
520 4201 656 4262 crederet,
678 4203 724 4266 qui
736 4202 772 4251 ad

233 4275 318 4339 ipsius
337 4288 398 4323 cum
410 4272 502 4321 Persis
518 4270 690 4320 advenientis
709 4286 770 4336 par·

233 4352 276 4394 tes
289 4342 451 4394 accederent
467 4356 552 4406 eoque
564 4341 674 4390 Atticae
687 4357 772 4405 erpu-

232 4415 390 4478 gnatiouem
403 4412 494 4461 Persis
508 4408 652 4461 redderent
667 4410 773 4460 facilio-

233 4499 297 4533 rem.
332 4484 374 4533 De
392 4497 445 4548 quo
460 4485 523 4531 utut
537 4481 654 4545 statuis,
670 4480 771 4532 falsum

828 956 903 1040 clerte
924 1004 984 1040 esse
998 991 1129 1056 Hippiam
1147 993 1216 1041 satis
1237 994 1374 1044 novimus.

830 1060 882 1121 Qui
895 1062 921 1108 in
934 1059 1114 1110 condemnem
1126 1061 1271 1127 inquisivit
1281 1064 1373 1112 Leuke

829 1130 893 1193 (Die
904 1131 1008 1179 Demea
1018 1130 1139 1179 Attiks's
1152 1148 1178 1197 p.
1190 1132 1224 1183 ut
1236 1147 1312 1197 seqq.
1329 1134 1371 1182 ed.

827 1200 1059 1262 Westcrmann.),
1077 1202 1105 1249 in
1120 1201 1264 1266 deligendo
1276 1217 1372 1268 campo

828 1269 1001 1319 Marathonio
1029 1268 1103 1319 haud
1128 1272 1372 1335 praetermittenda

829 1354 889 1388 esse
907 1338 1055 1389 arbitratur
1073 1354 1106 1391 ea
1124 1342 1281 1403 commoda,
1303 1356 1373 1405 quae

828 1409 920 1458 Persis
930 1409 1087 1473 praebuerit
1097 1412 1179 1461 maris
1190 1412 1266 1461 sinus
1276 1420 1370 1476 aptam

829 1478 944 1528 navibus
954 1479 1101 1529 stationem
1114 1479 1259 1543 exhibens,
1274 1479 1371 1531 deinde

828 1548 942 1598 Euboea
953 1551 1077 1612 proxima
1091 1565 1108 1599 a
1120 1552 1212 1601 Persis
1224 1553 1278 1600 iam
1291 1566 1372 1601 occu·

828 1624 904 1682 pata,
919 1618 1045 1681 planities
1058 1618 1173 1685 denique
1185 1620 1371 1683 Marathonia,

829 1688 981 1752 equitibus,
1002 1688 1100 1753 quihus
1113 1688 1297 1741 excelluerunt
1308 1692 1372 1742 Per-

828 1772 889 1819 sae,
906 1758 1126 1819 accommodata;
1145 1761 1193 1811 sed
1209 1759 1278 1811 haec
1297 1776 1371 1810 com·

828 1828 909 1877 moda
932 1829 1040 1893 magnis
1062 1843 1172 1894 quoque
1193 1831 1371 1881 incommodis

828 1898 998 1962 compensari
1015 1899 1086 1949 idem
1104 1900 1216 1961 statuit,
1238 1916 1299 1951 cum
1311 1912 1372 1966 pre-

827 1972 888 2031 pter
902 1966 1016 2031 paludes
1027 1970 1173 2019 Persarum
1186 1972 1282 2035 copiae
1296 1986 1310 2020 e
1323 1985 1372 2018 na·

826 2037 907 2087 vibus
927 2040 1014 2086 miuus
1032 2038 1100 2089 bene
1119 2041 1264 2091 escendere
1277 2050 1373 2105 potue·

826 2107 883 2156 rint
895 2112 979 2172 atque
994 2109 1083 2173 ipsum
1094 2110 1235 2174 pugnandi
1250 2112 1370 2176 spatium

827 2176 857 2225 in
869 2176 984 2241 planitie
996 2178 1077 2228 valde
1091 2178 1253 2230 diminutum
1270 2181 1307 2230 ait
1321 2196 1372 2229 nec

828 2245 944 2312 denique
967 2254 1073 2298 montes
1096 2250 1181 2298 vicini
1205 2255 1264 2299 tam
1289 2250 1371 2299 facile

827 2317 1047 2381 transgrediendi
1071 2319 1186 2369 tuerint:
1218 2321 1313 2385 itaque
1342 2321 1371 2369 in

828 2401 888 2435 eam
903 2389 1067 2438 sententiam
1081 2388 1213 2451 discedit,
1232 2396 1263 2439 ut
1275 2390 1372 2439 melius

828 2456 916 2520 egisse
929 2458 1028 2508 Perses
1041 2458 1188 2521 existimet,
1199 2461 1222 2509 si
1235 2460 1271 2510 ad
1286 2459 1369 2509 aliurn

829 2540 894 2575 orae
914 2529 1022 2578 Atticae
1051 2536 1160 2592 portum
1188 2530 1371 2594 appulissent,

828 2596 886 2646 sire
901 2596 1026 2656 Prasias,
1048 2599 1105 2647 sive
1125 2600 1289 2649 Panormurn
1311 2600 1371 2651 aive

827 2666 955 2728 Sunium,
968 2667 1084 2732 indeque
1096 2670 1172 2718 rectt
1187 2670 1232 2719 via
1247 2669 1370 2719 Athenas

826 2735 980 2798 petiissent.
1016 2737 1095 2797 Quod
1116 2737 1151 2787 ad
1171 2753 1287 2803 pugnam
1306 2742 1368 2788 atti-

827 2810 888 2867 net,
910 2806 1025 2856 ltossius
1038 2805 1056 2856 1.
1076 2807 1177 2857 liudo
1197 2810 1369 2873 potissimum

827 2874 940 2925 Graecis
959 2891 1070 2926 numero
1090 2878 1265 2942 paucioribus
1283 2880 1371 2930 victo·

826 2946 895 2996 riam
909 2945 1041 3009 obtigisse
1052 2949 1165 3010 statuit,
1185 2948 1258 3012 quod
1269 2949 1368 3000 Persas

826 3015 854 3064 in
865 3017 966 3065 castris
982 3018 1053 3065 iuter
1067 3018 1186 3066 tentoria
1199 3033 1369 3069 commoran-

825 3089 867 3135 tes
885 3085 975 3135 subito
996 3086 1098 3136 suerint
1114 3089 1250 3152 aggressi3
1269 3088 1369 3140 Perses

826 3170 887 3205 mor
904 3155 946 3203 ait
962 3154 1044 3206 celeri
1061 3156 1141 3221 fuga,
1166 3159 1290 3208 omuibus
1308 3159 1371 3208 reli·

825 3225 890 3287 ctis,
916 3240 992 3275 mere
1012 3227 1126 3290 petiisse
1147 3226 1265 3293 indeque
1286 3227 1369 3278 iacile

826 3294 942 3345 navibus
957 3302 1082 3346 servatos
1097 3312 1171 3358 esse,
1190 3312 1250 3348 cum
1263 3297 1307 3349 vel
1320 3299 1368 3349 ad·

825 3364 877 3414 buc
899 3379 985 3413 naves
1011 3366 1096 3428 tales,
1123 3364 1220 3431 quales
1244 3374 1368 3419 veterum

825 3449 909 3485 nares
927 3434 1013 3485 fuisse
1029 3437 1169 3499 novimus,
1195 3440 1318 3502 proxime
1337 3437 1368 3487 li-

826 3508 869 3554 tus
881 3505 971 3569 iprum
987 3506 1116 3556 accedere
1131 3509 1247 3569 possint.
1273 3508 1366 3572 Ipsum

825 3574 942 3639 denique
956 3589 1065 3639 pugnae
1083 3576 1170 3626 locum
1187 3578 1216 3627 in
1232 3592 1266 3628 ea
1280 3577 1368 3642 plani·

826 3645 874 3694 tiei
886 3650 965 3709 parte
975 3646 1064 3709 pouit,
1077 3661 1147 3712 quae
1158 3647 1295 3697 meridiem
1307 3663 1367 3698 ser·

826 3730 872 3764 sus
892 3715 1061 3778 potissimum
1082 3722 1206 3780 spectat,
1227 3717 1368 3768 ubiAtbe·

826 3784 975 3846 niensium,
997 3787 1043 3849 qui
1061 3786 1251 3849 occubuerint,
1269 3787 1366 3837 tumuli

824 3859 945 3904 exstent:
960 3860 990 3904 tu
1001 3855 1057 3908 vid.
1070 3871 1141 3920 quae
1153 3856 1231 3920 plura
1242 3858 1367 3923 exposui-

824 3940 883 3975 mus
901 3926 929 3975 iu
943 3926 1067 3975 Exoursu
1080 3926 1115 3976 ad
1131 3927 1158 3977 h.
1173 3927 1191 3974 l.

1014 4096 1079 4149 Car.
1099 4098 1174 4149 Clll.

867 4197 1017 4265 στρατηγοὶ
1043 4196 1122 4267 δέκα]
1152 4202 1266 4254 Athenis
1288 4204 1364 4252 novi·

823 4286 882 4322 runs
906 4287 1004 4321 novem
1028 4272 1201 4323 archontibus
1226 4274 1365 4337 proximos

822 4342 972 4392 accessisse
992 4341 1087 4391 ordine
1108 4357 1141 4391 ac
1165 4342 1300 4407 dignitate
1321 4343 1366 4392 de·

822 4426 879 4460 cern
907 4406 1082 4475 στρατηγοὺς
1109 4427 1124 4460 e
1152 4412 1244 4462 decem
1274 4411 1364 4476 phylia

821 4484 939 4533 creatos.
967 4482 1039 4532 llinc
1052 4481 1089 4535 VI
1097 4517 1103 4545 ,
1123 4480 1172 4532 104
1185 4479 1232 4533 flu.
1245 4476 1368 4531 Matrini.
