3010 5134
247 317 309 380 582
681 316 949 377 HERODOTI

248 495 290 570 οά
313 499 582 586 παραμέμνημαι.
621 488 784 579 οὔτεγὰρ
807 497 926 573 ἔθνεος
941 491 1081 562 ἑκάστου
1103 490 1231 574 ἐπάξιοι
1253 480 1332 578 ἦσαν
1344 489 1371 555 οἶ

249 599 426 693 ἡγεμόνες,
448 604 485 668 ἒν
499 625 536 667 τε
560 603 657 666 ἔθνει
677 597 803 688 ἑκάστω
824 592 898 665 όσαι
919 623 982 685 τιερ
1005 597 1136 679 ιτόλιες,
1157 599 1307 665 τοσοῦτοι
1325 592 1370 658 uni

249 705 410 795 ἡγεμόνες
433 695 528 791 ήσαν.
567 705 700 769 εἵποντο
721 699 759 768 δὲ
781 694 825 779 ὡς
844 699 886 768 οὐ
905 703 1101 789 στρατηγοὶ,
1122 695 1199 768 ἀλλ’
1221 694 1329 779 ω”σιτερ
1346 698 1374 763 οἱ

250 809 345 878 άλλοι
359 804 616 893 στρατευόμενοι
631 809 756 874 δοῦλοι.
789 805 861 873 ἐπεὶ
876 812 1057 893 στρατηγοί
1067 832 1103 872 τε
1117 807 1152 871 οἱ
1162 799 1199 871 τό
1209 806 1279 869 πᾶν
1292 807 1373 885 izos-¹

252 941 306 992 τες
320 911 439 998 κράτος
452 911 508 977 καὶ
518 906 677 995 όρχοντες
690 912 759 975 τῶν
768 908 899 977 ἐθνέων
914 908 1079 992 ἑκάστων,
1094 903 1166 977 ὅσοι
1176 902 1290 974 αὐτῶν
1303 895 1373 991 ἦσαν

206 1026 245 1087 97
256 1019 400 1101 Πέρσαι,
425 1016 572 1101 εἰρέαταί
589 1039 654 1099 μοι.
711 1014 778 1079 Τοῦ
804 1012 840 1079 δὲ
867 1017 1029 1080 ναυτικοῦ
1056 1008 1278 1098 ἐστρατήγεον
1299 1011 1372 1074 αἴθε·

250 1118 463 1205 Ἀριαβίγνης
482 1143 517 1184 τε
531 1109 549 1183 ὁ
565 1120 731 1201 Δαρείου,
755 1116 810 1182 καλ
824 1115 1027 1204 Πρηξάσπης
1048 1112 1066 1184 ὁ
1082 1112 1313 1193 Ἀσπαθίνεω,
1329 1109 1375 1176 καλ

253 1221 452 1308 Μεγάβαζος
467 1215 484 1286 ό
501 1219 728 1306 Μεγαβάτεω,
752 1219 807 1285 καὶ
825 1215 1018 1307 Ἀχαιμένης
1033 1215 1050 1287 ὁ
1066 1225 1226 1303 Δαρείου.
1259 1220 1313 1302 τῆς
1325 1212 1377 1301 μὲν

251 1324 353 1403 Ἰάδος
367 1350 402 1392 τε
418 1324 473 1390 καὶ
489 1326 638 1408 Καρικῆς
651 1326 805 1408 στρατιῆς
823 1318 1050 1411 Ἀριαβίγνης,
1066 1319 1083 1389 ό
1099 1326 1252 1407 Δαρείου
1266 1346 1299 1387 τε
1313 1330 1377 1393 ταῖς

254 1432 309 1499 καὶ
324 1434 380 1516 τῆς
394 1425 563 1513 Γωβρόεω
583 1421 771 1510 θυγατρός,
794 1431 993 1510 Αἰγυπτίων
1014 1425 1051 1495 δὲ
1067 1423 1266 1512 ἐστρατήγεε
1282 1419 1377 1506 Ἀχαι·

255 1536 374 1622 μένης,
409 1533 539 1616 Ξέρξεω
562 1525 627 1597 ἐάν
646 1523 705 1595 ἀπ’
723 1523 923 1615 άμφοτέρων
943 1527 1125 1616 ἀδελφεός,
1152 1532 1211 1613 τῆς
1232 1525 1271 1595 δὲ
1290 1522 1378 1608 ἄλλης

254 1639 409 1723 στρατιῆς
431 1631 652 1720 ἐστρατήγεον
667 1634 702 1698 oi
720 1629 793 1699 δύο.
829 1633 1057 1720 τριηκόντεροι
1074 1633 1111 1701 δὲ
1132 1633 1191 1705 καὶ,
1207 1627 1378 1727 πεντηκόνι·

256 1809 382 1873 scripsit:
401 1796 529 1884 ἐνθαῦτα
542 1793 798 1868 άναγιιαληέξὲργο-
849 1822 939 1857 sarum
960 1807 1045 1871 stirpe
1062 1809 1197 1871 genteque
1214 1803 1380 1854 Achaemeni-

256 1892 306 1942 μαι
317 1869 434 1941 γνιόμην
453 1868 669 1934 αποδέξαοθαιε
696 1873 728 1922 de
745 1888 799 1937 qua
850 1877 944 1927 darum
958 1876 1130 1927 nobilissima
1145 1875 1293 1940 prognati,
1309 1877 1336 1922 nt
1346 1888 1380 1922 su·

257 1952 394 1997 strnotura
411 1945 480 1995 dixit
497 1943 631 1994 Matthiae
648 1942 693 1991 Gr.
708 1943 755 1993 Gr.
773 1944 796 2006 5.
851 1962 900 2011 pra
911 1946 970 1997 dixi
979 1947 1014 1996 ad
1023 1945 1136 2007 vrum.
1157 1942 1381 2009 Atqnehisumrni

256 2017 317 2066 52³5.
336 2022 393 2065 not.
408 2014 432 2062 3-
471 2014 510 2064 Ac
530 2012 650 2077 pertinet
665 2011 716 2061 hue
734 2027 800 2076 quo·
851 2017 934 2068 duces
948 2020 1080 2067 vocantur
1100 2012 1258 2078 στρατηγοί
1264 2034 1270 2064 :
1289 2013 1332 2077 qui
1347 2012 1381 2060 his

258 2100 323 2150 que,
342 2082 414 2148 quod
426 2099 488 2132 mox
499 2082 614 2148 iegitur,
627 2096 688 2145 oap.
702 2080 735 2129 uu
749 2082 801 2131 ini·
850 2086 952 2136 subditi
972 2084 1086 2149 singuiis
1106 2084 1235 2150 gentibus
1260 2082 1382 2145 imperita·

257 2157 312 2204 tio:
338 2150 393 2200 τῶν
408 2148 459 2216 uir
475 2166 528 2201 νυν
543 2144 635 2200 ἄλλων
655 2142 689 2199 οὗ
709 2166 799 2212 παρα·
850 2156 931 2214 bant,
952 2158 1084 2206 vocantur
1097 2153 1179 2219 paulo
1196 2158 1283 2204 antes
1295 2143 1382 2216 ἡγεμό-

257 2221 399 2285 μέμνημαι
430 2215 620 2285 ταξιαρχέων,
656 2211 699 2276 ὥς
736 2214 798 2270 οὐκ
851 2239 906 2281 νες.
930 2227 994 2276 Mox
1005 2228 1067 2289 post
1077 2240 1158 2274 voees
1169 2216 1229 2272 ἐττελ
1244 2214 1382 2283 στρατηγοὶ

256 2284 275 2341 ἆ
284 2284 481 2354 λαλκαζόμέ
491 2305 560 2351 w,
582 2281 752 2353 ’Ᾱοῑέμῑσίηε
767 2281 799 2338 ὃ]
851 2312 866 2346 e
881 2295 1039 2345 Florentino
1058 2294 1163 2345 inserui
1179 2307 1220 2355 τε,
1243 2288 1381 2355 Βοθιιιίρλ.

257 2360 355 2411 ιι.τ.λ.
396 2364 436 2412 Ae
456 2361 547 2426 prodit
566 2376 632 2410 sane
650 2359 718 2409 haee
740 2364 799 2409 tota
851 2371 879 2416 et
897 2364 986 2416 Gaiss.
1006 2366 1126 2414 sanutus.
1162 2362 1200 2413 Ad
1221 2351 1382 2412 formasset-

258 2432 402 2496 soriptoris
423 2432 566 2482 excusatio
587 2431 705 2478 animum
720 2427 801 2480 liber·
851 2427 947 2498 ρέαται
958 2432 1029 2488 soni.
1046 2438 1115 2484 nott.
1132 2432 1167 2483 ad
1182 2433 1230 2495 Vi,
1246 2433 1291 2483 53.

259 2502 328 2551 tatis
342 2516 424 2551 sensu
435 2503 475 2550 ita
490 2500 632 2561 imbutum,
646 2504 677 2549 ut
689 2498 801 2550 silentio

259 2572 442 2637 praetermitti
455 2569 522 2621 velit
532 2570 642 2619 nomina
654 2569 751 2619 dueum
760 2570 812 2618 in!

258 2641 397 2697 seriorum,
410 2643 456 2706 qui
466 2644 594 2705 tanquam
604 2642 673 2689 servi
680 2639 803 2688 militant
1026 2639 1090 2691 Car.
1109 2638 1223 2691 XCVII.

259 2726 292 2760 ae
302 2710 402 2760 servile
413 2710 573 2774 obsequium
582 2724 641 2759 cnm
651 2713 802 2774 praestent,

259 2779 366 2843 indigni
386 2779 548 2842 rideantur,
570 2780 617 2843 qui
636 2778 739 2844 singuli
754 2793 802 2828 uo·
887 2768 1075 2843 Πρηξάσπης]
1090 2776 1328 2840 AliusPrexaspes
1340 2773 1383 2833 lii,
1454 2770 1455 2831 ζ

259 2850 378 2899 minibus
393 2851 450 2900 suia
463 2850 647 2914 proferantur.
852 2848 895 2906 30.
908 2848 942 2899 62
955 2863 1032 2913 seqq.-
1060 2849 1123 2897 Mox
1138 2861 1248 2908 omnes,
1264 2850 1384 2910 qnantum
1454 2850 1455 2891 ἶ

268 2973 280 2999 ,
294 2908 423 2980 οὔτεγὰρ
439 2916 541 2973 ἔθνεος
555 2911 673 2967 ἑκάστου
689 2907 802 2976 ἐπάξιοι
852 2908 1182 2982 ιοίο,1ὶ]ιιίΜεγάβαζος;
1197 2917 1325 2977 conniv,
1335 2912 1384 2964 143.
1454 2946 1455 2983 3

259 3000 333 3049 ηοαν
345 2980 376 3036 ολ
386 2979 533 3051 ἡγεμόνες]
551 2989 638 3051 Neque
648 2988 709 3035 enim
719 2989 802 3035 caim·
852 2988 974 3037 Vocatur
986 2986 1057 3037 filius
1067 2978 1252 3052 Μεγαβάτεω,
1267 2984 1336 3051 quod
1346 2981 1385 3031 ad·
1454 2986 1455 3049 ζ

260 3071 307 3122 que
319 3059 409 3120 popuii
421 3059 497 3107 dures
513 3058 583 3120 dipni
595 3064 684 3107 τναιιι.
699 3070 801 3119 quorum
852 3062 946 3107 monet
966 3056 1109 3121 Aeschyli,
1131 3056 1205 3122 apud
1225 3071 1305 3120 quem
1324 3054 1385 3103 inter

256 3129 331 3189 fieret
348 3128 449 3185 mentio,
469 3132 497 3176 et
510 3129 534 3175 io
552 3139 697 3189 unoquoque
707 3128 801 3187 populo
852 3127 998 3178 Persarum
1012 3127 1094 3176 duces
1107 3118 1278 3189 Μεγαβάτης
1292 3120 1385 3174 inveni·
1454 3162 1455 3191 η

260 3201 296 3245 tot
310 3196 383 3243 eriam
397 3203 471 3245 eraut
481 3195 558 3244 duces
570 3201 629 3258 quot
642 3193 717 3243 urbes
731 3210 752 3243 s.
766 3198 803 3245 ci·
854 3201 906 3247 tur.
934 3197 976 3246 De
989 3196 1162 3258 Ariasmene,
1177 3196 1257 3245 Darii
1270 3195 1339 3252 fiiio,
1354 3188 1384 3239 ei.
1454 3194 1455 3201 ’

260 3265 359 3314 sicaries.
384 3266 426 3315 De
438 3263 579 3328 particulis
589 3250 731 3312 οότε-τε
745 3264 801 3314 rid.
853 3267 907 3327 111,
922 3267 1069 3319 ιιειοοιι.
1082 3265 1116 3316 ad
1127 3265 1179 3327 ΙΙΙ,
1191 3264 1235 3317 88.
1262 3265 1314 3326 Qui
1326 3261 1385 3310 idem

261 3331 346 3401 aiiata
362 3334 397 3383 ad
413 3335 466 3395 VI,
489 3334 510 3383 1.
546 3324 657 3392 ἐπάξιοι
679 3350 739 3383 oum
761 3349 803 3383 re·
854 3350 915 3385 mox
934 3343 1050 3386 sonatur
1066 3331 1178 3395 Ξέρξεω
1197 3326 1253 3382 ἐάν
1271 3328 1323 3382 αἴτ’
1342 3322 1386 3389 oiu-
1454 3340 1455 3359 ¹

261 3408 343 3451 eentt.
355 3403 415 3454 edd.
428 3404 542 3461 retinni3
562 3418 624 3453 uam
634 3396 760 3465 άπάξιοι,
771 3408 803 3451 nt
853 3401 983 3467 φοτέρων
1000 3398 1153 3469 ἀδελφεός,
1176 3404 1193 3456 ἰ.
1207 3419 1231 3455 e.
1248 3396 1386 3463 πατρόθεν

260 3471 352 3536 piures
368 3474 501 3537 praebent
521 3472 598 3535 libri,
620 3473 653 3521 ah
672 3472 802 3522 hocloco
853 3470 901 3523 aui
914 3469 1079 3538 μητρόθεν,
1097 3475 1221 3539 geminus
1241 3473 1339 3529 irater,
1358 3484 1386 3518 ex

261 3541 518 3604 ο1ῑεοιιοινίόοιοι·,
539 3548 569 3592 ui
587 3542 685 3593 dudum
699 3544 803 3592 monuit
855 3560 909 3595 uno
926 3543 1074 3609 eodemque
1092 3550 1169 3609 patre
1185 3560 1219 3594 ao
1235 3547 1321 3593 matre
1334 3555 1386 3604 pro·

261 3611 423 3678 Wesseling.
447 3614 474 3662 ia
499 3612 644 3661 Dissertai.
669 3611 802 3661 Herodot.
855 3622 964 3679 gnatus.
999 3614 1041 3665 ad
1066 3604 1236 3679 άμφοτὲρων
1255 3606 1387 3663 subaudiri

260 3680 433 3748 xl.p.1u4‚
454 3698 514 3733 oum
537 3673 655 3742 άπάξιοι
676 3682 804 3731 dieantur
855 3683 951 3733 volant
963 3676 1069 3733 τοκέων
1085 3702 1106 3735 s.
1121 3681 1238 3749 γονέων.
1265 3677 1386 3733 Idemii·

261 3751 368 3817 indispari:
384 3753 418 3803 de.
434 3768 504 3803 voce
518 3741 636 3812 ἐπάξεις
649 3752 717 3800 idem
732 3752 801 3801 exoi·
854 3754 933 3803 eendi
948 3770 1034 3820 genus
1051 3770 1134 3818 supra
1154 3753 1211 3815 111,
1229 3753 1260 3804 31
1282 3757 1309 3802 et
1323 3746 1386 3812 apud

261 3821 738 3887 tatAesehyi.Eumenid.27·2.438.
756 3821 803 3871 So·
855 3823 1036 3883 Pausaniam,
1063 3823 1195 3874 Herodoti
1221 3823 1385 3874 imitatorem.

262 3886 351 3970 phogl.
368 3890 436 3941 Ood.
451 3890 509 3943 eol.
523 3891 573 3941 792
589 3897 642 3940 eto.
855 3892 915 3954 111,
928 3895 954 3946 4.
970 3896 993 3956 ξ.
1009 3894 1025 3943 5
1039 3893 1102 3944 coll.
1120 3892 1148 3949 Ι.
1164 3894 1179 3941 7
1195 3892 1256 3942 init.
1288 3890 1385 3942 indies-

306 3974 399 4019 ωσπερ
428 3953 458 4008 οῖ
476 3950 554 4009 ἄλλοι
587 3952 802 4022 στρατευόμενοι
854 3962 896 4011 rit
916 3961 1046 4013 Sohaefer
1070 3958 1386 4014 adnumeratione

262 4027 375 4095 δοῦλοι]
386 4033 485 4080 Vocem
496 4027 595 4079 δοῦλοι
607 4028 703 4080 melius
714 4031 805 4079 omitti
856 4032 957 4096 ellipse.
975 4049 1036 4098 pag.
1053 4033 1095 4084 88.

262 4107 341 4167 putat
355 4099 517 4150 Valckenar.
544 4103 579 4150 At
592 4100 647 4152 rid.
659 4104 755 4150 notata
769 4099 804 4149 ad
896 4101 1024 4166 Καρικῆς
1042 4099 1184 4167 στρατιῆς]
1206 4101 1344 4152 Sanerofti
1360 4095 1386 4144 Ιί-

245 4172 363 4231 ,v11,o.
396 4170 504 4220 Etenim
518 4186 566 4235 per
579 4175 762 4235 contemptum
778 4174 805 4218 et
855 4172 903 4222 ber
918 4171 1035 4237 Καρίης.
1064 4165 1383 4239 Conf.Herodot.i,171

264 4240 440 4305 ignominiam
460 4240 588 4291 dicuntur
606 4236 720 4302 θοόλοι,
745 4255 805 4290 oum
857 4246 884 4292 et
902 4241 1032 4307 Stephon.
1048 4243 1115 4307 Bya.
1131 4257 1152 4291 s.
1172 4257 1200 4291 v.
1219 4237 1312 4302 Καρία
1328 4251 1383 4303 pag.

265 4303 416 4375 στρατηγοὶ
436 4302 466 4357 ολ
485 4301 517 4359 τὸ
536 4310 594 4359 πᾶν
608 4302 720 4373 ἔχοντες
739 4301 805 4370 ιιρά·
856 4313 917 4362 448.
931 4340 963 4348 -
985 4314 1016 4362 ln
1036 4327 1111 4377 seqq.
1131 4303 1161 4359 ολ
1177 4302 1231 4360 δύο
1248 4313 1312 4362 suut
1329 4307 1385 4356 Pre-

268 4394 315 4438 τος
330 4382 428 4431 Persae
441 4386 531 4431 essent
546 4381 620 4446 iique
634 4380 734 4444 eregia
744 4380 806 4429 Per·
855 4396 953 4445 :cuspes
967 4388 994 4434 et
1008 4381 1174 4447 Μεροθοτιιε,
