2970 5128
251 402 312 477 iil
687 406 953 476 HERODOTI

251 592 392 671 σθέντες
410 583 477 657 ύπό
490 589 644 675 βασιλέος
659 595 809 675 Δαρείου
822 587 1104 678 συνεστράφησαν
1117 586 1173 657 καλ
1186 582 1310 675 ήλασαν
1322 585 1372 675 μέ·

252 720 306 780 χρι
327 698 385 780 τῆς
398 691 614 779 Χερσονήσου
630 692 767 780 ταύτης·
796 693 935 771 τούτους
956 692 1109 769 ἐπιόντας
1128 688 1191 759 ούκ
1204 687 1374 777 ὑπομείνας

252 791 270 863 ό
284 796 473 881 Μιλτιάδης
487 802 610 881 ἔφευγε
624 793 689 864 σἰπό
704 795 937 884 Χερσονήσου,
953 798 986 874 ἐς
1001 790 1113 863 doira
1130 793 1266 862 Σκύθαι
1280 790 1373 878 ἀπηλ-

252 897 443 986 λάχθησαν,
465 905 525 965 καί
542 924 601 984 μιν
622 903 656 967 ol
668 899 835 987 Δόλογκοι
848 895 1038 985 κατήγαγον
1058 893 1177 967 ὀπίσω.
1204 896 1375 983 ταῦταμὲν

254 1000 296 1089 δή
315 1009 416 1092 τρίτῳ
441 1006 509 1069 ἔτεϊ
537 1000 700 1089 πρότερον
720 1001 874 1089 ἐγεγόνεε
902 1006 970 1069 τῶν
993 1000 1068 1069 τότε
1089 1029 1149 1090 μιν
1169 999 1375 1086 κατεχόντων.

206 1106 243 1166 41
261 1105 340 1174 Τότε
362 1105 397 1173 dl
419 1104 678 1192 πυνθανόμενος
694 1105 781 1174 εἶναι
798 1104 876 1185 τούς
896 1112 1057 1183 Φοίνικας
1075 1106 1114 1173 έν
1134 1106 1281 1194 Τενέδῳ,
1303 1111 1376 1187 πλη-

253 1207 363 1294 ρύοας
383 1206 537 1295 τριήρεας
562 1211 661 1276 πέντε
684 1208 861 1297 χρημάτων
882 1212 950 1276 τῶν
974 1206 1171 1297 παρεόντων
1190 1203 1331 1275 ἀπέπλεε
1349 1209 1377 1283 ές

252 1310 311 1390 τὰς
329 1307 483 1397 Ἀθήνας.
511 1312 566 1379 καλ
581 1307 694 1399 ὥσπερ
710 1309 850 1400 ὡρμήθη
863 1315 900 1380 ἐκ
909 1317 1060 1399 Καρδίης
1074 1310 1208 1396 πόλιος,
1223 1316 1316 1378 ἔπλεε
1329 1304 1377 1376 διό

252 1419 312 1482 τοῦ
328 1417 486 1492 Μέλανος
499 1412 645 1499 κόλπον,
668 1415 893 1504 παραμείβετό
906 1441 942 1482 τε
956 1412 1018 1503 τήν
1031 1412 1266 1501 Χερσόνησον,
1287 1414 1336 1480 καλ
1350 1414 1378 1477 ol

253 1518 408 1597 Φοίνικές
423 1521 456 1585 oi
468 1525 705 1605 περιπίπτουσι
719 1524 793 1606 τῇσι
808 1524 918 1607 νηυσί.
946 1514 1046 1596 αὐτός
1059 1518 1121 1604 μὲν
1136 1516 1180 1605 δή
1195 1516 1414 1600 Μιλτιάδηςιῡσ

254 1618 319 1689 σύν
339 1624 415 1709 τῇσι
433 1622 585 1709 τέσσερσι
599 1626 667 1690 τῶν
682 1627 769 1690 νεῶν
782 1621 986 1708 καταφεύγει
1001 1619 1199 1709 έςἼμβρον,
1220 1617 1281 1707 τήν
1300 1621 1336 1687 δέ
1350 1620 1378 1683 οί

255 1726 408 1812 πέμπτην
435 1728 503 1793 τῶν
523 1729 612 1793 νεῶν
631 1735 787 1795 κατεῖλον
809 1721 989 1803 διώκοντες
1016 1728 1052 1792 oi
1068 1731 1238 1803 Φοίνικες.
1271 1727 1326 1810 τῆς
1344 1720 1376 1788 di

284 1887 520 1959 συνεστράφησαν
530 1893 577 1945 καλ
586 1885 706 1964 ἤλασαν]
717 1899 796 1960 „Oua
845 1895 936 1947 sinum
954 1911 1019 1944 vero
1041 1894 1078 1944 ab
1094 1894 1197 1960 oppido
1218 1909 1301 1959 prope
1322 1892 1377 1950 sito,

253 1983 281 2015 sa
293 1969 318 2015 in
329 1982 401 2015 ιιιιιαιι
409 1966 600 2030 οοιιρίοίιαιιεκι
614 1966 731 2031 Scythae
742 1969 797 2017 No·
846 1980 918 2015 nuno
938 1971 1030 2015 autem
1048 1964 1205 2026 destructo,
1229 1965 1275 2014 oui
1291 1975 1377 2011 nomon

254 2036 365 2098 mades,
386 2034 502 2084 adleuare
523 2051 601 2100 aspre
619 2037 796 2086 consonam
846 2034 936 2093 Saros,
948 2034 1091 2084 nominari.
1106 2034 1168 2084 Vid.
1181 2029 1378 2083 Mannert.Vll.

251 2111 439 2167 processerunt.
462 2105 515 2153 Pro
526 2100 760 2170 κατεστρύφησαν
773 2106 796 2168 Ι,
847 2120 910 2168 pag.
938 2103 988 2154 los
1016 2119 1072 2168 seq.
1101 2111 1129 2154 et
1155 2102 1221 2154 add.
1246 2101 1380 2163 Porbiger:

255 2174 306 2225 130
324 2172 383 2239 [ubi
398 2171 452 2223 vid.
465 2178 552 2232 nott.3
576 2173 637 2223 add.
652 2176 705 2238 lv,
721 2173 766 2239 12]
782 2191 796 2225 e
847 2173 957 2223 Handb.
976 2171 1001 2223 d.
1016 2173 1065 2226 alt.
1084 2172 1240 2238 Geograph.
1258 2172 1309 2221 ΙΙΙ.
1326 2183 1380 2233 pag.

254 2244 332 2295 codd.
359 2243 455 2293 merito
481 2250 618 2308 reccptum
648 2239 797 2305 κατεστρα·
850 2244 926 2294 toro.
959 2243 1112 2294 Lsrcherus
1131 2260 1145 2292 e
1161 2242 1275 2292 Melstio
1296 2239 1378 2297 tradit,

254 2312 389 2376 φθησανι
414 2311 458 2362 hic
480 2312 552 2362 torte
575 2312 722 2364 solemnem
743 2313 796 2363 sibi
847 2313 936 2362 sinum
948 2312 1083 2362 Molonem
1096 2327 1169 2361 nunc
1190 2313 1285 2363 vocari
1298 2308 1379 2369 Μερο·
1464 2338 1465 2369 η

254 2388 384 2448 posuerat
396 2381 510 2431 formam
526 2375 795 2446 σννεστρύφθησαν,
846 2383 927 2435 αἰτίαν
939 2396 961 2430 s.
977 2382 1153 2447 Μαρανίεεοιι,
1172 2382 1284 2431 fluvium
1300 2375 1382 2442 appel·

255 2457 282 2503 et
302 2453 346 2513 ΙΙ,
374 2452 421 2502 1⁴21
445 2442 699 2515 έπετραφθέντοιν,
725 2451 796 2518 quod
846 2450 900 2500 lari
913 2452 1034 2505 Larissa.

254 2522 361 2587 placuit
377 2521 507 2571 Abresolr.
524 2521 579 2572 Dii.

254 2591 334 2642 '209f‘
353 2593 378 2641 V
383 2590 551 2667 qlclenar.
578 2592 658 2653 Quod
672 2592 796 2641 dedimus
847 2622 889 2671 De

255 2674 505 2723 ουνεστραφησαν,
542 2660 683 2711 Herodoto
715 2661 797 2711 unice

254 2730 383 2781 convenit
398 2729 460 2779 aliis
476 2745 584 2795 quoque
602 2729 669 2779 locis
682 2731 795 2780 osudcm

255 2801 369 2849 sormam
383 2799 542 2862 praebenti,
554 2801 588 2850 de
601 2815 655 2863 qus
665 2800 720 2849 vid.
732 2800 797 2849 Bre-

596 2522 718 2586 Thucld·
733 2538 794 2585 ΡΨ·
882 2546 930 2601 καὶ
942 2546 972 2601 οἱ
981 2546 1114 2611 Φοίνικές
1125 2546 1160 2602 οἴ
1174 2544 1380 2614 περιπίπτουσι]

901 2622 995 2671 dativo
1009 2619 1039 2671 οἴ
1046 2623 1099 2673 vid.
1113 2628 1181 2672 nott.
1196 2623 1230 2672 ad
1244 2623 1266 2681 1,
1276 2619 1317 2672 tl.
1340 2618 1379 2666 Sic

848 2707 924 2741 mox:
950 2684 1002 2756 τήν
1021 2685 1054 2740 δέ
1076 2685 1107 2739 oi
1123 2686 1255 2757 πέμπτην
1279 2705 1305 2738 τι.
1322 2702 1342 2735 τ.
1358 2685 1377 2733 λ.

849 2759 958 2817 Imbros,
979 2763 1051 2826 qnod
1070 2763 1139 2810 satis
1155 2766 1281 2822 constat,
1297 2755 1378 2821 exigui
1463 2818 1464 2823 ¹

847 2831 965 2879 ambitus
996 2837 1038 2880 est
1068 2831 1157 2882 insula
1189 2846 1274 2897 prope
1297 2830 1379 2876 Samo·

255 2869 318 2919 (λον.
332 2886 359 2934 p.
372 2868 432 2921 350.

273 2930 795 3002 ἕφευγε]1στοιιίιοίοειοιτεοοηιι.οι1ελ.

253 3021 303 3069 pro
313 2999 408 3069 ἔφυγε,
422 3006 492 3070 quod
504 3005 567 3056 libri
581 3012 722 3070 respuunt.
744 3009 796 3056 Pro

252 3067 798 3137 αἱπόΧερσονήσουιιΙίἰοοιὶό.Χερσόνη·

255 3157 306 3192 σον
324 3146 383 3195 sino
402 3134 469 3194 ύπό.
505 3144 537 3193 ln
551 3143 710 3193 Florentino
727 3144 796 3194 libro

254 3228 360 3277 unoque
386 3213 513 3263 Parisino
540 3219 685 3278 utrumque
710 3214 796 3276 deest,

254 3282 327 3346 quod
342 3299 357 3332 e
373 3281 477 3332 scholio
492 3283 635 3345 irrepsisse
649 3283 677 3331 iu
693 3287 796 3332 textum

253 3353 410 3416 suspicatur
436 3350 652 3415 Schweighaens.
672 3380 706 3391 —
730 3354 795 3402 Mox

254 3436 303 3486 pro
313 3419 386 3486 vulg.
392 3411 618 3484 ἀπαλλάχθησαν
628 3421 690 3470 dodi
698 3411 738 3469 ύπ
745 3437 762 3484 η
770 3423 796 3470 λ-

254 3484 404 3553 λύγθησαν
420 3496 451 3539 ut
466 3493 503 3555 V,
519 3492 553 3542 oo
568 3490 626 3555 (ubi
643 3490 698 3540 vid.
712 3492 795 3557 nott.)

254 3560 399 3623 etvms.

445 3730 509 3782 Car.
530 3729 602 3780 xm.

291 3830 362 3884 Τότε
383 3828 414 3884 δέ
433 3828 654 3897 πυνθανόμενος
673 3849 698 3886 κ.
718 3849 740 3882 τ.
755 3833 791 3901 λ]

254 3906 331 3955 Haeo
348 3906 444 3969 igitur,
466 3910 497 3953 nt
513 3904 547 3952 ad
567 3920 627 3967 cap.
639 3904 673 3954 40
689 3906 795 3954 monui·

254 3990 329 4035 mus,
358 3980 434 4025 arcto
456 3974 628 4025 annectenda
650 3974 699 4035 iis,
724 3989 795 4038 quas

254 4060 314 4108 cap.
331 4045 365 4094 ss
379 4050 499 4094 extremo
513 4049 682 4095 enarrantur.

290 4110 368 4162 ἔπλεε
385 4106 435 4162 διὰ
454 4110 505 4162 τού
520 4106 654 4168 Μέλανος
672 4103 794 4176 κόλπον]

255 4184 383 4233 Eiusdem
400 4185 476 4234 sinus
491 4184 590 4233 mentio
602 4183 669 4243 Vll,
685 4182 732 4237 58.
751 4182 795 4231 cni

846 2899 975 2960 thrucco,
998 2901 1043 2950 cni
1058 2900 1130 2949 haud
1143 2915 1208 2951 raro
1221 2901 1377 2949 accensetur.

846 2969 926 3019 Nunc
938 2970 1093 3034 appellatur
1107 2970 1200 3020 Imbro.
1225 2968 1285 3019 Vid.
1296 2963 1379 3016 Forbi·

848 3054 896 3103 ρει·
909 3038 927 3087 l.
945 3038 963 3089 l.
981 3054 1043 3103 pag.
1059 3040 1139 3097 lint,
1153 3040 1200 3104 qni
1213 3054 1303 3089 omnes
1315 3041 1379 3084 rete-

847 3122 906 3156 rum
923 3109 1086 3173 scriptorum
1098 3109 1174 3158 locos
1187 3109 1222 3158 da
1235 3108 1285 3157 bac
1300 3102 1380 3154 insula
1462 3156 1463 3179 ἦ

848 3177 979 3226 exhibuit.
989 3206 1019 3213 -
1028 3178 1081 3227 Pro
1094 3173 1233 3241 τέσσαρσι,
1242 3174 1310 3243 quod
1318 3176 1379 3223 Mat·
1462 3208 1463 3213 ,

847 3246 923 3297 thiae
936 3263 950 3297 o
962 3247 1121 3297 Florentino
1134 3252 1161 3296 ct
1171 3246 1309 3297 Sancrosti
1319 3242 1378 3291 libro
1435 3240 1439 3249 ⁴

846 3321 1045 3380 assumpserat,
1060 3317 1188 3366 revocavi
1198 3333 1259 3367 cnm
1273 3318 1378 3364 recenti.

849 3386 909 3435 cdd.
930 3383 1067 3449 τέσσερσι,
1088 3401 1160 3450 quaa
1178 3401 1234 3435 nna
1248 3387 1331 3435 torma
1345 3389 1380 3429 cst

848 3454 990 3505 Herodoto
1004 3457 1184 3513 conveniens;
1202 3455 1258 3508 vid.
1275 3450 1379 3503 Bredor·
1461 3494 1462 3509 2

846 3539 873 3588 p.
891 3523 947 3574 136.

886 3626 1026 3692 κατεῖλον]
1055 3629 1073 3677 i.
1097 3644 1121 3677 ε.
1144 3625 1377 3692 deprehenderunt.

845 3707 973 3759 repertore,
983 3703 1014 3747 nt
1024 3699 1070 3756 Vl,
1080 3697 1115 3746 29
1125 3697 1187 3747 coll.
1199 3699 1232 3757 V,
1241 3699 1283 3748 to.
1297 3696 1378 3756 Quare

844 3781 899 3815 non
912 3782 980 3832 opus
994 3767 1125 3832 refingsra
1139 3768 1271 3829 κατεῖχον
1286 3763 1325 3813 rel
1338 3775 1378 3825 po·

846 3837 902 3886 tius
916 3833 1055 3900 κατήγου,
1079 3835 1151 3900 quod
1172 3837 1200 3886 in
1213 3840 1327 3886 mentem
1338 3844 1377 3878 νι-

845 3912 926 3956 nerst
938 3906 1134 3969 Valckenario,
1156 3908 1196 3956 ita
1210 3911 1241 3955 nt
1253 3897 1377 3953 Miltiadis

845 3990 943 4025 narem
955 3975 1053 4039 opibus
1061 3982 1186 4025 onustam
1199 3976 1225 4023 in
1237 3988 1313 4023 suum
1324 3982 1377 4019 eon·

846 4045 978 4094 verterint
988 4050 1095 4108 portum
1109 4042 1258 4109 (κατήγου)
1273 4035 1377 4091 Phoeni·

845 4130 891 4163 ces
903 4115 1094 4179 insequentes,
1111 4115 1229 4179 indeque
1242 4108 1377 4162 escenden-

846 4189 888 4232 tos
900 4191 1010 4248 captum
1023 4182 1187 4234 Metiochum
1199 4184 1233 4232 nd
1243 4195 1328 4245 regem
1339 4175 1377 4223 do·

255 4268 352 4302 nomen
369 4251 545 4317 probabiliter
561 4252 674 4301 inditum
690 4268 706 4301 a
719 4251 795 4300 Mela
846 4252 973 4303 duxerint
996 4246 1154 4316 (α’νήγαγον
1175 4245 1253 4314 παρύ
1274 4236 1377 4315 βασιλέα

255 4323 352 4385 fluvio,
372 4323 417 4387 qui
439 4338 523 4386 prope
538 4322 664 4371 Cardiam
686 4321 714 4370 in
733 4336 794 4370 cum
845 4350 879 4359 --
899 4324 938 4372 ita
957 4323 1028 4373 enim
1050 4322 1222 4373 scribendum
1241 4335 1290 4383 pro
1308 4313 1376 4381 βασι-

253 4391 341 4454 ipsum
354 4393 436 4441 maris
446 4393 532 4441 sinum
543 4408 571 4440 sc
582 4391 703 4442 etlnndit.
716 4391 794 4441 Nnno
844 4390 919 4456 λήα),
941 4392 1166 4443 Metiocdinomen
1177 4390 1296 4457 pluribus
1303 4383 1375 4435 ‚ttlre-

253 4461 331 4510 fluvii
344 4477 439 4511 nomon
455 4478 514 4512 csse
531 4464 645 4509 narrant
656 4460 793 4523 Silere-Su,
844 4462 984 4513 aiensibus
997 4461 1083 4513 luisse
1092 4467 1207 4528 apparet
1217 4477 1250 4511 ex
1261 4458 1304 4522 iia,
1315 4465 1377 4521 quat
