2986 5130
222 354 285 416 656
658 357 927 419 HERODOTI

223 558 276 600 ειν
293 527 399 618 ἠπίως
418 535 625 618 χρησθῆναι,
648 529 733 601 άλλά
755 521 839 618 ὦδε,
866 523 907 600 Ὦ
929 539 1062 619 σχετλίη
1083 534 1253 620 Σαλαμὶς,
1283 529 1382 600 ἀντὶ·

223 639 284 703 τοῦ
308 626 350 703 Ὠ
374 642 454 721 θείη
473 640 641 722 Σαλαμίς·
683 646 778 723 εἰπερ
803 663 841 723 γε
864 641 1004 724 ἔμελλον
1023 639 1059 704 oi
1076 635 1247 726 οἰκήτορες
1268 632 1358 723 ἄμφ’

223 733 307 826 αὐτῇ
324 738 546 826 τελευτήσειν.
579 735 664 806 άλλά
680 736 742 825 γάρ
764 741 796 819 ἐς
816 736 894 819 τούς
913 747 1093 826 πολεμίους
1114 745 1161 831 τῷ
1180 744 1253 832 θεῷ
1267 745 1358 826 εἰρη-

223 853 305 911 σθαι
319 840 356 910 τὸ
376 839 596 930 χρηστήριον,
616 842 886 929 συλλαμβάνοντι
907 841 989 912 κατά
1003 840 1041 910 τὸ
1055 839 1181 927 ὀρθὸν,
1203 840 1280 911 άλλ’
1295 840 1359 911 οὖν

223 950 256 1025 ἐς
272 941 480 1033 Ἀθηναίους.
514 945 828 1030 παρασκευάζεσθαι
852 937 900 1014 dv
922 942 1046 1024 αὐτοὺς
1063 940 1106 1024 ὡς
1122 946 1357 1035 ναυμαχήσον-

223 1075 280 1127 τας
295 1047 533 1135 συνεβούλευε,
548 1043 593 1127 άς
603 1049 723 1119 τούτου
737 1049 849 1130 ἐόντος
859 1054 919 1118 τοῦ
929 1051 1067 1131 ξυλίνου
1080 1057 1215 1137 τείχεος.
1246 1049 1359 1138 Ταύτῃ

224 1153 463 1239 Θεμιστοκλέος
488 1148 762 1240 ἀποφαινομένου
791 1149 965 1240 Ἀθηναῖοι
991 1151 1096 1220 ταύτά
1121 1173 1181 1240 σφι
1205 1160 1360 1238 ἔγνωσαν

223 1255 424 1344 αἱρετώτερα
445 1253 530 1323 εἶναι
549 1259 677 1342 μᾶλλον
699 1250 718 1343 ἢ
740 1254 780 1325 τά
794 1261 861 1324 τῶν
880 1254 1136 1344 χρησμολόγων,
1157 1263 1192 1323 οἳ
1210 1252 1273 1325 οὐκ
1292 1262 1361 1325 ἔων

223 1368 413 1449 ναυμαχίην
426 1355 623 1447 ἀρτέεσθαι,
644 1356 681 1428 τὸ
703 1360 740 1428 δὲ
753 1358 891 1448 σύμπαν
906 1358 1009 1442 εἶναι,
1033 1356 1114 1427 οὐδὲ
1131 1374 1244 1447 χεῖρας
1258 1356 1360 1429 ιἰντα-

222 1554 254 1612 τό
280 1555 350 1620 ἔπος
368 1562 420 1612 duo
440 1560 519 1612 codd.
539 1555 570 1610 τὸ
589 1553 686 1619 πάθος
702 1577 766 1628 pro·
814 1561 914 1627 μένου]
934 1564 952 1614 i.
969 1580 992 1613 e.
1005 1562 1104 1614 lenacia
1117 1565 1280 1615 modenam
1298 1564 1361 1614 rne-

222 1634 305 1684 bante
326 1632 477 1690 Larehero,
514 1632 561 1682 sed
591 1632 764 1696 improbante
813 1635 938 1683 aristocles
949 1636 1095 1683 sententiam
1110 1650 1180 1684 suasa
1193 1634 1239 1693 (de
1252 1634 1363 1685 oraculi

222 1701 498 1768 Schweighaeusero,
517 1704 563 1767 qui
581 1718 596 1751 e
614 1701 716 1752 scholio
734 1701 762 1750 id
813 1705 908 1766 sensu)
919 1707 1234 1766 aperiretsaenuntiaret:
1245 1705 1293 1753 nbi
1304 1720 1361 1754 non

222 1775 359 1823 invectum
369 1777 457 1836 putat.
474 1772 552 1834 Quod
562 1775 694 1836 sequitur,
707 1787 762 1821 om·
814 1772 935 1823 additum
951 1773 1050 1837 legitur
1063 1769 1194 1837 γνώμην,
1210 1775 1281 1837 quud
1295 1774 1360 1824 aliis

221 1857 269 1893 nes
284 1842 346 1892 libri
358 1842 456 1905 scripti
468 1841 598 1891 exhibent
611 1836 762 1904 εἰρημένον
813 1842 880 1892 locis
903 1843 1047 1893 adstruere
1064 1844 1164 1894 Noster
1186 1850 1270 1901 sotet;
1301 1843 1359 1893 vid.

220 1903 356 1974 ἐόντως,
384 1911 477 1963 eodem
503 1909 761 1976 Schweighaeusero
813 1918 883 1962 nott.
903 1911 936 1961 ad
957 1912 1040 1975 VIII,
1060 1914 1102 1963 ru.
1141 1913 1173 1963 In
1194 1929 1269 1978 seqq.
1286 1914 1359 1963 bene

221 1980 762 2045 auctoresieeprIcandurn:„nonjun-
812 1986 905 2032 tuetur
931 1981 1094 2047 Wesseliug.
1124 1999 1219 2033 vocem
1247 1983 1360 2045 μᾶλλον

220 2058 267 2101 cta
286 2051 403 2115 intelligi
421 2049 521 2099 debent
536 2046 687 2114 εἰρημένον
701 2044 760 2113 Iov,
810 2057 874 2115 post
893 2044 1063 2113 αἱρετώτερα
1078 2050 1185 2101 illatam
1203 2060 1230 2103 et
1245 2054 1273 2101 in
1291 2053 1359 2102 duo·

220 2121 268 2170 sed
290 2120 425 2169 naturalis
449 2121 592 2169 verborum
621 2124 761 2171 structura
809 2120 952 2171 buscodd.
967 2121 1105 2171 omissam.
1127 2120 1234 2172 Similia
1243 2129 1359 2172 exstant

219 2194 247 2239 in
263 2189 334 2239 hunc
353 2188 459 2239 modum
473 2189 666 2253 concipienda:
689 2185 715 2239 εί
728 2184 759 2237 τὸ
811 2176 838 2250 I,
859 2191 908 2252 32,
923 2191 969 2239 ubi
983 2193 1055 2241 conf.
1072 2193 1175 2256 citata,
1188 2193 1241 2255 lx,
1257 2193 1282 2241 7.
1303 2195 1360 2242 Ae-

219 2254 287 2316 ίπος
312 2253 462 2322 εἰρημένον
489 2252 545 2322 εἶχε
573 2250 620 2308 ἐόν
647 2274 704 2316 κως
733 2251 761 2317 ἐς
810 2258 1115 2344 ιαλιμλ.θ.ο.Τλι.679.

214 2324 399 2392 Ἀθηναίουςτ
416 2335 444 2378 et
461 2319 517 2392 εἶχε
536 2320 584 2377 lta
598 2330 669 2379 idem
685 2329 759 2379 rale-
846 2342 874 2377 οι
886 2321 1002 2377 σάκε’ων
1014 2345 1038 2380 κ.
1050 2327 1117 2395 τ.λ.]
1132 2330 1173 2378 Ad
1186 2334 1358 2380 structuram

220 2399 260 2448 bit
273 2414 306 2448 ac
319 2390 376 2462 εἶχε
388 2391 522 2454 ἐόντως,“
542 2399 619 2461 Quod
631 2399 760 2449 mibinon
811 2398 865 2448 loci
878 2398 933 2449 vid.
951 2399 1019 2461 VII,
1037 2400 1086 2450 104
1103 2400 1168 2464 ibiq.
1185 2407 1254 2451 nott.
1285 2399 1358 2450 Inde

218 2472 355 2534 persuasit
372 2468 413 2517 vir
428 2468 538 2518 doctus:
559 2472 652 2534 itaque
667 2471 759 2532 recepi
810 2468 845 2517 ad
861 2468 944 2517 verba
957 2460 988 2515 τὸ
999 2464 1030 2518 δὲ
1040 2463 1157 2532 ου’μπαν
1168 2461 1241 2517 εἶναι
1254 2485 1289 2520 ex
1303 2485 1357 2519 an·

217 2554 279 2588 cnm
292 2536 440 2587 Schaeiero
454 2543 608 2588 etrecentt.
622 2538 682 2592 edd.
696 2539 759 2589 inde
809 2537 946 2587 tecedenti
962 2532 1017 2587 οὐκ
1040 2531 1095 2587 ἔων
1117 2543 1207 2588 ταινία
1226 2545 1357 2603 repeten-

217 2623 233 2657 ιι
247 2607 385 2670 sensero,
401 2609 473 2672 quod
487 2608 615 2673 Reiskins
626 2608 688 2659 olim
700 2625 759 2673 pro·
808 2607 872 2658 dum
886 2599 982 2670 ἔλεγον
993 2608 1037 2660 vel
1049 2608 1138 2659 simile
1152 2608 1225 2673 quid.
1241 2610 1356 2659 Etenim

217 2679 310 2742 posuit
325 2679 506 2742 probavitque
518 2692 579 2728 cum
593 2678 756 2729 Valckenar.
808 2678 1357 2743 vatess.oraculoruminterpretesathe-

217 2748 423 2812 sssedoupoez
439 2738 756 2813 ίοντωςῳιοίόνκως),
808 2746 949 2796 ιιιεαείλιοε
976 2746 1173 2798 dissuadebant
1198 2741 1263 2810 (ουίι
1283 2741 1354 2811 ἔων)

217 2818 235 2867 i.
249 2835 272 2871 e.
289 2833 394 2871 revera,-
415 2815 541 2868 voculam
558 2833 606 2880 μιν
625 2820 653 2867 in
669 2820 758 2883 proxi·
808 2821 971 2881 apparatum
989 2832 1101 2882 pugnae
1122 2816 1229 2868 navalis
1247 2816 1356 2868 sacien-

217 2903 258 2939 me
277 2886 454 2952 sequentibus
477 2885 614 2949 addeum,
638 2891 684 2953 qui
703 2889 756 2951 Py-

217 2957 292 3007 thiae
313 2972 358 3007 ore
374 2957 461 3006 edidit
479 2956 631 3018 oraculum,
656 2957 756 3019 refero,

215 3029 366 3091 respiciens
376 3026 411 3075 ad
422 3025 458 3086 id,
467 3026 539 3090 quod
550 3024 632 3089 paulo
644 3033 707 3089 post
721 3027 757 3076 le-

217 3099 305 3159 gitur:
322 3085 349 3151 ίς
367 3086 434 3150 τούς
452 3093 604 3156 πολεμίους
623 3094 665 3158 τῴ
686 3091 757 3161 θεῷ

216 3160 352 3227 εἰρῆσθαι
367 3157 399 3212 τὸ
420 3176 600 3226 χρηστηριον.
621 3189 655 3199 -
680 3165 756 3227 Quae

216 3240 381 3300 sequnntur,
406 3233 502 3297 attigit
523 3232 613 3284 Schol.
640 3235 753 3287 Aristid.

215 3318 278 3370 pag.
292 3302 497 3352 230Fr0mme1.
535 3303 576 3351 nd
592 3304 679 3367 ipsam
694 3320 755 3355 ora·

214 3373 282 3433 culi,
301 3387 382 3437 quam
397 3372 473 3422 dedit
486 3371 698 3436 Themistocles,
717 3376 757 3424 in-

215 3442 454 3506 terpretationem,
467 3443 538 3493 conf.
555 3443 693 3495 Plutarch.
708 3444 724 3494 I.
737 3445 755 3498 l.

215 3528 276 3577 cap.
290 3513 330 3562 10.
346 3511 476 3577 Polyaen.
489 3512 517 3573 1,
532 3512 575 3563 30.
591 3513 671 3565 Corn.
685 3516 754 3579 Nep.

215 3581 349 3632 Themist.
370 3585 385 3630 ⁸2
411 3580 468 3645 (ubi
489 3583 567 3646 plura
586 3585 681 3633 attulit
700 3600 754 3636 van

215 3651 370 3715 Staveren).
389 3651 488 3703 lustin.
505 3653 541 3715 11,
557 3652 754 3705 recontinu-

215 3723 288 3771 dian.
326 3722 368 3770 De
386 3721 474 3770 Mellii
494 3722 628 3773 Theodor.
650 3725 755 3777 consul.

218 3793 274 3842 150.
305 3793 399 3855 Neque
420 3791 473 3841 huc
500 3793 641 3843 noniacit
665 3794 755 3845 simile

215 3860 353 3911 oraculum
372 3860 494 3924 Siphniis
512 3862 664 3912 exhibitum
683 3866 756 3930 apud

215 3930 317 3983 Herod.
334 3930 392 3991 111,
406 3933 448 3981 57,
464 3932 506 3982 58.

234 4023 459 4100 συλλαμβάνοντι
467 4025 577 4083 κατὰτὸ
585 4024 692 4099 ὀρθὸν]
703 4037 720 4087 i.
728 4052 752 4088 e.

215 4108 239 4155 si
251 4106 305 4168 qaid
317 4112 386 4154 recle
399 4102 427 4169 (i.
441 4122 464 4156 e.
477 4104 625 4155 secundum
634 4105 669 4166 id,
682 4105 755 4169 quod

215 4179 319 4224 rectum
330 4190 473 4240 verumque
485 4175 539 4235 est)
550 4176 678 4239 inteilipas.
696 4175 756 4224 vid.

216 4243 326 4294 Kiihner
338 4243 437 4293 (iser.
449 4248 475 4307 ξ.
484 4245 544 4306 581,
553 4250 616 4306 a,et
627 4245 660 4293 de
673 4245 756 4295 verbe

216 4306 421 4379 συλλαμβάνειν
437 4320 506 4365 nott.
522 4315 556 4364 ad
571 4315 597 4375 1,
611 4314 653 4364 68.

250 4409 338 4483 ταύτῃ
364 4413 567 4481 Θεμιστοκλέος
594 4406 756 4479 άποφιιινο·

808 2885 887 2947 dum,
901 2887 949 2935 sed
959 2902 1074 2936 surorum
1087 2889 1126 2937 m·
1141 2890 1166 2937 ia
1178 2903 1209 2938 eo
1222 2890 1291 2937 serti
1309 2889 1354 2937 di·

806 2955 920 3016 cebant,
940 2965 967 3006 ut
983 2972 1014 3006 ae
1032 2973 1119 3007 manus
1138 2958 1235 3021 quidem
1251 2955 1299 3021 (ed
1311 2974 1356 3007 re-

806 3024 946 3090 pellendos
970 3025 1079 3088 hostes,
1103 3029 1150 3091 qui
1167 3027 1290 3076 invasuri
1310 3043 1357 3076 es-

806 3094 878 3158 sent)
889 3096 1014 3157 tollerent,
1024 3098 1072 3146 sed
1080 3095 1154 3146 terrd
1166 3096 1252 3147 Atace
1262 3098 1355 3146 relictui

806 3167 882 3214 atium
899 3164 949 3214 sibi
961 3174 1115 3229 quaererent
1132 3174 1241 3227 terram,
1262 3168 1287 3215 in
1300 3185 1355 3232 qna

804 3235 879 3283 sedes
890 3244 1021 3295 ponerent.
1044 3237 1086 3284 Tu
1100 3235 1154 3286 vid.
1170 3236 1309 3286 Kuehner.
1325 3241 1352 3300 §-

805 3304 871 3364 ὕὸἳ,
889 3305 915 3352 2.
947 3306 1017 3355 Vera
1036 3303 1140 3367 videri,
1160 3321 1230 3371 quae
1244 3306 1279 3355 ab
1297 3307 1356 3357 Hs·

805 3373 902 3423 rodoto
914 3373 1067 3439 traduntur,
1080 3376 1243 3440 pronuntiat
1251 3375 1353 3427 Grote:

806 3443 921 3508 IIistory
938 3444 968 3492 oi
984 3445 1086 3495 Greece
1112 3446 1143 3494 V.
1165 3460 1227 3511 pag.
1249 3447 1300 3509 81,
1325 3448 1353 3496 si

804 3513 910 3578 quidem
930 3515 1017 3564 omnis
1033 3514 1102 3565 haee
1116 3515 1279 3566 deliberatIo
1299 3532 1354 3580 pu-

805 3580 875 3633 blice
898 3583 994 3632 habita
1015 3592 1058 3633 est
1082 3584 1197 3649 eiusque
1220 3587 1353 3637 notitiam

804 3653 904 3703 Noster
924 3655 1064 3718 accepIsse
1090 3655 1227 3718 putandus
1247 3662 1291 3705 est
1313 3658 1353 3706 ab

803 3735 983 3785 noseorum,
1008 3725 1055 3788 qui
1074 3725 1263 3775 interfuerant.
1294 3728 1352 3777 Pro

805 3789 967 3856 ναυμαχίην
985 3787 1139 3854 ἀρτέεσθαι
1164 3793 1213 3857 (nd
1225 3800 1354 3857 proelians

806 3864 904 3912 τιαοαλε.
920 3878 949 3911 se
970 3878 1086 3927 parare,
1116 3864 1260 3929 occupare)
1292 3868 1353 3916 No-

806 3936 863 3982 stro
890 3932 1008 3983 seribere
1038 3948 1147 3999 quoque
1174 3933 1286 3985 linuisse
1320 3929 1353 3992 ἐς

806 3998 968 4065 ναυμαχίην
992 3997 1145 4064 ἀρτέεσθαι
1167 4008 1232 4067 apte
1256 4005 1354 4056 obser-

805 4076 854 4119 vat
863 4070 1138 4136 Schweighaeuserus
1150 4074 1303 4138 respiciens
1312 4076 1352 4125 ed

805 4140 888 4199 VIII,
907 4140 954 4203 97,
977 4141 1024 4190 ubi
1042 4142 1156 4206 legimns
1178 4136 1293 4204 άρτὲετο
1314 4135 1353 4201 ἐς

806 4203 947 4272 πόλεμον,
967 4210 1028 4262 coll.
1050 4213 1088 4272 V,
1107 4211 1154 4272 20,
1178 4213 1225 4262 ubi
1242 4213 1352 4278 simpli-

806 4294 863 4329 cem
878 4279 1042 4330 infinitivnm
1058 4280 1121 4331 huis
1140 4281 1222 4332 verbo
1237 4281 1353 4333 adstru-

807 4349 861 4411 xit,
881 4349 1106 4413 quemadmodum
1120 4350 1203 4401 verbo
1215 4345 1353 4415 άναρτέε-

806 4417 876 4467 eea
894 4421 1001 4484 v11‚s.
1021 4423 1045 4484 ς.
1065 4419 1090 4471 s.
1110 4419 1278 4485 v1,sa.1,
1301 4423 1349 4477 su
