3052 5134
185 397 248 464 439
618 400 891 462 HERODOTI

186 558 249 648 νον
263 573 324 664 τήν
338 579 470 658 ἔκδεξιν
484 579 539 662 τής
552 580 728 664 βασιλήΐής
743 583 910 662 γίνεσθαι.
950 579 1170 663 Χρήσαμένον
1186 573 1222 642 dl
1235 576 1317 658 Ξέρ·

187 685 250 763 ξεω
274 686 314 767 τῇ
328 678 533 768 Δημαρήτου
555 674 714 768 ὑποθήκῃ
740 677 841 766 γνούς
861 675 878 747 ὁ
901 691 1061 767 Δαρεῖος,
1086 675 1130 758 ὦς
1150 682 1239 764 λέγοι
1261 682 1313 745 δι’
1321 692 1374 744 507

190 814 286 869 καια,
310 786 449 870 βασιλέα
473 811 531 870 μιν
553 779 703 866 ἀπέδεξε.
747 780 912 853 doue'ssd’
930 785 1001 870 ἐμοὶ
1021 779 1118 851 aul*
1097 809 1181 851 αντα
1202 782 1322 907 τμύτής

190 895 247 977 τής
269 884 443 974 ὑποθήκης
462 882 701 973 βασιλεῦσαι
680 914 723 955 αν
740 872 883 975 Ξέρξης
917 884 937 974 ή
959 886 1022 973 γάρ
1036 884 1176 955 ”Aroma
1200 883 1266 971 εἶχε
1287 883 1325 952 τό

166 998 263 1062 λιτᾶν
281 990 411 1078 κράτος.
455 987 691 1072 Ἀποδέξαςδὲ
710 993 847 1078 βασιλέα
868 992 981 1078 Πέρσῃ
965 1011 1018 1058 τοι
1039 1003 1183 1077 Δαρεῖος
1201 991 1325 1074 Ξέρξεα

192 1093 324 1184 ὥρμητο
338 1092 590 1182 στρατεύεσθαι.
622 1090 705 1161 ἀλλά
726 1094 790 1181 γὰρ
804 1092 887 1182 μιτά
909 1094 1013 1162 ταῦτα’
1028 1122 1063 1163 τε
1077 1095 1134 1161 καὶ
1148 1092 1325 1178 Αἰγύπτου

191 1197 376 1268 ἀπόστασιν
397 1203 442 1291 τῷ
463 1193 591 1289 ὑστέρῳ
612 1203 681 1266 ἔτεϊ
705 1196 1040 1286 παρασκευαζόμενον
1061 1194 1240 1285 συνήνεικε
1261 1191 1323 1291 ut}-

190 1301 248 1372 τὸν
258 1313 424 1387 Δαρεῖον,
440 1302 685 1387 βασιλεύσαντα
699 1300 738 1369 τά
756 1300 865 1370 πάντα
878 1303 912 1385 ἕξ
926 1328 961 1369 τε
976 1304 1031 1370 καὶ
1047 1300 1224 1389 τριήκοντα
1239 1305 1324 1380 ἔτεα,

190 1403 395 1476 ἀποθανεῖν·
435 1401 518 1474 οὐδέ
542 1408 577 1473 οἱ
600 1408 768 1492 ἐξεγένετο
789 1401 866 1475 οὔτε
894 1402 970 1485 τούς
990 1403 1198 1483 ἀπεστεῶτας
1219 1408 1324 1488 Αἰγυ-

192 1605 268 1677 λμολ,
284 1611 542 1678 quodllorentmus
554 1612 623 1663 liber
636 1628 735 1679 suppa
785 1612 886 1664 Herod.
902 1613 937 1662 11.
954 1628 979 1677 p.
995 1611 1056 1677 leb)
1070 1609 1237 1662 commodior
1250 1607 1327 1658 locus

192 1684 309 1745 ditabat,
317 1688 344 1733 et
353 1698 412 1731 eum
423 1682 517 1734 iisdem
527 1679 737 1749 λαιιοίβασιλεῦ-
785 1682 830 1733 hie
842 1697 903 1733 esse
915 1684 1024 1732 videtur
1039 1681 1198 1746 imperfecto
1211 1670 1326 1743 ὁρμᾶτο,
1412 1688 1416 1695 ’

193 1767 249 1807 σαι
281 1721 426 1816 Vblgatum
445 1752 508 1803 inde
525 1753 678 1803 aBeklrero
694 1769 734 1802 re·
787 1752 930 1818 quodcum
950 1753 1011 1801 edd
1031 1759 1099 1804 vett
1115 1751 1168 1800 duo
1186 1749 1265 1801 codd.
1282 1764 1329 1798 ex-

192 1828 277 1873 eentt.
291 1822 352 1872 edd.
364 1829 538 1884 revocarunt,
553 1822 692 1873 Saneroiti
708 1826 736 1873 et
786 1822 892 1885 hibent,
913 1821 963 1872 boe
979 1822 1035 1872 lere
1052 1836 1146 1871 sensu·
1169 1822 1328 1883 properauit,

194 1892 307 1943 alterius
319 1891 380 1941 libri
392 1907 425 1941 ex
438 1893 603 1942 auctoritate
617 1892 736 1942 seriben·
785 1900 851 1942 totus
864 1895 889 1942 in
906 1908 936 1942 eo
946 1892 1006 1952 licit.
1038 1891 1090 1941 Sed
1107 1892 1203 1940 merito
1218 1902 1329 1968 respue-

193 1973 249 2013 tes:
270 1951 425 2008 doae'eivd’
442 1954 546 2025 ἐμοὶ-
557 1953 735 2028 ἕβασιλεοσεν
786 1967 850 2011 runt
863 1966 966 2026 posteri
978 1961 1113 2020 editores
1126 1960 1226 2010 etenim
1236 1948 1329 2020 ὥρμη-

193 2023 231 2081 ἀν
248 2026 378 2093 Ξέρξας,
408 2030 454 2079 ubi
480 2038 554 2081 eerte
578 2024 735 2097 ἐβασίλευσε
786 2031 857 2083 tob.
871 2030 888 2083 l.
902 2030 977 2081 nullo
990 2029 1044 2081 alio
1056 2046 1138 2081 eensu
1151 2036 1234 2094 atque
1246 2043 1329 2091 supra

195 2105 255 2151 arat
279 2099 465 2162 scribendum,
493 2107 524 2150 ut
544 2108 618 2151 reete
646 2105 737 2150 monet
788 2101 855 2153 Vll.
871 2101 882 2150 l
907 2102 940 2151 de
957 2101 1043 2150 Dario
1066 2099 1209 2149 admodum
1228 2097 1328 2163 cupido

196 2168 312 2221 Bredov.
332 2184 395 2235 pag.
416 2137 475 2219 tutl.
505 2172 546 2220 Ex
562 2171 656 2222 eodem
672 2170 736 2221 Fle—
788 2170 853 2222 belli
865 2170 999 2221 inserendi
1012 2170 1215 2235 accipiendum,
1230 2171 1255 2216 ei
1267 2166 1329 2232 qui-

195 2240 303 2291 rentino
323 2240 351 2287 iu
372 2239 492 2304 proxime
513 2241 737 2291 antecedentibus
787 2241 862 2299 dem,
884 2246 913 2290 ut
930 2245 1004 2290 reete
1020 2237 1329 2303 monetSebwe'ghaeu·

196 2308 306 2360 exhibui
318 2304 400 2392 λέγοι
414 2324 461 2373 pro
473 2310 545 2375 vulg.
556 2306 646 2375 λέγει,
656 2325 736 2376 quam
788 2326 878 2373 serus,
900 2313 973 2360 inest
990 2309 1068 2359 hee
1060 2325 1088 2358 rn
1104 2309 1187 2360 verbo
1206 2322 1329 2357 nonuun-

199 2379 319 2445 praelert
337 2380 380 2428 vir
401 2379 529 2428 doetus
521 2396 564 2430 in:
584 2381 647 2431 Jen
670 2380 737 2432 Litt.
788 2397 870 2446 quam
902 2381 1016 2430 acrioris
1047 2379 1187 2429 cuiusdam
1213 2378 1329 2442 impetus

196 2451 264 2500 Zeit.
288 2448 360 2501 1817.
376 2464 414 2497 nr.
429 2450 485 2500 tuo
499 2465 524 2513 p
541 2450 601 2502 377.
787 2450 1103 2536 signifieati032ua1e
1102 2447 1184 2499 etism
1206 2448 1271 2511 Vll,
1297 2445 1329 2495 19

233 2510 312 2583 ήγάρ
319 2508 500 2582 Ἀτοσσαεῖχε
511 2516 541 2568 το
553 2535 610 2568 παν
621 2513 736 2584 κράτος]
788 2522 873 2571 verbu
889 2509 1046 2586 olonnensis)
1062 2513 1156 2581 Ξέρξῃ
1178 2515 1329 2579 στρατηλα-

197 2590 306 2652 Quantn
322 2587 444 2637 fueritin
459 2589 602 2639 Persarum
618 2591 681 2640 aula
697 2606 740 2640 re·
789 2588 873 2648 τὲειν,
887 2604 956 2654 quse
969 2588 1049 2653 vulgo
1062 2593 1184 2639 vertunt
1200 2594 1330 2651 postqream

197 2659 340 2724 gisipaius
360 2658 471 2722 reginae
488 2660 628 2710 ueletiam
643 2660 738 2709 matris
788 2663 826 2711 ito
848 2660 933 2710 Xerxi
954 2667 1011 2709 erut
1034 2661 1201 2718 constitutam,
1227 2657 1330 2708 rectius

198 2730 269 2792 regis
286 2728 436 2778 auotoritas
454 2735 482 2777 et
502 2736 640 2793 potestas,
662 2744 739 2779 neme
789 2729 1233 2793 sieinterpretendaesseeenset:
1246 2727 1333 2777 Xer-bi

199 2799 357 2859 mirabitur,
382 2792 429 2863 qui
453 2798 531 2849 aulae
558 2801 649 2865 regine
676 2814 740 2848 eon·
790 2802 826 2848 (αλ
843 2799 931 2848 belliue
948 2799 1105 2861 inferendum
1129 2799 1266 2855 concitato,
1293 2797 1331 2844 in-

199 2868 329 2918 ditionem
350 2868 422 2932 apud
445 2867 565 2917 homines
584 2868 740 2930 orientales,
790 2885 872 2923 censo
899 2869 941 2917 Tu
958 2868 1030 2919 eoni.
1043 2867 1106 2930 Vll,
1119 2868 1160 2918 el
1176 2867 1258 2926 Vlll,
1274 2863 1330 2916 499

129 2991 139 3010 ,
199 2938 294 3002 quales
309 2944 336 2987 et
348 2952 419 2987 nune
434 2943 496 2987 sunt
511 2938 609 2988 etolim
621 2939 740 2999 suerunt
791 2940 841 3002 IX,
855 2939 897 2988 til.
913 2937 1036 3003 Tbueyd.
1048 2937 1096 3000 Vl,
1108 2936 1197 2986 (linit.
1213 2936 1252 2986 λ9
1268 2934 1331 2985 Ρλα-

200 3008 268 3057 bene
282 3007 402 3064 noverit
422 3007 503 3071 idque
518 3012 653 3057 testantur
668 3008 740 3058 heud
791 3009 877 3058 tareb.
888 3008 999 3057 Aristid.
1014 3008 1040 3086 9.
1072 3009 1103 3057 In
1114 3021 1190 3070 seqq
1200 3011 1264 3054 ante
1275 3019 1333 3055 ver

201 3092 289 3141 puuea
303 3076 427 3139 eremile
439 3092 634 3143 eorumquae
646 3078 681 3127 ab
695 3079 740 3126 bu
791 3081 826 3129 ba
844 3069 1025 3141 Αἴγυπτον
1007 3068 1165 3125 ἀπόστασιν
1187 3073 1331 3125 articulum

201 3145 317 3195 iusmodi
338 3144 447 3194 feminis
461 3154 618 3209 perpetrata
630 3163 688 3198 esse
704 3146 742 3197 le·
791 3142 844 3211 τήν
854 3144 1195 3212 requiritSebweighaeus.
1207 3146 1244 3194 Ae
1255 3159 1331 3203 anne,

201 3216 291 3277 gimue
302 3212 374 3277 apud
385 3213 639 3279 ctesiamffemec.
651 3215 741 3266 1939
790 3236 814 3269 si
806 3218 914 3267 bonae
928 3222 1011 3265 notae
1024 3216 1084 3265 libri
1097 3215 1240 3274 efferrent,
1260 3215 1331 3263 baud

201 3286 245 3334 49.
256 3286 298 3334 4Ι.
312 3286 374 3346 lt),
388 3282 470 3344 alios,
491 3287 593 3350 atque
586 3302 674 3351 ipsum
688 3287 742 3335 lle
792 3288 890 3338 dubins
902 3302 1057 3352 reciperem
1074 3284 1282 3336 Adverbum
1249 3297 1333 3347 σινή

202 3353 326 3404 rodotirm
338 3354 398 3416 (IX
412 3352 488 3416 199)·
506 3371 622 3421 namque
635 3360 742 3421 praeter
792 3371 866 3407 νεικε
882 3356 954 3408 conl.
970 3362 1040 3408 nott.
1057 3355 1155 3416 aillll,
1166 3354 1209 3408 99.

202 3426 329 3473 Atossam
347 3430 592 3475 commemorantur
608 3426 742 3483 Amastris,
828 3418 1030 3503 βασιλεύσαντα
1044 3418 1077 3473 tol
1091 3417 1185 3473 πάντα
1198 3421 1227 3485 εξ
1243 3418 1333 3473 τεκαὶ

203 3494 308 3558 Aiuytis,
319 3495 743 3557 I’myrotiasummaarroteritate
793 3489 945 3561 τριήκοντα
963 3489 1040 3557 ἔτεα,
1069 3484 1246 3574 ἀποθαιειν]
1271 3486 1333 3542 ἔτεα

203 3573 231 3611 et
249 3567 387 3627 potestate
404 3562 531 3613 florentes
553 3582 638 3630 eaque
660 3573 687 3616 et
690 3567 741 3614 ium
793 3567 875 3631 vulgo
886 3565 995 3629 ponitur
1005 3569 1066 3633 post
1076 3558 1110 3613 τά
1119 3556 1212 3612 πάντα
1222 3564 1268 3629 (de
1281 3579 1333 3630 quo

203 3634 360 3682 abutentes:
386 3632 419 3680 ile
440 3648 492 3697 qua
510 3637 666 3685 reomnino
686 3634 742 3684 viil.
793 3636 849 3686 vid.
865 3635 1047 3689 KuebnerGr.
1057 3635 1103 3685 Gr.
1116 3637 1140 3696 §-
1151 3634 1202 3685 439
1206 3633 1266 3698 ,e).
1277 3648 1333 3682 nos

204 3709 272 3752 nott.
285 3704 319 3752 ad
333 3702 452 3752 Cteainm
465 3719 525 3767 pag
545 3707 590 3755 tii
605 3713 632 3754 et
645 3707 679 3756 sil
689 3705 744 3755 lle·
793 3707 979 3757 Florentinum
990 3705 1085 3755 librum
1098 3702 1237 3783 aliumque
1247 3703 1335 3754 secuti

204 3772 292 3822 10th
309 3772 355 3836 lX,
375 3772 431 3827 lilii
793 3776 985 3827 collocavimus
1008 3779 1072 3825 ante
1092 3765 1267 3824 ἀποθανεῖν.
1302 3772 1335 3823 lu

794 3849 865 3912 ipso,
880 3861 925 3910 qui
918 3844 983 3895 'hie
998 3844 1130 3909 proditur,
1145 3858 1276 3893 annorum
1285 3858 1334 3892 nu-

797 3932 868 3968 mero
881 3917 1008 3965 dissentit
1017 3914 1124 3965 Ctesias
1135 3913 1252 3967 Persice.
1264 3916 1288 3976 5.
1304 3912 1334 3962 19

795 4001 881 4035 aniios
901 3986 1015 4046 triginta
1034 3999 1116 4034 unum
1137 3998 1265 4047 regnasse
1279 3983 1335 4031 Da·

796 4057 864 4106 rium
880 4055 1011 4105 scribens.
1039 4055 1075 4104 At
1083 4053 1224 4103 Herodoto
1238 4051 1336 4102 suffra-

411 3947 476 4002 Οιε,
495 3948 544 4000 IV.

248 4042 361 4117 ὥρμητο
384 4047 601 4116 στρατεύεσθαι]
631 4037 744 4114 ὅρμητο

206 4124 334 4173 revocavi
348 4138 408 4173 eum
426 4128 540 4172 reeentt.
559 4121 619 4172 edd.
633 4138 681 4186 pro
700 4138 747 4183 ορ-

205 4209 291 4258 μητο,
311 4192 383 4259 quod
396 4193 614 4257 Schweiglineus.
628 4200 655 4242 et
667 4192 746 4242 Gais-

206 4263 275 4314 sord.
290 4263 428 4313 dederant.
457 4265 487 4313 In
499 4262 658 4312 Florentino
670 4262 745 4311 aliis·

162 4382 169 4396 ,
207 4350 258 4397 que
272 4332 349 4381 libris
365 4338 455 4383 exstat
467 4325 590 4394 ὡρμᾶτο.
621 4330 674 4381 Sed
689 4332 744 4381 viil.

797 4130 897 4191 geritur·
918 4123 1060 4189 Syneellua
1084 4128 1166 4188 atque
1191 4123 1336 4181 Eusebius,

796 4211 907 4260 quorum
921 4194 995 4244 locos
1009 4193 1090 4243 attuli
1102 4194 1137 4242 ad
1152 4193 1271 4243 Ctesiam
1284 4192 1302 4242 l.
1318 4191 1336 4244 l.

795 4281 859 4329 ρος.
875 4264 936 4319 itti.
949 4266 1067 4328 itemque
1077 4263 1226 4312 Ptolemaei
1236 4276 1335 4312 canon.
1417 4275 1423 4286 ·

797 4336 868 4383 Hine
887 4335 964 4383 llarii
981 4349 1052 4383 mors
1072 4332 1168 4382 ineidit
1188 4333 1215 4381 in
1236 4346 1336 4381 annum

206 4403 272 4460 v11.
296 4404 302 4450 Ι
324 4409 352 4452 et
369 4418 439 4466 quae
458 4402 512 4452 alin
531 4404 609 4452 offert
628 4400 743 4450 Bredov.

206 4487 268 4538 pag.
281 4472 341 4523 308.
370 4471 625 4537 Schweigliaennero
638 4472 743 4537 (Lusio.

795 4406 846 4455 485
858 4420 882 4453 ιι.
898 4403 960 4453 cm.
975 4421 1016 4465 τι,
1031 4404 1126 4467 quinto
1141 4408 1202 4466 post
1217 4416 1336 4467 pugnam

795 4473 992 4524 Marathoniam
1008 4488 1093 4535 anno,
1112 4486 1192 4538 quam
1206 4471 1336 4522 continuo
