2916 5130
459 336 525 394 Al)
549 333 805 396 IIERODOT.
829 336 888 411 Vl,
910 347 952 401 69.
1213 336 1275 400 81⁹

136 509 280 575 calumnia,
295 508 513 578 quaeDemarati
524 513 629 577 patrem
640 502 798 580 ὀνοφορβόν
808 510 964 562 eilirrxerat.
978 503 1274 584 Flagitat’rlios'rraaoc,

137 612 219 667 quem
240 596 353 647 fratrem
377 594 536 663 sociumque
558 592 709 646 Astrabaco
731 594 861 662 adiungit
878 593 1042 663 Pausanias,
1061 595 1087 649 h.
1106 614 1130 648 e.
1158 600 1274 652 asinario

135 683 283 751 vulpinam.
334 679 398 742 Qua
418 678 446 731 in
472 696 502 731 re
520 696 573 730 non
599 678 690 731 multis
716 679 810 731 verbis
837 696 985 747 exponam,
1012 681 1086 752 quod
1113 681 1177 733 alibi
1197 683 1274 735 leci:

136 767 306 817 Graecarum
322 763 475 816 fabularum
493 763 610 815 indolem
624 763 662 815 itu
678 765 761 829 serre,
780 770 811 815 ut
827 780 897 833 quae
913 764 947 815 ab
962 764 1143 817 orientalibus
1158 767 1273 820 bomini·

135 851 188 902 bus
204 866 260 902 uno
276 848 446 918 simplicique
460 848 584 916 symbolo
600 849 694 901 iuncta
709 856 971 915 commonstrantur,
987 866 1019 901 ea
1034 848 1096 901 illae
1111 850 1286 921 disiungant,

134 943 163 986 et
183 934 211 985 in
229 933 409 1001 genealogiae
432 935 543 986 sormam
565 933 701 1000 redigant.
752 934 790 985 ln
813 950 879 985 vera
900 933 968 985 haec
987 933 1122 986 Laconica
1144 937 1273 1005 expedita

134 1019 290 1072 redduntur
317 1037 367 1087 per
381 1024 506 1070 tesseras
520 1017 682 1087 Aegyptias.
705 1016 815 1069 Etenim
831 1017 961 1086 Aegyptii
974 1018 1051 1070 exosi
1064 1027 1144 1070 erant
1154 1021 1271 1089 asinum,

133 1110 231 1172 utpote
255 1103 353 1155 animal
373 1102 528 1171 Typhonis.
573 1101 748 1171 Typhonium
777 1109 867 1154 autem
892 1101 990 1154 animal
1011 1103 1140 1155 dicebant
1164 1106 1271 1158 asinum

132 1205 188 1240 non
200 1187 290 1239 minus
305 1195 419 1256 propter
430 1187 555 1239 inertiam
571 1204 602 1238 ac
613 1185 800 1255 petulantiam,
817 1204 897 1256 quam
911 1193 1026 1256 propter
1039 1189 1129 1240 rufum
1146 1189 1271 1244 colorem.

131 1272 247 1324 Rubent
262 1273 333 1324 enim
351 1280 381 1324 ut
395 1271 539 1341 plurimum
554 1272 582 1323 in
601 1271 708 1323 oriente
722 1270 810 1323 aselli.
834 1271 974 1324 Plutarch.
991 1271 1032 1324 De
1048 1271 1115 1324 laid.
1132 1293 1159 1343 p.
1173 1277 1224 1329 383
1241 1294 1269 1345 p.

130 1358 184 1410 488
202 1357 344 1423 Wyttenb.
362 1351 508 1424 Αἰγύπτιοι
529 1353 559 1409 db
580 1349 756 1426 πυρρόχρουν
777 1353 921 1425 γεγονέναι
937 1351 987 1409 τὸν
1006 1358 1132 1425 Τυφῶνα
1146 1362 1271 1428 νομίζον-

129 1434 372 1503 τες-ἀπολαύειν
387 1441 478 1494 τεκαὶ
500 1437 551 1495 τὸν
565 1434 633 1495 ὄνον
649 1432 740 1507 οἷσπερ
755 1440 861 1510 εἴρηται
881 1442 933 1511 τῆς
952 1434 1132 1512 ὁμοιότητος,
1154 1438 1203 1498 διὰ
1217 1441 1270 1515 τὴν

129 1521 260 1595 ἀμαθίαν
286 1524 335 1579 nai
358 1521 410 1595 τὴν
430 1517 514 1597 ὕβριν
536 1521 586 1595 οὐχ
607 1516 692 1595 ἦττον
717 1516 736 1595 ἢ
756 1520 804 1578 διὰ
819 1519 872 1594 τὴν
884 1521 986 1597 χρόαν,
1001 1527 1119 1580 οἴονται.
1164 1530 1219 1583 Sed
1235 1532 1269 1584 de

129 1611 211 1663 asino
235 1617 391 1681 contempto
413 1611 447 1661 ab
465 1612 611 1680 Aegyptiis
633 1609 686 1661 alia
701 1610 780 1662 etiam
794 1611 866 1662 iufra
887 1628 1065 1680 apponemus.
1110 1614 1195 1667 Nunc
1219 1617 1269 1668 hoc

130 1713 215 1749 unum
227 1702 379 1763 teneamus,
397 1703 427 1747 ut
437 1696 588 1763 cogitemus
599 1697 734 1766 vulpinum
749 1698 853 1749 beroi'm
865 1698 982 1749 asinario
993 1696 1123 1749 additum.
1148 1698 1269 1754 Proinde

128 1799 191 1833 cum
208 1780 236 1831 in
252 1781 409 1833 Herodotea
424 1781 583 1832 narratione
598 1781 783 1850 despiciendae
798 1789 825 1834 et
841 1790 1005 1851 conlemptus
1014 1781 1142 1849 vestigia
1150 1782 1268 1853 latitent,

128 1882 186 1936 quo
214 1866 327 1918 asinarii
348 1866 464 1918 infames
490 1864 633 1940 dicuntpr:
660 1864 816 1917 Pausaniae
840 1865 965 1918 doctrina
991 1867 1063 1918 bunc
1086 1869 1166 1920 nobis
1190 1886 1269 1922 usum

127 1956 269 2021 praestat,
303 1958 334 2003 ut
362 1950 500 2020 Alopecns
535 1950 616 2003 heros
652 1954 703 2021 rufi
737 1952 804 2004 nuni
838 1949 1066 2018 significationem
1102 1969 1269 2008 conservare
1344 1949 1348 1953 ’

127 2036 291 2088 videatur.“

215 2120 290 2189 „Sed
316 2119 403 2189 quid?
430 2126 546 2190 quaerat
566 2120 710 2189 quispiam.
757 2119 939 2190 Contemptus
960 2120 1099 2173 asinarius
1126 2128 1155 2174 et
1178 2130 1268 2179 tamen

128 2206 261 2258 heroibus
286 2205 470 2273 interpositus
494 2212 577 2275 atque
592 2205 661 2257 adeo
676 2204 884 2258 Heraclidarum
912 2205 993 2274 quasi
1017 2206 1183 2274 imaginibus
1208 2209 1268 2263 illa-

128 2292 198 2343 tns‘l
214 2321 249 2330 -
264 2291 389 2359 Uterque
404 2308 502 2358 porro,
521 2306 580 2343 cum
596 2290 636 2358 is,
658 2290 706 2361 qui
727 2292 761 2342 ab
784 2290 872 2342 asinis
892 2306 989 2343 nomen
1005 2291 1096 2358 babet,
1114 2300 1171 2345 tum
1188 2294 1236 2364 qui
1253 2313 1269 2347 a

128 2375 227 2445 vulpe,
247 2391 386 2427 sacrorum
405 2375 484 2427 etiam
507 2375 633 2427 minister
652 2376 859 2444 inventorque?
889 2375 989 2427 Audio.
1019 2375 1110 2444 Igitur
1128 2378 1211 2431 altius
1227 2381 1269 2433 in·
1357 2370 1361 2377 ’

128 2460 293 2530 quirendum
321 2466 350 2512 et
378 2459 606 2513 considerandum
633 2460 712 2512 nobis
740 2467 798 2527 est,
824 2459 960 2529 quomodo
985 2462 1052 2513 haec
1072 2466 1126 2515 tam
1148 2464 1269 2516 absurda

128 2544 219 2613 digeri
234 2545 343 2615 possint
357 2551 385 2597 et
405 2545 540 2613 concoqui
562 2544 768 2614 quodammodo.
819 2546 883 2606 Qua
905 2544 932 2595 in
955 2563 984 2597 re
1006 2553 1070 2598 ante
1091 2548 1179 2600 omnia
1201 2547 1268 2602 illud

128 2631 290 2697 cavendum,
306 2649 341 2682 ne
358 2630 391 2681 ad
406 2630 495 2683 nostri
510 2630 617 2697 ingenii
629 2646 795 2698 morumque
811 2636 968 2682 nostrorum
984 2630 1100 2683 indolem
1117 2635 1268 2687 reseramus
1359 2655 1360 2658 ¹

128 2715 236 2785 priscas
261 2714 412 2783 religiones
442 2713 662 2785 religionumque
692 2722 816 2767 tesseras
838 2731 870 2765 ac
895 2714 1014 2767 fabulas.
1057 2716 1096 2767 Et
1120 2736 1213 2771 nonne
1239 2720 1267 2772 in

128 2799 285 2852 vernaculis
302 2800 380 2853 etiam
396 2800 533 2852 chronicis
548 2800 665 2868 nomina,
682 2801 716 2853 ab
729 2798 892 2851 animalibus
908 2799 1065 2869 desumpta,
1080 2800 1207 2872 imposita
1224 2821 1267 2857 re·

128 2886 276 2955 pariuntur
290 2884 358 2937 viris
373 2884 544 2955 principibus
560 2890 643 2956 atque
660 2884 801 2937 honoratis
819 2883 944 2952 inprimis
954 2884 990 2936 l“

215 2971 295 3033 eree
312 2972 362 3022 iam
377 2988 394 3022 a
408 2971 458 3023 Cr.
473 2969 631 3022 instituitur
645 2969 812 3040 disputatio,
833 2967 942 3036 longior
962 2985 1042 3039 quam
1063 2987 1133 3040 quae
1157 2973 1268 3041 integra

129 3057 182 3108 hnc
197 3063 361 3126 apponatur,
379 3057 413 3106 ab
429 3054 575 3124 Aegyptiis
591 3056 699 3107 orditur
719 3054 840 3121 asinum,
861 3054 1033 3124 Typhoniam
1051 3057 1181 3124 bestiam,
1202 3076 1267 3110 con-

128 3142 330 3208 temnentibus,
358 3140 541 3193 mulcentibus
567 3146 596 3191 et
621 3146 708 3192 tamen
735 3140 774 3192 rei
800 3156 896 3191 sacrae
922 3139 1035 3193 eundem
1062 3142 1267 3210 adhibentibus,

129 3226 253 3279 nimirum
268 3226 382 3291 Isiacae,
398 3243 430 3277 eo
446 3224 505 3276 scil.
522 3241 623 3291 sensu,
649 3230 681 3277 ut
704 3232 833 3293 tanquam
854 3224 945 3294 turpis
968 3227 1058 3278 bestia
1080 3235 1268 3296 opponeretur

130 3311 311 3363 nobilioribus
332 3328 363 3363 ac
383 3309 475 3380 specie
493 3326 546 3361 sira
560 3309 737 3379 moribusque
752 3310 915 3379 Typhonem
926 3311 1123 3379 quodammodo
1139 3314 1266 3378 referret,

128 3414 188 3449 cum
205 3397 397 3462 contracunis,
412 3396 479 3461 bos,
497 3393 566 3446 aliae
591 3394 697 3447 bestiae
722 3395 751 3447 in
774 3394 889 3446 historia
913 3394 1034 3448 Osiridis
1060 3413 1139 3448 sacra
1163 3413 1266 3449 summo

129 3482 233 3535 honore
247 3481 463 3550 impertirentur.
513 3479 614 3545 „Unde
635 3479 805 3549 antiquitus,
831 3479 923 3549 pergit
938 3480 1004 3548 Cn,
1029 3480 1143 3533 asinarii
1165 3481 1267 3548 stipsi

129 3567 156 3618 in
176 3572 350 3636 contemptus
362 3566 521 3618 societatem
538 3570 685 3616 venerunt.
731 3564 783 3615 Cui
801 3563 898 3630 generi
917 3563 1052 3617 bominum
1070 3565 1266 3635 quadammodo

128 3651 268 3705 accenseri
293 3658 412 3720 possunt
434 3649 514 3702 etiam
528 3649 576 3701 isti
596 3659 721 3719 ogyrtue,
741 3648 789 3720 qui
804 3649 857 3700 diis
875 3647 1035 3718 deabusque
1056 3650 1154 3717 stipem
1172 3668 1266 3703 corro-

127 3738 231 3805 gabant
245 3742 273 3789 et
287 3735 372 3788 asello
387 3736 559 3788 vehebantur
572 3734 642 3805 (vid.
658 3734 806 3787 Ruhnken.
822 3732 857 3785 ad
872 3731 977 3785 Timaei
992 3734 1060 3786 Lex.
1076 3732 1147 3786 Plat.
1164 3754 1191 3805 p.
1209 3739 1264 3803 10).

127 3822 229 3875 Verum
246 3822 337 3891 priseo
353 3838 421 3873 aevo
437 3819 510 3872 baud
527 3819 610 3872 dubie
625 3820 768 3873 honestum
789 3818 844 3870 suit
859 3818 908 3869 boc
926 3833 1067 3872 sacrorum
1082 3820 1266 3873 curandorum

128 3908 262 3973 officium,
286 3907 310 3958 si
331 3906 439 3976 quidem
462 3905 521 3973 ipse
543 3903 589 3957 ille
604 3905 703 3956 Aberia
728 3904 756 3955 in
778 3911 937 3969 agyrtarum
963 3921 1075 3956 numero
1096 3907 1263 3971 censendus,

127 3997 199 4043 teste
220 3992 367 4045 Iamblicho
388 3989 430 4041 De
456 3989 503 4040 vit.
519 3987 601 4055 Pytb.
623 4006 666 4058 ap.
684 3992 725 4042 lu.
742 4007 768 4057 p.
785 3990 829 4041 76.
874 3986 965 4056 Atque
984 3990 1074 4059 ipsum
1093 3988 1265 4043 Herodotum

126 4082 251 4131 nostrum
267 4084 364 4129 testem
380 4074 509 4126 adhibere
524 4090 671 4142 possumus
686 4073 789 4125 veteris
809 4071 1031 4145 honestiorisque
1052 4074 1135 4127 moris
1156 4080 1184 4128 et
1204 4075 1265 4144 qui-

126 4161 186 4213 dem
201 4162 228 4214 in
245 4161 335 4231 ipsius
350 4160 456 4212 Dianae
471 4158 652 4226 religionibus
675 4157 724 4209 lv.
746 4160 780 4211 35
809 4156 868 4227 [ubi
892 4156 947 4209 vid.
967 4162 1062 4229 nott.].
1107 4159 1187 4222 Quae
1206 4176 1265 4212 cum

125 4246 165 4297 ita
192 4246 263 4311 sint,
289 4263 343 4297 non
370 4244 537 4311 mirandum,
562 4245 654 4313 priscis
674 4245 833 4313 temporibus
857 4243 985 4297 eiusmodi
1005 4247 1164 4314 sacn'ficulos
1189 4250 1267 4313 atque

126 4341 238 4401 egystus
252 4329 361 4384 brionna
376 4348 479 4399 quoque
499 4330 641 4384 honoribus
663 4338 774 4382 ornatos
784 4329 943 4394 heroicisque
959 4331 1082 4399 gentibus
1099 4332 1266 4400 interpositos

126 4435 189 4469 ease.
234 4417 334 4484 Neque
352 4416 404 4466 iam
420 4416 567 4467 obscurum
583 4421 641 4478 est,
658 4429 708 4465 cur
723 4431 863 4466 sacrorum
883 4412 1013 4467 inventor
1032 4414 1159 4484 idemque
1180 4416 1265 4468 sacri·

999 4509 1065 4572 52*
