2916 5130
365 372 666 450 Ῥοιειιοια
690 390 759 451 vn.
785 398 940 454 εει-ιιι.
1174 387 1235 450 τεο

102 566 254 652 γομένων
276 564 331 632 ἐπὶ
355 560 416 633 τόν
435 559 602 648 κολωνόν,
631 560 892 649 ἀποσχισθέντες
918 564 1048 633 τούτων
1068 535 1181 651 χεῖράς
1198 592 1234 633 τε

101 671 295 753 προέτεινον
309 670 365 737 καὶ
379 665 478 757 ἤϊσαν
492 659 595 737 ἆσσον
608 673 677 736 τῶν
691 667 889 755 βαρβάρων,
913 672 1065 755 λέγοντες
1078 666 1138 737 τόν
1151 664 1232 757 όλη·

100 774 264 840 θέστατον
282 777 351 840 τῶν
372 771 500 857 λόγων,
524 767 568 851 αἱς
582 773 637 839 καὶ
652 777 843 858 μηδίζουσι,
869 774 924 842 καὶ
942 778 1007 861 γῆν
1019 800 1056 842 τε
1069 775 1125 843 καὶ
1137 770 1232 859 ὕδωρ

100 878 136 943 έν
153 873 315 962 πρώτοισι
345 880 467 944 ἔδοσαν
495 880 643 961 βασιλέϊ,
670 869 737 944 dud
760 876 798 945 δὲ
819 873 1002 964 ἀναγκαίης
1024 874 1173 965 ἐχόμενοι
1199 882 1233 956 ές

100 978 319 1067 Θερμοπύλας
340 975 532 1064 ἀπικοίατο,
565 980 621 1047 καὶ
637 975 781 1048 ἀναίτιοι
811 979 880 1049 εἶεν
902 986 962 1050 τοῦ
982 981 1151 1069 τρώματος
1173 987 1233 1051 τοῦ

100 1082 274 1169 γεγονότος
287 1086 437 1171 βασιλέϊ·
469 1079 553 1152 ὥστε
568 1087 672 1151 ταῦτα
693 1084 847 1169 λέγοντες
866 1092 1110 1171 περιεγίνοντο·
1143 1084 1233 1172 εἶχον

99 1184 161 1274 γὰρ
183 1189 239 1257 καὶ
255 1183 446 1265 Θεσσαλούς
466 1191 535 1255 τῶν
552 1187 663 1275 λόγων
683 1185 813 1255 τούτων
834 1187 1014 1276 μάρτυρας.
1053 1185 1106 1257 Ού
1119 1192 1232 1277 μέντοι

98 1289 175 1376 τύγε
191 1290 301 1360 πάντα
316 1288 517 1378 εὐτύχησαν·
547 1287 591 1371 ὡς
605 1284 669 1377 γόρ
683 1287 805 1370 αύτούς
820 1297 941 1378 ἔλαβον
955 1297 989 1361 od
999 1292 1163 1379 βάρβαροι
1179 1296 1230 1361 ἐλ-

98 1395 237 1480 θόντας,
264 1392 342 1474 τούς
361 1397 423 1482 μέν
442 1421 536 1472 τινας
555 1397 611 1464 καὶ
631 1391 832 1467 ἀπέκτειναν
850 1396 1065 1482 προσιόντας,
1096 1395 1174 1477 τούς
1194 1396 1232 1465 δὲ

100 1503 247 1577 πλεῦνας
261 1495 390 1582 αὐτῶν,
413 1496 633 1578 κελεύσαντος
646 1500 792 1584 Ξέρξεω,
805 1504 944 1580 ’ἔστιζον
959 1506 1120 1585 στίγματα
1133 1506 1229 1587 βασι·

53 1602 197 1690 61ῦλήλα,
228 1600 408 1688 ἀρξόμενοι
432 1598 497 1670 ύπό
527 1608 587 1670 τοῦ
613 1605 801 1689 στρατηγοῦ
825 1599 1054 1685 Λεοντιάδεω,
1086 1608 1146 1670 τοῦ
1171 1600 1231 1672 τόν

97 1711 199 1775 παῖδα
229 1702 433 1793 Εὐρύμαχον
464 1704 573 1797 χρόνῳ
607 1707 780 1793 μετέπειτα
815 1705 1005 1791 ἐφόνευσαν
1037 1709 1230 1789 Πλαταιέες,

96 1809 369 1897 στρατηγήσαντα
402 1805 539 1895 ἀνδρῶν
564 1817 722 1897 Θηβαίων
748 1818 988 1895 τετρακοσίων,
1024 1810 1080 1878 καὶ
1106 1809 1228 1896 σχόντα

95 1910 129 1981 τό
143 1911 228 1982 ἄστυ
243 1911 280 1980 τό
293 1914 503 1980 Πλαταιέων.

173 2020 218 2085 Oi
244 2015 307 2103 μὲν
328 2014 370 2103 δὴ
390 2018 468 2102 περὶ
486 2013 705 2101 Θερμοπύλας
721 2010 880 2102 Ἕλληνες
898 2009 985 2082 οὕτω
1009 2010 1296 2103 ἦγωνίσαντο.234

97 2122 216 2208 Ξέρξης
246 2118 283 2187 δὲ
310 2121 451 2197 καλέσας
473 2118 675 2207 Δημάρητον
705 2117 825 2203 εἰρώτα
852 2115 1034 2206 ἀρξόμενος
1065 2121 1224 2187 ἐνθένδε·

100 2224 295 2314 Δημάρητε,
309 2220 394 2311 ἀνὴρ
408 2221 456 2301 εἷς
471 2220 609 2311 νἰγαθός.
643 2229 862 2310 τεκμαίρομαι
874 2222 911 2290 δὲ
924 2227 964 2310 τῇ
978 2217 1136 2311 ἀληθείη·
1167 2219 1228 2292 ὅσα

101 2444 180 2496 noque
191 2429 257 2480 inde
270 2428 336 2479 mihi
346 2428 482 2493 persuasit
495 2428 578 2479 Grote
589 2427 607 2479 1.
619 2427 636 2478 I.

99 2514 155 2565 ptg.
176 2502 245 2561 123,
276 2514 345 2564 quae
365 2498 399 2551 de
415 2498 555 2549 Thebanis
573 2498 599 2548 h.
620 2497 637 2548 l.

100 2577 255 2632 narrantur,
272 2568 415 2633 postmodo
426 2568 491 2618 fictu
503 2584 563 2619 esse
575 2585 638 2619 con-

100 2640 208 2691 tendens
219 2639 256 2688 ab
271 2639 318 2702 iis,
336 2639 381 2703 qui
391 2638 581 2688 Thebanorum
590 2638 639 2687 ad·

99 2712 208 2760 versarii
237 2709 392 2759 exstiterint
415 2723 462 2772 per
484 2708 637 2758 Graeciam.

99 2779 135 2829 hd
147 2795 232 2830 voces
248 2775 316 2833 τέως
333 2770 385 2839 μὶν
404 2776 476 2827 conf.
491 2778 519 2841 1,
535 2778 569 2828 8ss
586 2778 637 2827 ibi·

101 2864 145 2913 que
158 2854 232 2899 nott.
243 2853 270 2897 et
280 2848 315 2897 od
325 2846 489 2897 locutionem
500 2846 637 2909 κατυπέρ-

99 2933 158 2979 τερα
171 2946 206 2956 -
223 2911 257 2966 τὰ
272 2912 422 2981 πρήγματα
436 2918 463 2979 1,
484 2918 527 2969 hh.
543 2918 586 2968 (57.
604 2917 637 2967 68

98 2989 157 3041 coll.
175 2988 261 3049 VIII,
286 2986 316 3037 th
337 2988 429 3052 ibique
449 2987 544 3037 allata.
584 2990 636 3038 Pro

95 3048 284 3123 ἐπειγομένων
302 3057 330 3106 in
341 3057 500 3108 Florentino
520 3057 637 3123 aliisque

96 3135 135 3179 est
149 3122 368 3192 ἐπιγενομένων.
395 3126 437 3176 Ad
448 3128 530 3177 verbu
544 3130 638 3190 χεῖρας

95 3225 127 3235 -
137 3194 305 3261 προέτεινον
315 3195 387 3249 conf.
397 3201 465 3246 nott.
474 3197 509 3247 nd
518 3198 565 3259 IV,
580 3197 637 3249 1311.

94 3260 141 3325 τὰς
155 3259 254 3329 δεξιὰς
267 3263 476 3329 προτείνειν
491 3264 560 3316 dixit
572 3283 638 3332 qno·

96 3353 145 3403 que
155 3336 308 3401 Xenophon
323 3335 474 3400 Cyropaed.
489 3334 541 3397 IV,
552 3339 583 3397 2,
598 3338 637 3398 19,

96 3411 141 3472 ηοί
155 3413 181 3471 5.
197 3409 229 3459 17
243 3407 356 3470 scripsit
373 3401 423 3461 τὰς
439 3397 535 3466 δεξιὰς
555 3397 637 3455 ἀνα·

95 3477 207 3531 τείνειν.

128 3544 175 3597 καὶ
188 3542 244 3612 γῆν
256 3558 284 3593 τε
299 3537 348 3592 καὶ
360 3531 450 3609 ὕδωρ]
470 3543 549 3596 Cous.
566 3548 636 3593 nott.

95 3615 264 3677 ad1v‚126
282 3620 309 3665 et
326 3613 416 3677 adv,
435 3615 482 3674 17;
501 3612 534 3663 de
555 3613 637 3663 celeri

95 3687 233 3736 modorum
246 3686 367 3735 transitu
382 3685 409 3732 iu
422 3685 543 3749 proxime
560 3700 636 3748 seqq.

96 3748 254 3818 (ε’δοσαν-
264 3748 417 3803 ἀπικοίατο
434 3780 467 3788 -
482 3744 551 3817 εἷεν)
578 3754 635 3803 vid.

96 3831 163 3875 nott.
183 3823 220 3875 ad
235 3824 378 3882 V11,·203.
416 3824 457 3873 De
477 3828 637 3888 argumento

687 2426 770 2479 Plura
784 2429 907 2480 excitent
923 2428 1018 2477 Winer
1037 2428 1071 2478 ad
1083 2428 1162 2479 Pauli
1175 2431 1226 2495 Ep.

688 2499 724 2548 ιιι]
734 2499 825 2549 Galat.
835 2497 886 2559 v1‚
898 2498 927 2547 17
940 2504 967 2548 et
977 2497 1082 2548 Knobei
1097 2499 1132 2548 ad
1142 2500 1228 2550 Exod.

687 2568 774 2629 XIII,
795 2569 835 2621 tt.
857 2567 1003 2632 pog.130;
1029 2568 1101 2619 conf.
1121 2584 1227 2634 quoquo

686 2638 819 2691 Herodot.
841 2639 878 2696 V,
896 2638 930 2688 35
951 2642 978 2686 et
996 2638 1065 2699 v11,
1082 2637 1116 2689 :35
1135 2639 1227 2706 ibique

687 2714 757 2757 nott.
783 2709 825 2757 De
840 2707 1066 2757 structureverbi
1078 2704 1177 2766 στίζειν
1191 2710 1226 2759 ci.

686 2777 785 2828 Mutth.
799 2776 846 2827 Gr.
859 2776 904 2826 Gr.
916 2779 941 2837 ξ.
952 2777 1012 2826 421.
1026 2778 1128 2828 nott.3.
1157 2779 1228 2839 Add.

685 2846 822 2898 Plutarch.
841 2845 939 2898 Pericl.
952 2847 986 2895 26
1002 2851 1029 2897 et
1044 2847 1170 2900 Dindor·f.
1193 2849 1228 2899 ed

687 2916 861 2981 Xenophont.
875 2916 962 2966 Annb.
974 2916 1009 2978 V,
1023 2919 1049 2979 4,
1061 2918 1105 2967 32.

734 2979 828 3053 χρόνῳ
854 2984 1014 3050 μετέπειτα]
1047 2986 1155 3036 Accidit
1176 2985 1227 3037 hoc

688 3057 887 3123 qninquaginta
903 3056 958 3107 fere
972 3056 1050 3105 unnic
1063 3064 1140 3120 poet,
1154 3073 1228 3107 anuo

687 3129 736 3180 431
753 3131 817 3176 ante
834 3125 895 3176 Chr.
911 3143 953 3187 τι,
973 3126 1059 3188 primo
1074 3126 1137 3176 belli
1149 3128 1228 3178 Polo·

686 3196 846 3261 ponneoiuci
861 3211 946 3257 anno,
966 3199 997 3246 ut
1015 3197 1102 3246 trudit
1119 3197 1228 3263 Thucy-

688 3268 743 3318 did.
754 3266 791 3327 11,
805 3267 862 3325 25,
875 3266 922 3330 qni
934 3265 1124 3331 Eurynrochrrm,
1139 3269 1228 3320 virum

688 3336 878 3387 Thebanorum
894 3337 1127 3400 potentissimum,
1141 3334 1228 3385 δονα-

686 3400 814 3455 τιότατον
828 3406 962 3470 appellat,
986 3422 1127 3471 perquem
1144 3409 1230 3471 potis·

688 3478 783 3526 nimum
801 3477 923 3526 effectum
943 3477 995 3539 nit,
1014 3481 1044 3526 ut
1058 3476 1181 3526 Thebani
1198 3478 1227 3525 in

687 3546 890 3597 Plataeensinm
904 3546 996 3596 urbem
1009 3546 1228 3610 ingrederentur:

687 3616 759 3681 quod
794 3616 863 3666 idem
899 3615 1016 3665 affirmat
1051 3615 1226 3665 Demoothon.

688 3691 774 3736 contr.
796 3687 893 3735 Nener.
912 3689 937 3748 g.
959 3686 1002 3735 38.
1026 3702 1052 3749 p.
1075 3686 1141 3737 1378
1159 3702 1227 3751 νειμ,

688 3756 801 3806 eundern
820 3771 873 3804 rem
891 3770 1031 3805 enarrans.
1063 3754 1164 3807 Eodem
1178 3771 1228 3805 ou·

688 3832 762 3877 ctore
775 3823 933 3887 Thucydide
942 3841 997 3874 non
1008 3831 1086 3875 erent
1099 3826 1227 3889 quadrin-

96 3894 147 3945 Ioci
160 3894 234 3946 coni.
249 3893 381 3955 v11,·205
396 3899 423 3943 et
439 3893 471 3944 de
484 3908 551 3944 voce
566 3889 636 3954 τρώ-
686 3896 762 3961 genti
775 3893 908 3955 Thebani,
926 3895 1024 3958 quibus
1038 3894 1083 3946 ille
1097 3896 1226 3960 praefuit,

96 3979 133 4025 μα
145 3966 214 4025 Vll,
230 3963 290 4014 236.
307 3963 361 4025 v1,
378 3964 425 4014 132
438 3964 530 4027 ibique
542 3963 602 4015 citt.
687 3966 735 4015 ned
747 3962 927 4029 pauloplures
939 3970 1065 4017 trecentis.
1090 3966 1229 4017 Diodorus

130 4028 236 4093 ἔστιζον
244 4027 390 4094 ’στίγματα
408 4027 553 4098 βασιληία]
579 4034 596 4084 i.
611 4050 634 4083 c.
686 4035 755 4089 XII.
774 4034 805 4083 41
828 4032 988 4098 simpliciter
1007 4035 1076 4085 dicit
1093 4043 1225 4089 trecentos.

97 4106 181 4169 ταμίαι·
204 4106 347 4153 inusserunt
369 4110 442 4152 αολοτ
465 4121 487 4155 s.
512 4106 635 4169 stipmola.
687 4094 873 4166 Thucydidem
890 4106 1011 4168 requitur
1026 4104 1101 4156 'Iheo
1118 4107 1146 4154 in
1160 4108 1226 4156 Pro·

24 4180 27 4188 '
98 4190 167 4238 quae
194 4173 285 4239 qualia
308 4173 423 4233 fuerint,
454 4173 527 4223 haud
552 4172 635 4223 facilc
687 4189 863 4237 gymneomrn.
878 4190 939 4238 cup.
952 4176 977 4225 4.
994 4178 1018 4237 ἕ.
1032 4174 1066 4223 40
1081 4191 1155 4240 oeq.;
1178 4177 1224 4241 qui

98 4260 163 4294 cane
189 4243 298 4294 dixeris.
337 4243 462 4307 Namque
487 4252 561 4294 notar
584 4244 636 4293 hec
687 4242 884 4295 aliihancrenr
900 4251 1042 4299 enarrent.
1065 4242 1226 4296 Demosthe-

97 4328 164 4364 voce
178 4313 343 4375 indicantur,
357 4328 427 4376 quae
437 4313 482 4363 vel
495 4314 581 4364 eorvis
593 4312 637 4369 rel
688 4330 736 4364 neo
749 4314 768 4365 l.
781 4314 798 4364 l.
813 4314 956 4365 ethericus
968 4315 1113 4365 Poliorcet.
1126 4332 1187 4380 cop.
1199 4322 1226 4379 2,

98 4382 311 4434 λιιοίοοιοείετε]
322 4383 412 4447 captio
421 4382 519 4433 aliisve
528 4384 639 4433 inurun·
689 4384 723 4433 do
737 4400 847 4435 nurnero
860 4384 1050 4436 Thebanorum
1062 4385 1128 4435 nihil
1143 4386 1226 4435 tradi-

100 4457 142 4502 tur
165 4454 331 4519 Ignominice
347 4453 392 4504 vol
416 4468 520 4517 poenae
544 4468 637 4503 ceusu.
690 4454 795 4505 derunt.
821 4456 911 4520 Atque
926 4455 976 4505 has
987 4456 1062 4507 rinno
1075 4458 1145 4506 inter
1156 4456 1225 4507 'ilre-
