2916 5130
412 410 478 470 AD
498 407 756 471 HERODOT.
779 408 833 483 VI,
854 419 896 474 69.
1153 406 1215 471 815

82 586 218 639 Athenaei
232 583 265 652 V,
280 587 323 645 15.
338 602 366 654 p.
385 587 433 638 189
449 602 476 653 p.
492 586 543 641 232
557 582 713 651 Schweigb.
727 575 848 652 ’Όμηρος
860 578 891 635 δὲ
901 577 952 651 τὴν
967 575 1056 651 adine
1068 575 1112 635 oiri
1128 578 1218 637 tritam

81 666 129 724 tut
151 672 208 725 τῶν
230 665 380 738 ὑπαίθρων
399 664 509 740 τόπων,
529 666 601 721 ἔνθα
622 657 658 736 ἦν
680 662 695 721 ὁ
714 669 764 721 τοῦ
778 663 901 733 ‘hastos
916 662 985 729 Διὸς
1003 663 1104 739 βωμός.
1134 668 1215 738 [edd.

81 756 217 808 Herodot.
233 756 272 822 V,
292 760 336 809 99.
355 760 380 819 S.
406 758 421 809 3
442 755 535 824 ibique
558 761 627 806 nott.
646 772 673 822 p.
698 756 770 822 178]
805 754 887 805 Vides
909 754 978 805 hanc
999 755 1217 806 observationem

80 858 136 893 non
155 841 241 893 solum
261 842 293 892 ad
311 840 470 892 Homericos
485 840 624 908 pertinere
640 838 715 890 locos
736 838 847 908 (quales
862 846 928 890 sunt
948 838 1051 906 Odyss.
1064 837 1150 904 xxll,
1166 842 1216 893 381

81 944 142 995 seq.
156 926 254 993 tum.
268 925 400 992 Iliadxl,
412 926 486 990 772),
495 941 588 976 verum
596 924 675 976 etiam
682 924 846 976 adnostrum
856 924 943 976 locum
954 939 1111 993 omnesque,
1120 925 1146 975 in
1155 924 1216 994 qui—

80 1012 134 1062 hus
150 1030 288 1065 sacrorum
304 1013 467 1081 privatorum
485 1012 581 1063 mentio
597 1009 637 1060 fit.
660 1009 811 1061 Faciebaut
825 1009 895 1062 enim
911 1026 967 1061 rem
983 1008 1101 1060 divinam
1117 1008 1217 1061 Graeci

80 1096 210 1164 privatim
233 1091 262 1150 ἐν
281 1089 362 1167 αάλῇ.
407 1094 485 1147 Plato
508 1093 626 1162 Republ.
651 1093 678 1160 l,
699 1100 725 1152 2.
753 1112 780 1163 p.
797 1097 926 1163 :taupe
949 1095 1009 1146 Aet.
1032 1093 1065 1145 de
1080 1094 1216 1163 Cephalo:

77 1176 269 1250 τεθυκάςγάρ
282 1175 429 1249 ἐτύγχανεν
435 1174 464 1233 ίν
471 1180 504 1251 τῇ
517 1171 814 1251 αὖλῇ,1ηἰπῳ1αυίο*).
828 1179 1005 1248 Chilenoph.
1015 1178 1143 1231 hlemorr.
1152 1180 1174 1247 l,
1185 1183 1216 1232 12

78 1276 113 1317 et
127 1284 198 1337 quae
213 1268 241 1319 in
257 1266 445 1335 copiosissimo
461 1265 601 1333 Epimetro
616 1265 650 1316 de
666 1265 790 1316 Graecae
807 1264 903 1316 domus
924 1265 1049 1332 partibus
1065 1264 1218 1333 disputavit

77 1352 287 1421 Schneiderus,
310 1351 358 1419 qui
380 1350 533 1402 Herodotei
548 1348 600 1401 loci
621 1367 675 1401 non
691 1350 746 1401 fuit
759 1348 894 1402 immemor
909 1368 937 1419 p.
955 1353 1005 1402 274
1021 1366 1097 1418 scq.‚
1114 1350 1217 1418 Heynii

30 1431 40 1439 ’
79 1437 220 1490 Obsead
241 1435 381 1495 lliad.Xl,
400 1439 460 1487 772.
493 1434 576 1497 Quod
593 1440 683 1487 autem
697 1435 786 1503 Apion
801 1434 849 1487 l.l.
865 1444 941 1505 scptu
957 1438 1004 1488 sub
1019 1437 1071 1499 dio,
1086 1437 1218 1504 inquibus

78 1540 145 1576 eves
160 1524 291 1576 stabulari
302 1524 432 1585 solebant,
447 1512 533 1588 αὐλῆς
550 1519 657 1571 nomine
672 1519 883 1589 comprehendit,
895 1520 1016 1589 pertinet
1031 1536 1062 1570 ea
1078 1537 1123 1572 res
1138 1521 1218 1574 etiam

81 1608 120 1659 ad
138 1607 176 1659 N.
193 1607 227 1658 Τ.
245 1606 406 1676 scriptores.
451 1605 496 1657 Tu
513 1604 568 1657 vid.
584 1602 758 1656 Valckenarii
777 1604 889 1656 Selectt.
920 1604 1020 1655 Scholl.
1036 1604 1069 1655 ad
1082 1606 1216 1658 Wassen-

88 1692 183 1759 bergh.
209 1710 237 1760 p.
252 1695 304 1746 ‘269
322 1708 381 1759 seq.
403 1690 438 1741 ad
452 1690 521 1742 Luc.
545 1692 593 1756 26,
616 1692 659 1741 55.
712 1690 802 1758 Atque
824 1689 878 1758 ipsi
893 1689 1035 1741 Herodoto
1058 1691 1096 1743 ΙΙ.
1119 1694 1169 1743 118
1188 1691 1216 1742 in

85 1776 272 1845 descriptione
295 1775 459 1842 Labyrinthi
480 1774 642 1844 Aegyptiaci
662 1775 734 1825 bunc
755 1767 840 1843 αὐλῆς
862 1774 1046 1841 significatum
1069 1776 1219 1828 vindicavit

85 1862 282 1929 Wyttenbach.
307 1861 342 1913 ad
368 1858 480 1912 Selectt.
497 1859 635 1911 historice.
657 1878 684 1927 p.
706 1861 772 1927 355,
795 1867 825 1910 ut
848 1868 925 1912 esset
950 1870 1071 1930 opertum
1093 1880 1217 1932 superne.

86 1947 184 2017 [Conf.
201 1954 270 1999 nott.
289 1946 322 1998 ad
340 1947 366 1998 h.
382 1943 399 1996 l.
416 1944 477 1996 Vol.
493 1944 516 1996 Ι.
532 1963 560 2014 ρ.
578 1942 639 1997 168.
655 1945 729 2012 771]
764 1946 818 1997 lam
832 1945 898 1996 nihil
914 1962 1028 1998 necesse
1044 1954 1087 1998 est
1101 1964 1218 2016 operose

85 2050 236 2101 exponere,
248 2024 359 2091 αὐλείας
369 2024 461 2098 θύρας
472 2029 499 2080 h.
512 2030 530 2081 l.
542 2028 675 2081 Herodoti
689 2028 728 2079 nil
738 2028 811 2081 aliud
827 2046 889 2082 esse
902 2048 982 2099 quam
994 2025 1116 2098 ἑρκείους
1129 2027 1219 2092 πάλας

87 2115 218 2183 Aeschyli
236 2117 264 2168 in
286 2116 410 2183 Choiph.
432 2117 493 2168 559.
509 2118 570 2167 tou.
588 2118 649 2179 1151,
665 2113 684 2165 i.
700 2128 724 2165 e.
741 2132 822 2181 quam
838 2134 883 2168 eas
899 2123 991 2185 sores,
1012 2136 1080 2185 quoe
1099 2138 1132 2172 ex
1155 2120 1219 2171 aula

86 2196 188 2271 (αὐλῇ)
202 2221 250 2272 per
272 2202 412 2256 maceriem
426 2197 547 2270 (iputov)
563 2202 590 2252 in
606 2201 674 2272 viam
690 2202 800 2254 ducunt.
838 2200 900 2253 Vid.
915 2200 1045 2254 Valcken.
1062 2204 1095 2255 ad
1111 2204 1136 2256 h.
1153 2204 1171 2258 l.
1191 2212 1220 2257 et

89 2285 239 2339 Schneider
263 2286 281 2337 Ι.
304 2286 322 2337 l.
350 2305 377 2356 p.
406 2283 526 2351 271**):
553 2283 746 2337 illudanohis
769 2285 925 2352 singillatim
949 2295 992 2338 est
1014 2288 1219 2361 explorandum,

91 2375 219 2440 quomode
241 2376 358 2425 locorum
381 2372 513 2424 vicinitate
539 2372 621 2424 iuncti
645 2374 745 2433 fuerint
763 2373 791 2422 in
812 2370 955 2426 Demarati
975 2376 1079 2427 aedium
1096 2377 1219 2447 impluvio

90 2458 208 2527 Iuppiter
226 2459 340 2513 Herceus
355 2464 438 2524 atque
454 2458 614 2509 Astrabacus
630 2458 715 2509 heros.
757 2455 789 2507 ln
804 2455 899 2508 domus
918 2457 1077 2511 Homericae
1098 2460 1219 2513 delinea-

88 2542 165 2595 tione
182 2543 203 2594 l.
219 2542 254 2595 H.
270 2541 353 2593 Voss.
370 2542 402 2592 ed
420 2558 496 2593 suam
515 2539 769 2609 interpretationem
785 2541 890 2609 Odyss.
912 2560 1021 2595 vernae.
1043 2545 1122 2613 ponit
1142 2546 1218 2598 lovis

87 2627 191 2679 Hercei
212 2644 285 2679 marn
302 2627 387 2681 merlin
406 2628 433 2679 in
455 2630 527 2680 aulo.
559 2625 622 2687 Qua
643 2626 676 2677 de
698 2644 728 2678 re
750 2643 823 2678 nunc
843 2644 897 2678 uon
920 2627 1020 2680 attinet
1040 2628 1139 2683 dicere.
1176 2631 1218 2683 Ad

91 2714 274 2766 historicorum
288 2723 404 2766 veterum
418 2711 559 2777 rationem,
574 2728 654 2780 qoam
673 2727 746 2762 nunc
760 2711 887 2780 expedire
903 2712 1011 2781 studeo,
1027 2715 1137 2767 maxime
1153 2717 1219 2768 lacit

93 2796 262 2864 Pherecydis
277 2797 354 2849 locus
370 2796 503 2849 classicus
518 2813 561 2864 ap.
578 2794 723 2847 Scholiast.
742 2795 866 2863 Apellen.
881 2797 928 2863 IV,
946 2800 1010 2851 1991
1029 2808 1057 2851 et
1074 2800 1101 2852 in
1116 2801 1218 2854 Phere-

90 2881 187 2948 cydeis
202 2883 306 2934 Sturzii
319 2900 346 2951 p.
362 2884 404 2946 78,
422 2882 469 2933 ubi
485 2880 518 2932 de
534 2881 642 2932 Acrisio
658 2881 696 2932 ita
713 2888 855 2933 narratur:
868 2876 983 2950 Acerina
998 2880 1028 2937 di
1039 2879 1152 2954 κατάγει
1168 2881 1220 2940 σὺν

89 2967 131 3037 τῷ
145 2965 226 3020 παιδλ
241 2962 286 3020 int
300 2961 349 3021 τὸν
364 2960 419 3021 ὑπὸ
435 2966 485 3020 τοῦ
498 2958 608 3033 ‘Hosion
624 2960 812 3037 Διὸς-βωμόν.
841 2966 917 3019 Haec
934 2986 1105 3039 concoquere
1123 2973 1219 3042 nequi-

89 3053 139 3102 bat
159 3052 287 3104 Stnrzius
310 3072 337 3122 p.
356 3055 400 3107 80.
445 3052 546 3103 Vitium
565 3052 755 3103 inveteratum.
791 3051 862 3103 Nam
885 3051 1058 3107 Phavorinus
1084 3057 1221 3125 vulgatam

91 3137 194 3189 retinet
212 3137 328 3207 itemque
345 3137 468 3189 Eudocia
483 3136 511 3187 in
524 3136 630 3187 Violeto
645 3155 672 3206 p.
685 3140 729 3191 32.
746 3136 843 3189 Veram
853 3155 1061 3209 germanamque
1077 3143 1221 3211 scriptoris

91 3238 198 3274 manum
214 3230 336 3292 praestat
354 3223 438 3274 codex
454 3221 623 3273 Scholiastae
640 3221 785 3273 Parisinus
802 3240 830 3290 p.
845 3224 896 3276 314
913 3224 955 3275 ed.
972 3224 1091 3295 Schael'.‚
1108 3227 1156 3297 qui
1169 3228 1221 3280 ita:

90 3300 210 3376 Δανάην
229 3303 258 3360 dl
280 3302 348 3376 μετά
369 3308 419 3361 τοῦ
439 3301 541 3367 παιδός
560 3301 725 3375 καταγαγών
744 3304 782 3367 εἰς
796 3300 846 3360 τὸν
863 3301 918 3361 ὑπὸ
933 3303 964 3363 rb
980 3307 1073 3379 ἕρκιον
1088 3313 1137 3366 τοῦ
1153 3308 1222 3374 Διὸς

164 3515 191 3577 ²⁸¹)
208 3513 307 3579 [locum
330 3516 358 3566 in
373 3514 501 3566 interiore
517 3520 596 3578 parte
616 3514 722 3566 sedium
736 3516 787 3566 sub
801 3516 854 3581 dio,
870 3517 920 3568 soli
935 3523 962 3567 et
973 3524 1055 3570 vento
1071 3522 1221 3586 expositum

94 3583 225 3649 intelligit
239 3586 266 3633 in
284 3584 426 3636 Platonico
438 3587 497 3635 loco
514 3585 676 3635 Stellbaum.
705 3588 738 3636 In
754 3587 911 3638 Herodoteo
925 3587 1085 3654 locopotius
1097 3594 1222 3655 cogitan-

95 3655 157 3703 dum
171 3656 224 3704 erit
238 3655 315 3705 daea
333 3655 585 3721 anla,quecext1·a
604 3657 678 3719 ipsas
694 3656 790 3718 aedes,
814 3659 886 3706 intra
900 3658 983 3708 aedes
1002 3666 1030 3709 et
1044 3662 1116 3710 viam
1136 3661 1222 3726 publi·

95 3740 157 3774 cam
173 3724 229 3774 sita
243 3730 311 3785 erat,
326 3726 361 3773 ab
379 3725 430 3775 hoc
443 3740 518 3774 muro
532 3724 574 3775 vel
587 3731 664 3787 septo
677 3731 830 3790 segregata.
858 3725 919 3791 Bm]

166 3792 209 3855 ”l
227 3792 306 3859 [uda
322 3794 351 3843 C.
371 3797 415 3845 Fr.
429 3797 580 3845 Hermann:
600 3795 973 3850 Griech.PrIvatalterthiim.
997 3801 1020 3860 ξ.
1045 3798 1086 3848 19.
1108 3808 1164 3850 not.
1182 3800 1222 3863 13,

93 3862 214 3914 Becker:
228 3864 367 3914 Charicles
381 3867 418 3916 11.
434 3883 459 3929 p.
478 3864 512 3915 79
530 3865 572 3915 ed.
587 3866 698 3916 secund.
715 3866 953 3930 ApudHomerum
967 3863 997 3915 αἱ
1008 3857 1118 3919 alileam
1131 3864 1221 3932 θύραι

96 3940 124 3983 et
146 3933 222 3997 ipsse
247 3933 344 3998 plurali
365 3950 476 3985 numero
500 3935 625 3983 (licuntur
644 3944 744 3997 portae,
769 3951 834 4000 quoe
849 3941 955 3987 escula
981 3940 1082 3988 inviam
1098 3941 1222 4003 publicem

95 4005 202 4053 ducant:
220 4004 319 4068 Odyss.
331 4005 436 4065 XVIII,
449 4006 509 4055 239.
524 4005 628 4065 XXIII,
641 4006 684 4057 49.
717 4007 793 4066 Quae
811 4006 919 4056 eaedem
942 4009 1024 4057 etiam
1046 4010 1173 4061 dicuntur
1189 4006 1224 4060 ui

95 4066 232 4134 πρόθυρα
246 4074 344 4138 Odyss.
366 4074 686 4138 1‚103.1u.xl‚'777;
710 4080 740 4123 tu
758 4074 813 4124 vid.
834 4092 904 4140 quaa
927 4075 961 4127 de
982 4078 1024 4128 his
1046 4079 1223 4144 disputarunt

96 4142 221 4195 Nitasch.
241 4143 275 4193 ad
290 4143 389 4207 Odyss.
406 4145 439 4201 X,
456 4145 506 4193 220
522 4150 549 4196 et
560 4146 675 4209 Rumpf:
699 4144 740 4194 De
759 4144 872 4196 aedibus
885 4147 1049 4199 Homericis.
1068 4151 1123 4203 Ait.
1146 4153 1221 4202 Part.

96 4213 224 4269 (Giessen
239 4212 316 4277 1858)
329 4229 355 4278 p.
373 4215 414 4264 12.
430 4216 483 4276 Qui
497 4214 531 4264 de
549 4214 633 4276 „aula
646 4216 811 4265 Homerica“
825 4215 976 4281 disputavit
989 4220 1011 4273 1.
1028 4221 1062 4270 H.
1076 4220 1106 4275 Ο.
1120 4223 1222 4287 Eggers

95 4285 124 4332 in
137 4284 341 4347 Programmate
354 4283 472 4334 Altonae
491 4284 557 4335 1830
572 4285 659 4345 edito,
674 4285 813 4351 alteroque
827 4297 1025 4353 programmate
1044 4290 1109 4341 1833
1123 4291 1223 4343 ibidem

98 4353 173 4403 edito
184 4354 216 4402 de
230 4352 337 4402 sedium
348 4355 555 4405 Homericarum
565 4355 699 4419 partibus,
711 4354 791 4404 lmins
803 4356 921 4407 libellum
932 4365 1075 4425 utrumque
1087 4363 1224 4426 inspicere

97 4423 171 4472 haud
184 4422 271 4473 licuit.
286 4424 408 4476 Sed-vid.
424 4440 493 4489 qnae
508 4441 591 4489 supra
604 4425 638 4474 ad
654 4425 785 4475 Herodot.
797 4427 844 4491 vl,
862 4428 968 4479 350011.
982 4431 1032 4494 vl,
1054 4430 1083 4481 91
1107 4433 1223 4485 adnota-

97 4494 186 4547 vimus
205 4492 238 4542 de
250 4495 344 4545 eodem
355 4495 490 4546 vocabulo
506 4495 618 4561 eiusque
628 4495 834 4562 significatione.
849 4496 911 4565 Ba]
