2916 5130
380 368 654 430 POLYMNIA.
681 367 749 427 VH.
777 374 928 433 rot-rot.
1159 364 1220 427 745

95 552 143 632 είη
164 549 231 612 των
254 544 291 612 ἐν
309 539 461 631 Ἕλλησι·
500 549 586 613 ἔνθα
607 540 649 630 δὴ
668 546 706 611 ui
717 537 908 630 Ἑλληνίδες
929 545 1025 611 ίπποι
1048 542 1220 610 ἐλείποντο

95 647 223 716 πολλόν.
267 651 342 714 Τῶν
363 649 424 734 μίν
444 675 509 716 νυν
531 649 567 715 ἐν
581 653 748 735 Θεσσαλίη
762 649 920 733 ποταμοῖν
940 641 1122 731 Ὀνόχωνος
1135 648 1219 732 μοῦ-

93 777 147 830 νος
160 746 221 817 οὐκ
239 745 406 838 ἀπέχρησε
425 756 466 840 τῇ
486 755 624 841 στρατιῇ
642 748 680 819 τό
694 752 855 838 ῥέεθρον,
876 747 1069 836 πινόμενος·
1098 745 1218 816 τῶνδὲ

95 856 130 922 ίν
145 849 268 940 ’Λχαιΐη
282 857 439 940 ποταμῶν
454 852 602 941 ῥεόντων
615 848 695 922 odoi
715 848 803 931 ὅστις
819 847 837 919 ό
857 854 1009 939 μέγιστος
1023 847 1136 921 αὐτῶν
1151 850 1220 919 ἐστὶ

91 953 282 1040 Ἠπιδανός,
306 953 385 1025 οὐδὲ
400 946 497 1037 οὗτος
515 953 667 1043 ἀντέσχε,
686 962 721 1024 εί
736 953 782 1044 μὴ
796 955 964 1041 φλαύρως.
1007 950 1057 1034 Ἐς
1069 952 1169 1023 Ἀλον
1183 952 1219 1021 δὲ
1230 963 1288 1025 197

93 1066 147 1147 τῆς
163 1056 307 1147 Ἀχαιίης
326 1057 517 1153 ἀπικομένῳ
533 1062 639 1148 Ξέρξη
653 1062 688 1128 ol
700 1055 924 1147 κατηγεμόνες
939 1065 996 1146 τῆς
1015 1054 1113 1141 odori,
1136 1063 1218 1143 βου·

40 1204 44 1209 -
94 1162 223 1250 λόμενοι
237 1159 274 1232 τὸ
289 1168 357 1232 πᾶν
371 1165 577 1251 ἐξηγέεσθαι,
592 1163 708 1250 ἔλεγόν
722 1166 757 1231 ol
768 1159 947 1248 ἐπιχώριον
960 1159 1071 1248 λόγον,
1090 1158 1130 1229 τὰ
1143 1159 1221 1243 περὶ

94 1264 128 1335 τό
148 1264 221 1353 ι’ρόν
242 1270 303 1335 τοῦ
316 1273 515 1353 Λαφυστίου
530 1264 627 1350 Διός,
649 1262 694 1345 ὡς
711 1262 856 1352 ’Λθόμας
876 1261 1036 1333 όΛίόλου
1058 1262 1220 1352 ἐμηχανη-

95 1454 175 1506 χρησε
186 1441 221 1491 cf.
237 1440 300 1504 vn,
315 1439 357 1491 43.
376 1440 433 1492 129.
459 1441 524 1491 Mox
539 1441 601 1493 dedi
616 1459 631 1494 e
681 1452 763 1491 earne
779 1436 963 1503 (victimarum
972 1436 1126 1490 oblatarum
1139 1443 1223 1505 atque

94 1513 210 1562 Florent.
225 1502 294 1561 οὐδὲ
306 1497 410 1568 όστιςὸ
426 1504 568 1574 μέγιστος,
585 1513 631 1562 nbi
682 1508 833 1570 caesarum)
853 1513 1007 1559 vescentem
1027 1524 1061 1559 ec
1074 1508 1223 1574 significari

95 1582 173 1647 vulgo
191 1570 318 1643 abesto,
340 1580 459 1645 itemque
472 1572 567 1629 αότιόν
582 1597 631 1646 pro
682 1594 761 1629 sacra
786 1578 876 1643 prisca
898 1576 978 1629 valde
1007 1577 1087 1628 rudia
1108 1581 1222 1643 ipsaque

96 1643 207 1701 αὐτέων.
231 1649 631 1716 Bekkerus,quemsequnntur
680 1649 799 1701 numana,
813 1662 928 1713 quornm
948 1649 1068 1713 vestigia
1088 1648 1140 1698 hoc
1159 1649 1222 1712 ipsa

95 1719 395 1783 Diudorf.etDietech.‚
407 1718 545 1786 vulgatam
557 1726 632 1771 utrc-
681 1721 710 1769 in
724 1717 817 1767 fabula
831 1722 1005 1782 comparent,
1022 1718 1145 1782 equidem
1165 1733 1223 1768 cre·

98 1788 387 1924 ηηεθίιηίόῇφῗόιόόόόόίὶ.
396 1873 420 1912 e.
430 1872 478 1906 nou
488 1859 537 1908 nisi
544 1873 631 1924 oepre.
681 1786 948 1923 ίὶὅιτιόλιοτόόόίᾱμόρεί
954 1786 1027 1921 01641
1043 1785 1223 1907 όίντόίόόόθιίόό

98 1928 254 1979 Adverbinm
262 1923 396 1988 φλαόρως
406 1929 524 1991 reperies
532 1927 579 1990 VI,
588 1929 631 1980 94.
682 1921 802 1989 φόσσειν
811 1926 922 1991 proprie
934 1942 966 1976 ec
979 1926 1119 1990 primitive
1129 1926 1158 1976 vi
1171 1941 1223 2004 ιαμ

98 1997 290 2059 135.111,129.
309 1995 366 2047 130.
383 1996 446 2060 v11,
461 1996 502 2047 10.
517 2000 542 2059 5.
556 1998 581 2050 7.
681 1997 753 2047 idem
773 2010 832 2045 esse
856 1995 1016 2046 existimans
1040 2000 1123 2061 atque
1141 2007 1225 2044 σπευ-

681 2063 753 2128 tarn,
768 2064 849 2115 dubio
862 2080 929 2116 sane
939 2070 1010 2117 teste
1020 2065 1157 2129 Hesychic
1173 2064 1223 2130 (11.

682 2150 744 2199 pag.
761 2132 835 2214 435),
852 2135 899 2200 qui
921 2134 988 2186 hoec
1003 2134 1100 2186 hebet:
1118 2124 1224 2200 λαφύσ-

684 2213 740 2254 σει’
758 2217 826 2266 μετα
846 2203 971 2267 σκαλμοῦ
984 2194 1087 2268 ἐσθίει,
1100 2197 1225 2265 σπαράσ-

684 2287 734 2336 σει,
747 2270 855 2329 λιίπτει,
869 2271 1029 2336 καταπίνει,
1047 2287 1093 2322 σπ
1103 2288 1115 2322 ε
1124 2265 1143 2321 v'
1150 2271 1186 2323 de
1196 2289 1224 2337 ι,

682 2336 751 2407 μετὰ
762 2340 862 2408 θυμοῦ
874 2334 1146 2406 ίσθίει,Λαφυ’στιον
1160 2342 1223 2394 inde

684 2412 798 2464 eundem
811 2428 870 2463 esee
883 2411 943 2463 vult
955 2418 1040 2478 utque
1055 2404 1169 2472 Φύξιον
1181 2415 1224 2463 Ιο-

682 2497 757 2544 vem,
778 2498 855 2546 quem
870 2482 997 2533 Thessali
1017 2481 1172 2543 coluerunt,
1195 2481 1223 2530 id

683 2552 771 2602 minus
788 2553 882 2617 utique
896 2550 948 2602 hnc
966 2553 1102 2617 pertinere
1114 2550 1224 2602 credam

249 2168 316 2219 αα».
337 2167 470 2219 cxcvn.

128 2261 246 2340 ιςίιοι]
272 2271 333 2323 vio.
352 2276 421 2321 non.
436 2272 471 2321 au
485 2245 554 2335 vir,
573 2272 631 2323 173.

98 2340 134 2391 Ad
147 2358 226 2393 voees
247 2334 279 2391 oi
291 2334 480 2405 κατηγεμόνες
497 2340 549 2407 τῆς
560 2335 632 2392 ὁδοῦ

98 2411 163 2461 conf.
178 2414 209 2473 V,
226 2414 256 2463 14
270 2411 336 2475 ibiq.
347 2416 417 2464 nott.

127 2472 160 2528 toi
178 2477 242 2546 περί
256 2474 290 2531 τό
308 2475 372 2541 lodo
392 2479 445 2529 τοῦ
464 2478 631 2543 Λαφυστίου

98 2544 172 2615 Διός]
189 2551 270 2614 Quod
283 2542 348 2614 ίρόν
360 2549 406 2600 hic
419 2556 501 2601 vocat
510 2550 633 2600 Herodo-

98 2622 137 2668 tus
153 2622 228 2670 ίοοαια
242 2622 293 2671 din
307 2627 486 2683 consecratum,
505 2619 633 2685 deinceps

98 2687 212 2752 appellat
232 2682 319 2746 ἄλσος
337 2686 438 2753 (lacurn)
454 2694 481 2739 et
500 2684 631 2749 τέμενοςι

99 2772 147 2820 qno
162 2760 254 2809 eodem
266 2757 401 2809 vocabulo
414 2759 501 2808 utitur
513 2760 633 2810 Pausan.

98 2826 142 2885 lx,
152 2827 193 2879 er.
205 2832 229 2892 ξ.
241 2830 263 2878 Ι.
276 2830 292 2878 4
305 2832 419 2879 notante
430 2827 577 2879 Lercherc.
592 2830 633 2879 De

98 2894 151 2945 que
172 2898 309 2965 Laphystio
328 2897 397 2947 bene
413 2898 507 2948 attulit
524 2898 635 2948 Wesse·

98 2962 158 3030 ling·
177 2966 267 3017 Schol.
289 2966 324 3016 ad
343 2966 469 3031 Apollon.
485 2967 572 3017 Rhod.
595 2967 633 3029 ll,

99 3032 145 3086 555
157 3036 202 3098 (ab
210 3037 352 3087 Herodoto
365 3036 463 3087 leviter
477 3036 634 3102 discrepan-

99 3107 147 3152 tem
169 3121 201 3156 ac
223 3107 256 3157 de
279 3105 397 3156 humana
412 3107 538 3169 victime,
554 3122 634 3172 quam

99 3174 175 3224 etiam
188 3182 321 3227 memorat
333 3175 413 3226 Plato
428 3178 455 3227 in
467 3177 534 3229 Min.
546 3193 572 3241 p.
583 3176 634 3227 315

99 3241 135 3305 (λ,
146 3243 303 3309 tacentem),
314 3246 434 3300 Pausan.
450 3247 500 3307 IX,
513 3246 555 3298 34.
572 3249 596 3310 ς.
606 3247 632 3295 4.

97 3310 208 3375 Etymol.
226 3315 321 3380 Magn.
341 3332 363 3365 s.
378 3332 404 3365 v.
426 3331 451 3380 p.
467 3318 518 3366 557
532 3306 632 3377 Λαφό-

99 3392 183 3445 τινος,
214 3374 411 3441 ὁΔιόνυσοςε
443 3378 501 3433 ont
526 3382 577 3433 τοῦ
602 3373 638 3432 ἐν’

99 3447 213 3520 Βοιωτίᾳ
227 3451 398 3516 Λαφυστίου
413 3444 508 3515 ὄρους.
536 3445 635 3515 Λαφό-

99 3530 170 3578 στιος
180 3524 261 3585 enim,
275 3525 322 3588 qui
330 3522 432 3574 dicitur
443 3524 501 3573 sive
510 3524 633 3588 luppiter

100 3589 154 3639 sire
165 3591 303 3654 Bacchus,
317 3597 387 3643 teste
400 3593 485 3643 Suida
502 3593 572 3643 idem
591 3598 633 3643 est

682 2620 1223 2687 cnmC.Fr.Hermsnuofflcttesdienstl.

683 2688 1110 2753 Alterth.§.27.not.l.coll.13).
1129 2692 1225 2756 Neque

683 2761 754 2812 cuim
774 2760 809 2810 nd
825 2760 926 2824 Phryxi
944 2760 1036 2825 iugum
1057 2760 1108 2809 hoc
1124 2760 1226 2810 referre

683 2831 793 2891 licebit,
809 2832 833 2879 si
846 2829 956 2894 quidem
972 2830 1004 2893 is,
1022 2846 1082 2881 cnm
1097 2833 1124 2879 in
1141 2844 1172 2880 eo
1185 2846 1226 2881 es-

684 2905 736 2959 set,
747 2903 778 2948 nt
788 2904 963 2962 mactaretur,
976 2900 1070 2950 divina
1083 2915 1133 2963 ope
1143 2900 1226 2949 inter-

684 2969 798 3021 cedente
823 2969 889 3033 ingt
910 2970 1039 3034 abreptus
1059 2974 1141 3035 atque
1161 2969 1224 3021 inde

684 3043 810 3092 servatus
831 3039 948 3088 dicitur:
968 3037 1041 3089 nullo
1056 3040 1127 3090 enim
1147 3038 1225 3089 modo

686 3113 714 3159 in
723 3108 826 3173 Phryxi
840 3108 906 3173 iuge
918 3108 990 3159 hunc
1001 3108 1079 3159 deum
1094 3109 1227 3160 interces-

685 3180 755 3229 sisse
778 3178 907 3244 legimur,
933 3180 979 3245 qui
992 3179 1096 3244 Phryxi
1114 3179 1225 3230 caedem

685 3248 792 3298 ulturus
805 3249 898 3312 potius
920 3249 1036 3312 cogitari
1052 3249 1134 3298 debet
1152 3248 1227 3300 inde-

684 3333 735 3382 que
757 3317 907 3381 placandus
930 3321 1016 3368 secr-is
1032 3318 1074 3370 vel
1092 3318 1228 3391 humanis.

684 3387 827 3437 Caeterum
840 3387 870 3438 C.
878 3387 910 3438 0.
919 3388 1032 3440 Mueller
1042 3386 1090 3448 (nd
1099 3387 1227 3451 Aeschyli

683 3457 826 3508 Eumenid.
842 3472 869 3522 p.
878 3457 928 3510 139
938 3457 1000 3508 coll.
1011 3457 1072 3517 144)
1086 3457 1229 3507 IonemLo·

682 3524 807 3591 μίιμσίίανι
827 3532 973 3593 cognatum
991 3527 1075 3578 hebet
1093 3541 1153 3576 cum
1169 3525 1229 3577 Ιουτ

685 3595 828 3658 Meilicln'o,
846 3598 891 3661 qni
906 3602 1028 3661 vocatur,
1043 3613 1103 3647 cum
1119 3596 1227 3661 proprie

100 3662 175 3722 etque
194 3660 362 3726 λαίμαργος,
386 3664 493 3714 nomine
517 3662 598 3713 ducto
617 3678 634 3711 a

100 3729 177 3779 verbo
190 3726 361 3792 λαφυσσειν,
379 3733 450 3797 quod
461 3734 534 3784 auide
549 3735 634 3797 deplu-

98 3796 171 3847 tiendr'
180 3815 212 3850 ac
225 3802 365 3852 decorandi
375 3803 486 3852 notione
499 3802 571 3865 apud
579 3804 634 3852 Ησ-

100 3878 194 3917 merum
204 3869 259 3935 (Ili.
267 3870 377 3934 xl,1ro.
386 3872 634 3935 xv11,64.xv111‚

101 3934 157 3999 583)
174 3938 297 4005 eliosque
308 3940 466 4005 scriptores,
484 3944 581 4006 politas
595 3943 635 3990 in-

686 3664 807 3716 deusille
821 3666 858 3716 sit
870 3668 981 3730 rapiens
995 3682 1028 3717 ac
1041 3666 1176 3716 devorans
1187 3666 1229 3715 in-

686 3733 773 3799 deque
794 3737 875 3785 etinm
896 3735 961 3785 deus
982 3734 1053 3785 ultor
1078 3737 1228 3800 mortisque

686 3812 792 3856 auctor.
811 3804 886 3854 Idem
894 3804 1014 3855 Mueller.
1029 3803 1228 3857 inOrchomen.

685 3889 712 3939 p.
722 3874 767 3925 161
784 3890 861 3939 seqq.
874 3873 997 3939 pluribus
1011 3875 1144 3925 tractavit
1158 3874 1229 3924 hanc

687 3949 772 3994 totam
791 3943 913 3994 fabulum
938 3945 971 3994 de
991 3944 1057 3994 Iove
1076 3944 1228 4008 Laphystio

100 4004 188 4066 primic
200 4007 290 4073 (plura
300 4009 357 4059 vid.
369 4011 397 4060 in
411 4010 543 4063 Thesaur.
554 4013 634 4076 Ling.
686 4017 771 4078 atque
784 4012 949 4063 Athamante
959 4012 1077 4077 Phryxo,
1092 4013 1172 4064 uelde
1185 4028 1229 4063 ce·

102 4073 189 4126 (irasc.
201 4080 232 4126 V.
246 4095 309 4146 pag.
326 4080 375 4131 140
388 4079 429 4129 ed.
443 4081 583 4145 Diodori.)
593 4096 636 4130 re·
684 4081 899 4132 lebrutamillam
911 4083 1018 4147 quidem
1030 4083 1102 4147 opud
1111 4088 1228 4145 veteres,

101 4145 213 4204 peritur:
226 4142 466 4205 ααᾱσΛαφόστιος
475 4149 635 4201 eodcmiere
686 4152 807 4216 tragicos
820 4153 980 4215 praesertim
993 4154 1100 4217 podius,
1110 4153 1157 4217 qni
1166 4153 1228 4202 inde

104 4215 251 4281 pertinebit,
268 4235 320 4284 qno
332 4207 471 4283 Ὠμηστής
484 4221 541 4270 sive
552 4212 635 4279 Ὠμά-
685 4221 841 4271 fabularum
862 4227 1022 4285 argumenta
1046 4223 1229 4284 repetierunt:

103 4274 636 4350 iilos,utBucchusrocuturlvid.Creu·
686 4306 755 4354 qnae
783 4291 853 4339 enim
879 4290 1045 4355 Aeschylus,
1071 4289 1230 4355 Sophocles,

103 4364 151 4400 aer.
166 4353 281 4417 Symbcl.
296 4359 343 4408 IV.
362 4374 426 4424 pag.
444 4357 519 4423 188):
537 4358 635 4424 quibus
686 4359 849 4423 Euripides,
865 4361 1004 4424 Achaeus,
1030 4360 1079 4411 ulii
1094 4361 1230 4426 scripsere

103 4425 299 4486 cognominibus
322 4427 400 4479 deum
416 4428 532 4479 indicari
551 4428 634 4479 cruda
686 4428 797 4480 fabulas
814 4430 896 4481 titulo
913 4432 1104 4495 Athamantis,
1118 4430 1230 4497 Phryxi,
