2970 5128
276 409 338 476 300
710 415 973 481 HERODOTI

275 590 467 660 συνειδέναι
482 587 520 660 dl
533 591 589 660 καὶ
603 589 682 674 τοὺς
695 599 859 674 Πυθίους.
883 592 1030 678 δικάζειν
1044 594 1081 665 dl
1095 578 1241 684 μούνους
1253 589 1327 675 τούς
1337 602 1389 683 βυ·

276 696 388 776 osidae
406 694 527 764 τοσάδε
546 702 673 784 μοῦνα·
706 693 897 787 πατρούχου
917 726 954 767 τε
973 701 1148 790 παρθένου
1171 701 1265 789 πέρι,
1291 702 1322 780 ἐς
1340 697 1390 768 uio

276 930 444 996 aDelphico
461 931 510 984 deo
530 932 673 998 Spartanis
693 934 768 985 edita
790 940 817 985 et
865 927 966 984 τὰτοῦ
980 927 1187 999 sceptrum:
1206 949 1318 1000 quocum
1332 933 1390 984 alios

276 1017 294 1052 a
310 1003 433 1067 regibus,
452 1003 550 1067 quibus
568 1019 585 1053 a
596 1003 703 1067 Pythiis
719 1019 816 1055 oracu-

275 1071 362 1122 lorum
379 1072 443 1123 hinc
463 1075 580 1123 consciis
595 1073 751 1137 traduntur,
770 1090 816 1125 ou·

276 1142 388 1192 stodita.
425 1143 550 1192 Pertinet
566 1143 618 1193 hoc
635 1144 670 1193 ad
690 1145 816 1194 sacerdo

275 1210 357 1262 talem
375 1211 449 1261 illam
469 1229 562 1277 regum
579 1213 757 1278 dignitatem,
782 1214 815 1264 de

277 1297 331 1346 qua
344 1282 400 1334 vid.
410 1287 481 1335 nott.
495 1281 530 1332 ad
540 1283 587 1347 VI,
598 1284 639 1334 56.
663 1285 741 1335 Haec
750 1298 814 1336 vero

276 1351 387 1402 oracula
398 1353 486 1403 literis
498 1354 650 1418 perscripta
660 1368 720 1404 esse
732 1358 761 1403 in
774 1358 815 1404 ta·

274 1421 347 1472 bulis
364 1437 464 1488 easque
480 1422 587 1473 tabulas
603 1422 731 1487 Spartam
747 1423 814 1474 alls·

275 1496 319 1543 tas
332 1506 392 1543 ease
404 1496 465 1559 ipsa
477 1509 520 1545 res
537 1493 637 1570 arguit

297 1555 434 1644 δικάζειν
451 1554 482 1611 δὲ
503 1552 715 1626 perseveraris
736 1557 814 1626 βασι-

274 1624 337 1691 λέας
347 1623 449 1683 τοσοίδε
460 1630 564 1698 μοῦνα]
582 1633 721 1684 Neminem
733 1631 815 1709 fugit,

273 1704 398 1755 consulto
406 1706 535 1755 Nostrum
546 1692 816 1766 addidissepov'vooc

273 1777 301 1825 et
313 1770 420 1837 μοῦνα,
442 1776 510 1823 solos
526 1789 605 1837 reges
623 1774 651 1822 in
666 1774 727 1821 τοὶίι
738 1771 813 1823 hisce

273 1858 415 1894 canussius
424 1844 515 1893 dicere
524 1843 735 1899 affirmaturum
749 1856 812 1891 nam

273 1914 388 1976 Spartae
402 1918 429 1964 et
443 1914 553 1977 perusia
565 1917 592 1964 et
606 1912 654 1962 alii
668 1912 814 1977 magistra-

272 1989 317 2033 tus
333 1983 376 2033 ius
397 1982 526 2033 dicebant
541 1982 657 2048 litesque
676 1981 814 2047 discepta-

271 2051 339 2101 bant
352 2052 384 2102 de
397 2053 431 2101 iis
445 2051 541 2115 rebus,
560 2066 673 2118 quarum
688 2066 755 2100 cura
766 2066 814 2115 pu·

271 2120 343 2171 blice
358 2122 393 2170 iis
406 2123 541 2187 permissa
554 2126 623 2174 erat.
657 2123 812 2183 Quaerere

271 2190 365 2241 aeolis
376 2192 484 2255 regibus
494 2192 691 2242 dirimebantur
700 2205 812 2254 causae,

270 2266 328 2312 tres
349 2262 535 2325 proferuntur:
562 2261 596 2313 de
613 2260 670 2310 fllia
693 2261 812 2311 omnium

270 2331 402 2381 bonorum
417 2336 590 2396 paternorum
607 2331 738 2393 haerede,
756 2332 813 2381 cui·

270 2417 333 2451 uam
347 2400 405 2451 scil.
419 2400 493 2451 illam
507 2402 606 2452 nubere
619 2405 755 2466 oporteat,
768 2401 813 2450 de·

270 2472 334 2521 inde
352 2472 386 2522 de
398 2471 560 2539 adwtioum
583 2471 654 2537 quod
666 2477 812 2535 utrumque

271 2540 306 2591 ad
324 2542 424 2591 civium
444 2541 560 2592 salutem
583 2541 728 2607 gentisque
747 2556 812 2591 con·

270 2612 433 2663 servandam
443 2612 629 2678 iutegritatem
645 2611 811 2675 (quodsum-

270 2682 307 2732 mi
320 2682 447 2732 momenti
461 2682 574 2733 Graecis
590 2682 672 2731 luisse
689 2678 810 2745 constat)

269 2767 330 2803 euru
345 2753 503 2815 pertineret,
515 2752 626 2803 summis
637 2766 745 2816 quoque
756 2766 812 2800 rua-

269 2821 445 2887 gistratibus,
473 2822 519 2886 qui
537 2835 615 2886 reges
636 2827 727 2882 erant,
752 2837 812 2885 per-

269 2892 381 2943 missum
393 2891 453 2941 ιἰι11Ι
478 2894 535 2943 Νοο
550 2891 630 2941 aliter
641 2891 758 2941 Athenis
771 2892 810 2940 in-

268 2962 406 3023 venimus,
423 2961 531 3025 regibus
546 2961 700 3024 abrogatis,
718 2961 754 3011 ad
766 2977 810 3010 ar·

268 3030 394 3082 cboutem
408 3046 582 3095 cponymum,
600 3031 646 3093 qui
658 3045 751 3080 curam
763 3047 810 3096 ge-

267 3099 346 3150 rebat
365 3101 484 3150 omniurn
509 3100 664 3151 istiusmodi
682 3100 808 3165 filiarum,

268 3170 320 3220 hcc
330 3169 401 3219 idem
412 3170 454 3219 ius
464 3170 627 3220 translatum
637 3169 732 3219 fuisse.
750 3172 809 3220 Mo·

269 3239 329 3290 uuit
341 3238 372 3289 C.
386 3239 419 3289 0.
433 3239 554 3290 Mueller.
569 3240 634 3289 Dor.
653 3238 690 3288 11.
705 3255 730 3303 p.
749 3239 808 3303 103,

269 3324 328 3360 cum
341 3324 394 3373 quo
407 3308 501 3360 eodem
514 3310 625 3358 tertium
640 3307 723 3371 illud,
746 3325 809 3360 oau-

268 3395 313 3431 sas
332 3379 365 3430 de
388 3379 442 3429 viis
467 3379 584 3444 publicis
604 3381 808 3441 conservandis,

268 3449 380 3515 opinor,
398 3454 481 3513 utque
499 3448 623 3500 tutandis
643 3449 809 3501 dirimendae

267 3519 303 3568 ad
315 3519 433 3569 militare
445 3535 538 3583 regum
551 3519 693 3584 imperium
708 3520 809 3571 referre

266 3588 331 3639 licet
346 3593 373 3638 et
384 3590 419 3638 ad
430 3591 551 3640 rationes
565 3606 625 3640 cum
639 3586 702 3640 aliis
713 3590 810 3640 civita-

268 3660 342 3709 tibus
359 3660 509 3736 serrandus
523 3676 556 3709 ac
569 3659 693 3709 tuendae.

864 1006 1059 1072 grammaticos
1072 1010 1180 1057 veteres
1195 1005 1341 1056 consentire
1353 1005 1390 1053 oh·

866 1080 960 1127 servat
971 1075 1150 1126 Ruhnkenius
1165 1075 1185 1126 1.
1197 1073 1216 1124 1.
1227 1072 1319 1138 ,alias
1332 1089 1389 1139 quo·

866 1162 917 1211 que
933 1145 1132 1211 appellationes
1150 1145 1282 1207 efferens,
1306 1143 1389 1209 quibus

865 1215 1389 1347 tubilustrium‚tittit·

865 1356 950 1419 tiee,“
931 1301 1076 1420 “igrrquit„
1080 1322 1252 1433 ἐπίκληρος,
1264 1345 1390 1416 rerurre-

864 1440 920 1487 τις,
922 1392 1292 1505 ἔχκΙηροςοιιιιιτροῦχος,
1305 1423 1390 1473 Dorice

865 1494 1009 1545 dicebatur
1038 1486 1228 1573 αὐτονόμων,
1260 1460 1389 1556 ipseipse,

864 1555 1049 1629 ἐιιιπαματὶς,
1067 1556 1233 1627 intuertur:
1257 1561 1389 1627 dequibus

865 1634 1020 1685 nominibus
1043 1635 1175 1686 divinitus
1201 1635 1246 1684 Ti
1269 1633 1390 1683 Hemster·

863 1705 923 1755 hus.
939 1704 975 1754 ad
987 1704 1105 1770 Hesycb
1121 1705 1156 1759 Τ.
1169 1705 1193 1754 Ι.
1208 1718 1235 1767 p.
1250 1702 1315 1754 1107
1327 1700 1389 1751 etad

866 1774 963 1824 Thom.
975 1774 1048 1853 Mag.
1062 1791 1089 1840 p.
1102 1773 1163 1827 340.
1199 1772 1388 1823 EademaDo·

864 1844 939 1895 ribus
957 1835 1092 1908 πᾶμοιχος
1114 1860 1164 1924 pro
1186 1842 1330 1908 ποιμοῦχος
1344 1840 1388 1890 dici

864 1914 964 1979 potuit.
995 1906 1295 1978 Οοι1οπιίμωχοςιιτ1,
1314 1913 1352 1976 qai
1360 1918 1390 1961 to·

862 1992 912 2034 tom
920 1983 1083 2034 hereditatem
1090 1984 1213 2066 possidet
1236 1981 1389 2047 Hesychius:

865 2045 1020 2117 Πάμωχος·
1043 2046 1181 2115 deripier
1201 2046 1309 2102 Ἰταλοί.
1333 2048 1389 2101 Iuda

863 2123 974 2174 verbum
987 2117 1142 2187 παμωχέοι,
1157 2123 1293 2173 Laconice
1307 2133 1390 2181 stupu·

861 2192 931 2257 χιῶ,
948 2194 1079 2257 possideo,
1099 2193 1171 2258 apud
1189 2192 1303 2243 eundem
1315 2191 1390 2252 Hesy-

862 2263 951 2314 chium
962 2263 991 2313 in
1004 2279 1032 2312 v.
1045 2267 1073 2312 et
1086 2264 1116 2312 in
1128 2263 1237 2313 eximiis
1247 2263 1301 2313 illis
1309 2259 1388 2311 Tabu-
1461 2314 1462 2321 ¹

861 2332 895 2382 lis
912 2332 1089 2385 Heracleens.
1105 2334 1127 2383 1.
1144 2349 1188 2384 vs.
1204 2332 1268 2395 120,
1297 2332 1328 2381 de
1343 2342 1388 2393 quo
1461 2380 1462 2391 ,

860 2407 970 2468 praeter
983 2402 1155 2454 Mesochium
1174 2403 1231 2452 uid.
1248 2397 1390 2452 Ederet·
1461 2444 1462 2469 ,

863 2488 926 2522 num
939 2471 1063 2537 Prolegg.
1081 2474 1110 2522 in
1127 2477 1207 2522 notas
1220 2472 1267 2523 Gr.
1285 2488 1309 2536 p.
1325 2468 1355 2519 20
1366 2470 1389 2517 et
1461 2478 1462 2529 χ

861 2542 938 2593 Gieb.
955 2543 1090 2592 Koenium
1111 2541 1145 2591 ad
1160 2542 1275 2607 Gregor.
1291 2540 1323 2590 de
1341 2537 1389 2587 dia·
1461 2532 1462 2563 l

860 2611 923 2664 lect.
934 2628 961 2676 p.
975 2611 1054 2663 105.“
1076 2612 1219 2675 adscripsi
1231 2611 1296 2661 baec
1308 2608 1387 2667 verba,

862 2682 989 2747 quoniam
1002 2697 1088 2746 nuper
1104 2681 1214 2732 exstitit
1228 2680 1341 2731 Cobetus
1356 2677 1388 2739 [in

861 2752 1043 2802 Commentat.
1056 2753 1138 2801 tertia
1149 2750 1279 2815 philolog.
1295 2750 1387 2798 Auste-

860 2821 959 2872 lodam.
972 2821 1048 2872 1853.
1062 2838 1089 2886 p.
1106 2821 1138 2871 13
1152 2821 1224 2871 etin
1234 2822 1386 2880 Mnemosyn.

860 2891 922 2940 VII.
938 2907 962 2956 p.
976 2890 1055 2955 312),
1078 2890 1124 2955 qni
1144 2906 1206 2941 eum
1224 2891 1251 2940 b.
1264 2891 1282 2940 1.
1300 2892 1386 2953 agatur

860 2960 893 3011 de
904 2959 975 3022 filia,
992 2976 1062 3026 quae
1075 2965 1153 3026 patre
1165 2962 1203 3010 sit
1217 2961 1296 3022 orba,
1311 2967 1386 3021 neque

860 3030 893 3082 de
906 3046 939 3081 ca
940 3045 1031 3095 ,quae
1043 3036 1147 3095 patrem
1157 3030 1259 3082 habeat
1271 3028 1386 3094 (indeque

859 3106 974 3151 vocetur
986 3098 1174 3183 coeperim),
1197 3101 1228 3150 in
1244 3102 1302 3165 ipso
1313 3097 1388 3146 Hero·

859 3169 924 3222 doto
940 3186 989 3235 pro
1003 3165 1169 3234 πατρούχου
1181 3171 1265 3220 scribi
1278 3167 1333 3219 vult
1343 3179 1386 3213 πν-

858 3254 982 3305 μονχοιιε
1001 3241 1073 3306 quod
1085 3240 1152 3291 milri
1163 3239 1238 3290 haud
1253 3235 1386 3315 persuasit,

860 3311 907 3375 qui
922 3307 1086 3374 πατρούχου
1103 3308 1254 3372 παρθένον
1274 3307 1325 3358 dici
1338 3303 1386 3356 exi-

859 3380 966 3431 stimem
982 3395 1041 3430 cam
1061 3380 1208 3445 virginem,
1231 3394 1300 3444 quaa
1313 3375 1386 3439 patrie

858 3449 969 3513 eiusque
990 3452 1089 3501 mortui
1102 3450 1168 3500 borsa
1185 3448 1280 3499 taleas
1297 3448 1387 3497 relicte:

858 3519 1276 3585 coni.etiamBredov.p.191.
1301 3519 1385 3579 ltaque
1461 3534 1462 3559 ι

859 3589 1000 3653 vulgatum
1024 3588 1169 3640 lectionem
1190 3587 1385 3649 omnibusque

860 3674 911 3725 quc
924 3659 1001 3710 libris
1013 3659 1123 3725 scriptis
1137 3660 1281 3724 probatam
1292 3660 1385 3706 mutare

302 3721 467 3792 πατρούχου
487 3742 515 3778 τι
535 3722 686 3790 παρθένου
704 3724 768 3790 πέρι
781 3744 807 3779 κ
858 3729 931 3779 haud
946 3729 1062 3794 placuit.
1088 3729 1223 3793 Agiturb.
1236 3727 1255 3777 1
1268 3726 1300 3778 de
1311 3726 1383 3776 unica

266 3796 340 3861 τηλ]
358 3799 418 3848 Hoc
432 3799 472 3847 rte
484 3799 706 3863 rutellrgcudum
724 3803 768 3862 ut,
783 3800 808 3850 si
857 3799 928 3859 iilia,
947 3799 982 3848 ad
1002 3815 1082 3863 quam
1103 3798 1232 3850 defuneto
1248 3800 1322 3862 patre
1343 3793 1384 3842 hu

267 3868 301 3918 de
313 3869 418 3931 nuptiis
435 3868 508 3918 filiae
521 3870 604 3919 orbae
622 3885 639 3918 a
652 3873 730 3933 patre
743 3884 809 3919 non·
856 3869 899 3920 ius
919 3836 992 3919 bona
1013 3870 1104 3919 omnia
1122 3870 1219 3920 relicta
1237 3863 1383 3917 hereditatis

267 3938 329 3988 dum
343 3938 660 4002 desponsataeliefieret
662 3939 807 4021 ,pluribus
858 3941 917 3989 iure
931 3943 1087 3993 transeunt:
1108 3954 1178 4005 quae
1194 3941 1266 3990 boua
1283 3950 1337 3987 cum
1352 3930 1382 3982 ad
1461 3954 1462 4001 3

267 4006 326 4059 soil.
340 4024 399 4059 earu
414 4007 467 4057 srbr
478 4009 684 4060 vindicantibus
697 4010 807 4074 eiusque
856 4012 942 4058 totam
966 4008 1097 4058 familiam
1120 4011 1288 4073 pertineant,
1312 4017 1382 4069 quam

266 4080 470 4129 matrimonium
492 4078 709 4143 postulantibus,
729 4095 807 4143 reges
857 4078 989 4144 integram
1002 4095 1112 4130 servare
1125 4082 1266 4144 oporteat,
1279 4074 1383 4140 plerum·

266 4149 342 4199 litem
370 4147 562 4200 diiudicarent.
600 4149 710 4199 Dicitur
734 4150 805 4200 enim
856 4165 910 4213 que
936 4149 1008 4200 iuter
1033 4149 1153 4200 Graecos
1179 4150 1218 4200 sic
1242 4146 1382 4196 institutum

268 4232 429 4281 πατρουχος
443 4211 605 4280 παρθενος
619 4210 806 4282 1111ιιοοφανη
857 4234 918 4269 esso
928 4218 1067 4280 videmus
1085 4224 1116 4268 ut
1127 4218 1183 4269 filia
1196 4219 1261 4269 orba
1275 4232 1299 4265 er
1312 4213 1382 4263 nube·
1461 4252 1462 4259 ,

266 4283 315 4337 καὶ
327 4281 478 4351 ἐπίκληρος
497 4288 538 4352 (nt
550 4289 657 4338 Timaei
674 4294 736 4338 uter
749 4305 807 4339 ver·
857 4292 914 4352 ret,
926 4289 981 4372 ,qui
992 4303 1091 4352 genere
1106 4293 1178 4358 esset
1190 4287 1336 4353 proximus,
1351 4282 1382 4330 is·

266 4359 309 4409 bis
321 4357 480 4408 Herodotus
491 4359 664 4421 respicientis
674 4373 735 4423 pag.
742 4360 806 4418 2083
857 4373 911 4422 que
924 4359 983 4423 ipse
1000 4359 1059 4409 iure
1074 4349 1152 4423 qussi
1172 4361 1304 4409 teneretur
1319 4351 1381 4402 iltius
1461 4364 1462 4405 3

267 4429 329 4479 add.
335 4430 498 4477 Kortiimin.
507 4427 655 4480 Schlosser.
663 4429 807 4479 etBercht.
856 4429 885 4478 in
904 4428 1103 4479 matrimonium
1123 4428 1275 4479 ducendae:
1298 4424 1340 4489 qui
1360 4418 1380 4468 ei

268 4497 611 4565 Archiu.11.pag.162)‚
635 4486 807 4565 ἦπροοήκει
856 4498 1073 4549 nolletautnon
1088 4502 1198 4564 posset,
1218 4490 1380 4549 ornatior
