2986 5130
446 398 717 471 POLYMNIA.
739 401 810 463 VII.
838 411 895 468 156.
1174 400 1232 467 881

107 569 261 661 κεόμενοι
277 573 310 652 ἐς
325 568 506 663 ὁμολογίην
518 573 796 664 προσεχώρησαν,
816 574 893 656 τούς
906 577 968 666 μὲν
987 573 1100 657 αύτών
1115 579 1237 666 παχέας

107 673 327 764 ἀειραμένους
347 704 383 746 τε
398 676 544 767 πόλεμον
558 674 666 770 αὐτῷ,
686 681 743 748 καλ
756 682 1020 769 προσδοκέοντας
1031 678 1245 752 ἀπολέεσθαι

108 777 163 850 8ιά
177 784 293 866 τούτο,
314 778 406 867 ἀγών
421 783 453 861 ἐς
467 780 524 861 τὰς
537 782 759 871 Συρηκούσας
773 784 931 873 πολιήτας
945 789 1095 874 ἐποίησε·
1126 783 1185 854 τὸν
1199 785 1236 855 bb
1347 805 1350 809 ’

107 888 214 972 δῆμον
223 887 292 953 τών
301 885 501 973 Μεγαρέων,
513 881 574 954 οὐκ
585 884 682 955 ἐόντα
692 892 862 974 μεταίτιον
873 892 933 957 τοῦ
943 890 1091 977 πολέμου
1104 887 1235 973 τούτου,

106 983 187 1058 obul
201 988 472 1077 προσδεκόμενον
490 985 594 1059 κακὸν
607 987 709 1059 οὐδέν
723 996 918 1076 πείσεσθαι,
938 988 1076 1080 ἀγαγών
1088 993 1145 1061 καὶ
1157 991 1235 1061 τού-

106 1119 185 1173 τους
194 1094 226 1172 ές
235 1088 291 1172 τάς
297 1090 529 1180 Συρηκούσας,
537 1089 678 1166 ἀπέδοτο
687 1090 735 1164 ἐπ’
745 1096 894 1185 ἐξαγωγῇ
904 1098 941 1165 ἐκ
948 1102 1116 1184 Σικελίης.
1130 1092 1238 1165 τώυτὸ

107 1194 145 1264 dl
155 1199 253 1264 τοῦτο
263 1196 318 1265 καλ
328 1193 479 1284 Εὐβοέας
488 1194 566 1275 τούς
576 1198 760 1286 ἐνΣικελίη
770 1201 904 1287 ἐποίησε
918 1204 1102 1285 διακρίνας.
1128 1202 1238 1268 ἐποίει

107 1299 146 1369 db
160 1302 264 1368 ταῦτα
277 1298 416 1379 τούτους
429 1296 656 1389 ἀμφοτέρους,
677 1308 815 1390 νομίσας
830 1306 937 1391 δῆμον
951 1300 1036 1372 εἶναι
1051 1311 1239 1393 συνοίκημα

106 1540 189 1606 longe
220 1539 255 1591 ab
284 1540 351 1606 ipsis
379 1540 526 1607 Syracusis
552 1543 649 1593 intimo
699 1540 793 1607 δῆμον
812 1543 930 1609 pertinet
948 1546 1089 1595 structuri
1107 1545 1180 1596 baud
1201 1546 1242 1596 in·

106 1613 138 1661 in
160 1613 236 1662 sinus
249 1610 378 1661 maritimi
395 1627 505 1663 recessu
524 1611 588 1662 urbs
610 1612 650 1661 is·
700 1612 793 1666 soliti.
826 1613 867 1663 Ad
877 1615 961 1664 verbe
972 1605 1097 1663 ἀπέδοτο
1109 1614 1171 1679 (ie.
1182 1632 1241 1666 ναι.

107 1681 169 1731 cuit
188 1681 403 1746 Μτγαναςηυυο
421 1696 474 1747 quo
491 1697 508 1731 a
528 1682 650 1747 Megetis
699 1684 774 1745 didit)
798 1673 844 1732 ἀπ’
862 1672 988 1749 ἐξαγωγῇ
1013 1683 1083 1734 coni.
1111 1688 1180 1735 nott.
1204 1686 1240 1736 ad

108 1749 210 1802 Atticis
223 1750 450 1814 distingueretur,
461 1750 595 1817 Hyblaeas
606 1765 652 1801 co·
700 1755 740 1816 V,
752 1751 779 1803 6.

107 1820 352 1886 gnomenaccepit
368 1821 453 1885 probe
471 1819 651 1871 discernenda
734 1812 865 1888 Εὖβοίας
876 1813 945 1877 τούς
964 1809 994 1869 έν
1009 1819 1135 1887 Σικελίῃ]
1146 1823 1241 1883 ,Hau

106 1889 649 1956 abHybloGelests'de,aliaSiciliaeurbe,
700 1891 800 1943 civitas
826 1906 843 1940 a
868 1891 1012 1941 Leontinis
1031 1892 1144 1942 condita
1167 1894 1242 1944 intra

109 1973 228 2026 quacum
255 1959 420 2024 Megaricam
444 1958 563 2023 Hyblam
592 1974 652 2011 sae·
701 1959 914 2026 promontorium
935 1959 1094 2025 Pachynum
1117 1977 1152 2012 ac
1168 1962 1243 2027 Lily-

110 2029 173 2095 pius
190 2028 333 2080 contusam
350 2044 410 2080 esse
427 2029 560 2080 ridemus.
587 2028 651 2080 Vid.

109 2096 265 2164 Thucydid.
287 2099 341 2162 VI,
358 2098 392 2150 82
407 2098 467 2150 οοΙΙ.
481 2097 529 2159 94,
558 2099 652 2164 Poppo

108 2170 139 2231 1,
150 2171 177 2218 2.
196 2183 259 2233 pag.
275 2169 405 2233 btlseq„
433 2183 511 2234 quem
529 2170 653 2234 sequitur

109 2239 143 2290 C.
153 2239 199 2289 Fr.
217 2239 366 2289 Hermann.
382 2237 429 2289 11.
443 2241 467 2302 ς.
479 2237 523 2295 84,
537 2236 563 2296 8,
576 2238 655 2288 Men·

17 2342 18 2355 r
110 2312 184 2359 nort.
201 2308 294 2370 1x,2.
314 2323 341 2372 p.
359 2307 410 2359 301
424 2323 492 2373 seq,
505 2307 651 2373 Forbiger:

17 2402 19 2431 l
109 2376 223 2429 Hsndb.
232 2375 258 2428 d.
267 2376 314 2430 alt.
322 2375 478 2442 Gangraph.
492 2377 544 2428 III.
556 2392 583 2442 p.
592 2377 653 2439 795,

111 2445 236 2498 Goeller:
261 2447 301 2496 De
315 2447 369 2497 situ
392 2450 420 2497 et
437 2447 505 2512 orig.
524 2446 652 2511 syracus.

17 2566 18 2573 ,
111 2534 141 2584 p.
158 2516 184 2568 8.
221 2514 315 2566 Adhuc
333 2515 408 2566 nulla
428 2516 505 2567 urbis
523 2517 655 2582 antiquae

18 2616 19 2639 ι
112 2589 261 2651 supersunt
282 2586 421 2651 vestigia,
443 2601 525 2651 quam
548 2602 580 2635 eo
595 2585 667 2641 loco,

18 2684 20 2713 r
112 2657 197 2707 sitam
219 2654 329 2717 volunt,
362 2670 415 2721 quo
440 2654 522 2707 bodie
541 2656 655 2707 Cottas-o.

18 2752 20 2779 ι
111 2725 216 2776 Urbem
236 2740 253 2774 a
272 2724 391 2785 Gelone,
410 2725 457 2790 qni
475 2725 569 2776 statim
583 2729 658 2791 post·

18 2828 19 2853 2
76 2812 82 2821 ·
111 2810 197 2860 quam
211 2794 357 2859 Syracusis
373 2793 491 2846 obtinuit
505 2796 657 2860 imperium,

112 2863 320 2930 Megarensibus
334 2854 433 2929 bellum
449 2865 574 2916 intulisse
585 2863 659 2915 vide-

18 2968 19 2993 ,
112 2931 656 2999 tur,captaruponit0.0.Mueller(Dor.

112 3006 139 3056 1.
157 3019 184 3068 p.
200 3002 263 3063 122)
281 3006 356 3054 circa
370 3002 477 3070 Olymp.
490 3004 613 3067 LXXIV,
631 3006 657 3064 λ,

113 3074 221 3137 Grysar
240 3073 283 3123 De
302 3074 445 3123 Doriones.
462 3073 581 3124 comoed.
594 3089 657 3139 pag.

116 3143 167 3193 141
175 3141 413 3208 Olymphxllll’,
422 3143 446 3193 l.
462 3143 564 3193 Incidit
575 3143 659 3208 igitur

113 3212 169 3262 hoc
186 3212 216 3261 in
237 3227 301 3262 snn.
319 3210 371 3263 483
385 3211 431 3263 vel
445 3213 496 3264 484
513 3217 578 3263 ante
593 3212 657 3264 Chr.

114 3298 145 3332 n.
169 3279 276 3332 Verba:
288 3272 316 3337 ίς
326 3274 380 3344 τὴν
391 3273 545 3346 ὁμολογίην
558 3294 660 3342 προσε-

114 3341 251 3416 χώρησαν
268 3349 376 3402 valent:
395 3366 448 3401 οανι
460 3359 539 3414 puoto
551 3354 613 3403 inito
627 3366 656 3402 re

114 3420 261 3476 dedissent.-
286 3412 442 3485 ὁμολογίην
460 3422 532 3471 enim
556 3423 656 3472 Noster

115 3490 189 3541 dixit
205 3490 246 3551 id,
271 3489 301 3540 in
317 3505 370 3555 quo
389 3491 497 3555 utrique
517 3491 659 3554 paciscen-

114 3566 160 3611 tes
172 3574 358 3613 conveneras.
369 3564 582 3622 consenserunt,
599 3560 657 3611 rire

116 3631 153 3682 da
170 3628 279 3680 foedere
301 3629 420 3681 ineundo
446 3629 505 3682 sive
530 3630 564 3681 de
582 3629 659 3680 dedi·

115 3701 194 3750 tione
215 3697 344 3749 facienda
363 3699 469 3764 τρίτοις
491 3700 563 3749 soni.
580 3698 659 3761 Vlll,

116 3769 161 3821 52.
178 3768 237 3830 141,
250 3773 279 3818 et
288 3782 359 3833 quae
369 3767 470 3819 similia
484 3768 558 3819 heud
570 3783 661 3833 pauca

117 3836 198 3888 affert
216 3836 247 3890 0.
259 3838 292 3889 P.
305 3839 349 3887 W.
365 3837 491 3889 Mueller:
508 3839 550 3889 De
563 3837 656 3888 ritibb.

117 3907 193 3959 etde
209 3907 377 3961 caerimonn.
395 3905 562 3971 (Regimont.
578 3905 658 3970 1854)

117 3991 184 4042 pag.
199 3977 241 4027 ll.
276 3977 363 4028 Nobis
375 3977 481 4028 usitata
493 3977 522 4027 in
537 3978 579 4028 his
592 3991 657 4026 vox:

118 4046 298 4109 Capitalation.
333 4048 365 4097 In
377 4062 464 4112 seqq,
475 4046 523 4096 ubi
537 4046 598 4098 dedi
611 4036 660 4095 αύ-

118 4113 177 4164 τών
194 4108 383 4180 proctivius,
412 4115 446 4166 ad
465 4110 534 4172 τούς
552 4107 660 4179 παχέας

119 4183 192 4237 coni.
208 4189 278 4247 nott.
292 4186 328 4237 sd
340 4187 375 4247 V,
390 4184 433 4237 30.
472 4185 575 4246 Quibus
590 4185 660 4248 opti-

119 4253 239 4305 matibus
252 4255 398 4320 opponitur
412 4245 428 4304 ὁ
441 4250 533 4319 δῆμος
545 4269 566 4307 s.
577 4255 658 4317 plebs,

119 4328 153 4373 ut
164 4322 232 4385 Vll,
245 4323 303 4376 155.
328 4323 369 4375 Ad
380 4324 463 4375 verba
474 4317 661 4388 circoncisione

120 4386 246 4456 πόλεμον
261 4393 334 4445 coni.
347 4397 417 4448 nott.
433 4393 467 4444 ad
481 4394 551 4455 v11,
563 4393 621 4445 1³2.

155 4454 269 4527 ἀγαγών
285 4458 333 4513 καλ
346 4455 476 4529 τούτους]
493 4458 613 4521 τούτους
624 4463 660 4513 ad

701 2030 800 2082 beeurn
829 2029 952 2080 inbellis
976 2029 1243 2097 Carthaginiensium

703 2116 736 2151 so
744 2098 897 2152 Siculorum
908 2099 1169 2162 interiissevldetur,
1183 2118 1243 2155 curu

702 2170 779 2222 nullu
801 2170 860 2221 eius
882 2169 1027 2235 postmodo
1054 2169 1104 2221 liet
1125 2173 1242 2227 *mentio

704 2238 869 2291 Vidstrab.
883 2238 932 2289 VI.
947 2241 1069 2304 pepli?
1083 2256 1107 2292 s.
1120 2241 1244 2306 μ.4180.

704 2315 732 2361 et
743 2309 796 2360 419
809 2308 840 2357 Α.
859 2312 887 2358 et
900 2308 972 2359 coni.
985 2308 1118 2375 Forbigsr
1130 2309 1148 2359 l.
1159 2310 1178 2362 1.
1190 2311 1243 2362 111.

703 2395 767 2445 pag.
786 2378 847 2430 810.
876 2375 1026 2439 διακρίνας
1046 2384 1101 2430 est:
1128 2382 1246 2431 discrelir

704 2448 876 2511 optimatibus,
896 2448 942 2513 qui
966 2447 1024 2499 scil.
1052 2449 1080 2498 in
1105 2450 1245 2501 civitatem

705 2517 817 2580 iisdem,
832 2515 929 2583 quibus
941 2515 1191 2581 anteiruebsntur,
1204 2519 1248 2570 iu·

706 2588 783 2638 ribus
796 2602 829 2638 ac
841 2584 992 2652 privilegiis
1007 2586 1217 2652 recipiebantur,
1229 2604 1247 2638 s

703 2657 794 2723 plebe,
809 2671 890 2721 quem
902 2656 984 2706 vendi
994 2655 1040 2707 ille
1050 2656 1140 2708 iussit.
1154 2684 1187 2693 —
1203 2658 1246 2709 Ad

705 2726 804 2776 rerba:
829 2718 919 2774 τώυτὸ
938 2720 1065 2776 discito
1080 2753 1110 2763 -
1130 2720 1246 2792 ίποίησε

707 2796 781 2846 conf.
800 2796 847 2857 IV,
864 2794 913 2846 188
927 2793 1018 2861 ibique
1037 2801 1106 2847 nott.
1143 2797 1185 2847 Ad
1204 2812 1247 2847 ar·

707 2869 864 2931 gumentum
876 2864 930 2914 loci
941 2865 1196 2931 pertiuetPolyaeni
1207 2866 1247 2916 lo-

707 2951 757 2986 cus
770 2936 842 2996 127,
855 2933 871 2985 3
884 2934 1030 2993 narrantis,
1038 2934 1176 2998 Gelonem,
1188 2937 1246 2987 Me·

707 3005 863 3070 parensium
880 3004 1022 3054 civitatem
1043 3010 1166 3056 evertere
1186 3021 1246 3056 cum

707 3074 803 3136 vellet,
829 3073 940 3125 colonos
961 3088 976 3123 e
998 3075 1177 3127 Doriensibus
1201 3074 1248 3140 qui

707 3143 819 3205 vellent,
829 3159 862 3195 eo
868 3158 994 3205 vocasse,
1007 3151 1035 3195 et
1042 3145 1247 3210 Megarensium

708 3214 828 3280 principi
849 3214 979 3278 pecunias
1003 3230 1087 3280 supra
1107 3216 1181 3265 vires
1199 3214 1248 3264 iru-

707 3285 848 3348 posuisse,
863 3297 933 3348 quas
947 3282 991 3333 bio
1008 3283 1116 3335 nivibus
1133 3285 1248 3349 impers-

708 3354 758 3412 rit;
770 3344 799 3402 σί
808 3345 849 3411 tl,
862 3353 902 3402 ita
913 3352 1003 3417 pergit
1011 3353 1175 3419 Polyaenus,
1186 3355 1246 3410 τοῖς

705 3418 811 3472 τέλεσιν
841 3411 1084 3485 ἀπαγορεύοντες,
1122 3420 1163 3481 είς
1193 3416 1247 3488 τὴν

705 3483 845 3541 ἀποικίαν
855 3484 908 3553 τὴν
921 3480 951 3540 έν
961 3487 1159 3553 Συρακούσαις
1168 3482 1249 3543 ύπεί-

706 3573 828 3622 κουσαν,
858 3550 1052 3627 ἀποβαλόντος
1077 3553 1183 3620 αύτούς
1213 3558 1248 3629 τῇ

707 3623 837 3687 Γέλωνος
855 3627 1018 3699 δυναστείᾳ.

755 3700 914 3765 συνοίκημα
932 3691 1155 3764 ἀχαριτώτατον]
1184 3699 1202 3748 i.
1224 3712 1246 3747 e.

708 3772 854 3821 ιαίσίίιασαι
865 3785 915 3820 uua
925 3784 978 3820 cnm
988 3769 1062 3832 plebe
1071 3767 1186 3819 babitare
1197 3783 1249 3818 rem

710 3841 882 3891 aesomnium
898 3841 1005 3889 monime
1020 3840 1145 3903 ἰαρταίααι
1167 3844 1191 3887 τί
1212 3839 1249 3887 in-

709 3908 1141 3973 1ιιοαπι1ανι,ιιιο1ττίιίτὶσιαται”γίίντ
1154 3922 1186 3957 uc
1195 3916 1250 3958 tae·

710 3979 882 4031 demeum.
910 3976 1019 4029 Plebem
1038 3981 1127 4028 autem
1146 3978 1186 4026 ita
1200 3993 1250 4028 vo·

708 4052 771 4107 cat,
796 4049 860 4113 quia
881 4048 1006 4112 tyrannis
1028 4046 1104 4112 plebs
1125 4046 1249 4096 ineurvis

709 4121 752 4170 est
765 4117 928 4182 minimeque
939 4117 1073 4174 iucunda,
1086 4116 1186 4180 quippe
1196 4131 1251 4180 qus

709 4180 797 4236 oridlv
810 4177 1020 4249 ἀξυνετώτερον
1036 4179 1105 4236 oridl
1120 4179 1250 4250 bdpeoto'·

707 4269 790 4316 τερον
804 4254 971 4321 eMegabazi
983 4258 1121 4306 sententie
1133 4255 1193 4316 111,
1204 4255 1248 4307 81.

708 4326 754 4376 lta
769 4326 880 4389 exponit
892 4323 1105 4390 Wssselingius:
1124 4340 1186 4376 cum
1195 4339 1249 4390 quo

710 4395 804 4446 eodem
823 4394 932 4446 minime
956 4393 1010 4444 buc
1033 4394 1170 4460 pertinere
1193 4410 1250 4446 cre·

709 4465 784 4528 dam,
798 4463 870 4531 quod
884 4465 924 4529 V,
938 4464 970 4516 91
986 4462 1117 4530 Spsrtani
1128 4464 1250 4516 Atticum
