3048 5130
471 393 834 458 TERPSIOHORE.
858 391 894 459 V.
918 404 1038 462 94-96.

1261 394 1319 460 195

181 565 381 649 δὲἈλκαίος
399 570 437 637 ἐν
456 571 551 657 με’λεῑ
565 569 704 660 ποιήσας
719 573 863 641 ἐπιτιθεῖ
877 573 910 651 ἐς
923 568 1144 660 Μυτιλήνην,
1166 573 1318 659 ἐξαγγελ-

178 672 321 760 λόμενος
332 672 370 742 τὸ
385 674 514 742 ἑωυτοῦ
527 674 634 755 πάθος
649 682 864 769 Μελανίππῳ
878 672 978 763 ἀνδρὶ
993 677 1123 767 ἑταίρῳ.
1163 682 1318 764 Μυτιλη-

178 786 299 858 ναίους
320 777 354 845 113
377 778 433 844 καί
450 774 654 865 Ἀθηναίους
671 778 854 867 κατήλλαξε
873 785 1084 868 Περίανδρος
1106 773 1316 861 ὁΚυψὲλου·

177 878 289 971 τούτῳ
308 877 373 969 γὰρ
397 885 549 970 διαιτητῇ
570 883 814 971 ἐπετράποντο·
842 884 1024 972 κατήλλαξε
1050 883 1087 952 dl
1107 871 1192 968 ὦδε,
1220 886 1316 971 νέμε-

177 994 264 1053 σθαι
284 987 461 1070 ἑκατέρους
486 983 549 1074 τήν
571 993 693 1073 ἔχουσι.
738 994 878 1074 Σίγειον
898 990 961 1075 μέν
985 1015 1051 1057 νυν
1071 981 1159 1056 οὕτω
1184 989 1316 1073 ἐγένετο

119 1083 249 1156 stssdn'
268 1085 484 1176 Ἀθηναίοισι.
522 1086 647 1177 Ἱππίης
662 1091 700 1160 δὲ
720 1094 794 1160 ἐπεί
812 1118 847 1159 τε
865 1088 1003 1160 ιἰπίκετο
1021 1094 1058 1160 ἐκ
1078 1095 1135 1178 τῆς
1147 1096 1314 1161 Λακεδαί-
1323 1102 1363 1163 96

175 1219 281 1280 μονος
302 1194 336 1271 ἐς
360 1191 421 1280 τήν
445 1189 574 1282 Ἀσίην,
602 1198 669 1262 πᾶν
688 1201 797 1283 χρῆμα
818 1198 942 1282 ἐκίνεε,
969 1194 1162 1282 διαβάλλων
1181 1222 1217 1263 τε
1237 1195 1315 1276 τούς

171 1390 234 1449 sod
234 1415 251 1447 ν
261 1396 376 1464 Σιγείῳ]
391 1398 451 1449 Hoc
460 1399 521 1450 loco
531 1400 626 1464 posuit
637 1392 720 1465 πρὸς,

173 1485 238 1520 cum
251 1484 334 1533 supra
346 1470 384 1530 V,
398 1471 430 1518 77
447 1485 495 1533 po
485 1471 584 1520 uisset
597 1462 650 1535 είς,
673 1470 720 1519 ubi

174 1540 233 1589 vid.
246 1545 316 1589 nott.
343 1539 435 1602 Ipsum
445 1539 570 1590 vesohoc
579 1539 719 1590 Minervae

172 1607 306 1674 templum
318 1612 524 1658 memoratoria
541 1610 721 1675 inscriptione

174 1678 274 1742 Sigea,
287 1693 365 1728 curus
378 1694 406 1726 m
418 1683 488 1728 nott
505 1678 591 1739 adV,
606 1680 639 1728 64
653 1679 719 1729 feci·

173 1764 236 1798 mus
246 1747 417 1798 mentionem.
445 1747 539 1798 Alcaei
552 1748 646 1812 verba,
660 1750 719 1813 qui-

171 1818 228 1867 bus
249 1832 278 1867 se
295 1818 384 1882 ipsum
404 1817 511 1883 quidem
535 1817 640 1867 salvum
659 1834 718 1869 esse

172 1887 279 1937 factum
294 1889 446 1949 cecinerat,
469 1887 517 1937 sed
534 1888 617 1937 armis
636 1890 718 1937 amis

173 1958 214 2007 sis
224 1995 231 2019 ,
243 1956 350 2021 clipeo
342 1972 370 2004 rn
381 1957 519 2008 Minervae
529 1957 643 2007 Onesiae
653 1965 719 2008 tern-

171 2027 221 2091 plo
234 2027 269 2075 sb
283 2026 495 2077 Atheniensibus
507 2041 649 2091 suspenso,
663 2042 718 2078 ser-

170 2097 253 2146 vavit
262 2096 353 2146 Strah.
362 2097 440 2147 XIII.
447 2112 473 2161 p.
482 2096 533 2145 660
541 2100 571 2145 A.
582 2112 604 2147 s.
612 2097 716 2159 8950,

170 2167 202 2214 in
216 2166 315 2230 quibus
329 2165 420 2215 verbis
431 2170 504 2216 recte
517 2167 716 2216 constituendis

170 2242 237 2300 post
255 2233 386 2284 Valcken.
403 2240 431 2284 et
446 2235 610 2301 Wesseling.
627 2236 718 2286 elabo-

170 2309 269 2354 rarunt
282 2303 417 2354 Matthiae
437 2306 465 2354 in
478 2303 572 2356 Alcaei
593 2306 716 2370 fragmm.

170 2390 234 2439 pag.
251 2372 281 2423 18
295 2389 369 2439 seq.,
383 2373 517 2425 Welcher.
532 2375 560 2423 in
571 2375 650 2425 Iahn.
663 2377 718 2425 An-

169 2444 237 2493 nall.
245 2444 411 2508 paedagogg
418 2443 556 2508 etphiloll.
566 2444 716 2510 18300111,

172 2514 201 2574 1)
218 2530 281 2578 pag.
299 2513 332 2563 36
349 2518 377 2563 et
393 2513 492 2579 Bergk.
512 2514 603 2564 Po'eltt.
620 2513 715 2578 lyrico.

168 2583 284 2632 Graeco.
300 2598 361 2647 pag
380 2582 440 2633 712.
472 2584 562 2648 Atque
577 2584 716 2634 eoNostri

168 2657 300 2718 spectant
311 2651 409 2702 verba:
427 2643 457 2701 ἒν
466 2651 542 2716 μέλεϊ
554 2646 677 2717 ποιήσας
687 2658 715 2703 et

169 2738 244 2788 quae
257 2728 417 2789 sequuntur.
442 2723 572 2773 Alcaeum
590 2723 661 2773 enim
675 2724 715 2772 vi-

167 2809 230 2842 rum
244 2792 349 2857 alioqui
361 2797 499 2842 strenuum
513 2791 599 2842 fuisse
613 2808 646 2841 ac
660 2792 715 2841 ior·

169 2871 225 2912 tem
249 2866 387 2913 testantur
411 2866 533 2921 veteres,
559 2861 715 2913 Athenaeus

168 2933 245 2993 xlv,
258 2931 302 2981 23.
315 2948 342 2996 p.
354 2930 460 2995 sata,
475 2932 610 2982 Horatius
622 2931 674 2984 Od.
691 2932 713 2994 Ι,

169 3003 216 3063 32,
225 3002 242 3052 6
250 3000 370 3065 (ferocem
382 3000 555 3052 beilovocans
562 3000 714 3067 Alcaeum)

167 3071 265 3122 Cicero
276 3069 395 3121 Tuscull.
408 3071 456 3132 lV,
469 3070 517 3133 33,
532 3072 578 3121 ubi
589 3073 628 3120 οἰι·
636 3072 715 3133 sortis

167 3140 334 3206 appellatur.
368 3138 447 3192 Coul.
462 3140 556 3191 Plehn.
569 3142 712 3191 Lesbiaco.

167 3227 233 3276 pag.
255 3208 304 3261 170
328 3224 419 3274 seqq.,
442 3211 490 3275 qni
515 3227 547 3261 ex
566 3226 613 3269 eo,
641 3210 713 3277 qnod

166 3281 348 3331 Athenienses
362 3281 455 3331 Alcaei
474 3296 550 3330 arma
569 3284 597 3329 iu
611 3280 714 3345 templo

167 3350 371 3415 suspenderint,
383 3366 429 3402 eos
439 3350 514 3415 ipsos
524 3352 714 3415 comprobasse

164 3420 243 3483 vult,
263 3420 337 3470 hand
355 3422 435 3487 parri
447 3436 465 3469 a
481 3437 511 3471 se
523 3420 616 3471 Alcaei
630 3421 672 3471 111
675 3427 714 3471 tu

167 3497 224 3540 tem
247 3491 399 3551 aestimari;
426 3490 499 3555 quod
518 3490 583 3540 mihi
605 3490 712 3556 quidem

164 3576 222 3610 non
240 3562 392 3626 persuasit,
419 3576 470 3610 nec
494 3560 581 3626 magis
604 3560 713 3624 probari

164 3630 247 3681 video
262 3629 408 3682 Wolchero
423 3630 442 3679 l.
452 3629 470 3678 l.
484 3646 546 3695 pag.
561 3629 604 3681 36.
630 3631 711 3679 Nam·

164 3716 219 3764 que
230 3700 277 3751 cir
289 3700 371 3751 aliam
383 3701 417 3751 ob
430 3715 539 3752 caussam
554 3700 622 3749 hacc
634 3716 711 3749 arms

166 3768 273 3835 (prouti
293 3787 350 3821 mos
374 3769 490 3834 serebat)
515 3770 625 3820 fuerunt
649 3785 709 3820 sus-

163 3856 252 3905 pensa
278 3841 312 3890 ab
330 3840 556 3903 Atheniensibus,
580 3855 660 3904 quam
678 3843 710 3889 ut

163 3910 301 3960 victoriae
312 3910 345 3961 de
359 3911 471 3972 Alcaco,
488 3911 548 3959 viro
561 3925 664 3959 summo
677 3926 709 3959 ac

164 3980 330 4044 fortissimo,
347 3984 506 4046 reportatae
517 3980 624 4044 insigne
636 3978 710 4029 exhi-

163 4051 263 4100 berent
274 4050 463 4101 documentum
472 4067 480 4111 3
493 4050 564 4099 unde
574 4066 641 4099 sanc
651 4049 709 4099 nul-

166 4118 211 4168 lus
229 4120 258 4169 iu
274 4119 405 4172 Alcaeum
422 4118 593 4170 redundabat
612 4120 705 4170 honos.

166 4188 374 4255 QuodAloaeo,
391 4188 632 4239 idemArchilocho
646 4192 708 4254 poi}-

166 4264 214 4309 tae
226 4261 360 4311 accidisse
381 4259 536 4324 accepimns
549 4263 581 4308 nt
592 4259 708 4323 elipeum
760 4286 764 4291 -

164 4330 304 4379 amitteret
311 4330 409 4395 ,quod
420 4345 546 4394 magnum
557 4328 708 4379 habebatur

166 4398 285 4451 dedecus
301 4401 373 4464 apud
391 4405 506 4452 veteres
542 4398 706 4448 0111111111.

165 4469 198 4519 V.
213 4470 248 4519 H.
266 4470 301 4535 X,
317 4470 357 4522 13
390 4470 476 4533 Quem
488 4474 632 4535 utrumque
643 4484 709 4533 poe

770 1408 827 1453 tam
839 1403 976 1453 imitatum
988 1417 1049 1451 esse
1057 1402 1202 1453 Horatium
1212 1404 1263 1455 Od.
1275 1406 1313 1468 ΙΙ,

772 1473 821 1535 13,
843 1472 891 1535 26,
916 1472 976 1522 loco
992 1472 1223 1536 celebratissima,
1249 1482 1313 1525 sunt

770 1544 959 1608 quistatuant.
988 1542 1095 1606 Attigi
1088 1543 1230 1593 inflictor.
1244 1546 1311 1594 Litt.

769 1614 874 1663 Romm.
890 1615 915 1674 ξ.
933 1611 991 1661 124.
1005 1617 1062 1664 not
1077 1611 1169 1661 uouit.
1186 1618 1248 1662 tort.

805 1697 893 1729 ταυτα
907 1674 939 1728 δὲ
955 1671 1078 1735 ’λλκαῐος
1092 1672 1123 1728 ἐν
1135 1677 1212 1743 μέλει
1229 1676 1312 1747 ποιή-

770 1763 858 1809 occu
873 1767 897 1799 τ.
912 1747 987 1813 λ,,,]
990 1750 1047 1799 lsta
1060 1752 1208 1800 larnenlotns
1226 1753 1262 1801 ad
1275 1757 1312 1818 ίμ-

769 1838 823 1871 rom
839 1821 951 1869 Alcaeus
978 1835 1078 1868 cornrcn
1096 1821 1234 1885 Mytilenen
1259 1825 1312 1872 mit·

768 1893 799 1940 tit
810 1892 847 1941 od
858 1892 969 1940 sodalem
978 1888 1164 1953 Melanippum,
1184 1906 1232 1955 ηυο
1242 1907 1312 1940 sunm

768 1963 810 2009 illc
821 1963 908 2024 sapam
918 1958 1079 2024 αυαλμαίιαίέι
1102 1960 1127 2008 V
1131 1958 1252 2010 alelen
1268 1962 1311 2010 De

768 2029 1312 2093 1111110ποιειν,οοιναιάαμακμενε,εενί.

767 2099 838 2161 bere,
854 2099 972 2148 vidimus
982 2098 1017 2146 ad
1027 2098 1081 2159 ΙΙΙ,
1093 2097 1126 2148 36
1137 2108 1165 2147 et
1178 2099 1214 2148 ad
1225 2099 1264 2161 ΙΙ,
1275 2098 1309 2150 53

769 2169 798 2218 iu
809 2171 923 2219 Excurs
937 2168 998 2217 Vll
1020 2183 1081 2232 pag.
1098 2167 1159 2220 856.
1173 2169 1251 2218 Tom.
1264 2169 1308 2228 ΙΙ·

768 2239 802 2288 ad
815 2255 910 2289 vocem
924 2231 1006 2299 μέλος
1027 2236 1094 2301 (qun
1107 2239 1210 2303 lyricam
1222 2204 1310 2300 possid

768 2309 884 2359 indicari
893 2308 1025 2357 nemiuem
1036 2304 1118 2371 fugit)
1129 2307 1200 2356 coni.
1209 2308 1248 2370 ΙΙ,
1261 2308 1309 2359 136

767 2379 841 2428 etde
857 2378 943 2427 forma
955 2368 1084 2424 ίπιτιθει
1089 2391 1166 2440 ,qua
1180 2383 1309 2428 coustan-

766 2451 809 2497 ter
818 2449 919 2499 Noster
931 2447 1032 2503 utitur,
1047 2446 1161 2496 Bredov.
1173 2463 1235 2511 pag.
1246 2446 1307 2497 393.

766 2518 808 2567 Dc
816 2517 954 2567 locutione
963 2516 1019 2564 vad
1030 2520 1100 2565 nott.
1113 2515 1250 2581 ad11142
1260 2516 1306 2565 fin

767 2587 845 2649 Quod
864 2587 935 2636 enim
951 2585 1107 2635 Herodotus
1125 2586 1164 2635 sic
1183 2587 1308 2635 enuntiat

765 2645 931 2710 ἐπιτιθείίς
946 2647 1131 2718 Μυτιλήνην,
1149 2655 1179 2703 111
1193 2655 1305 2705 Strabo:

764 2717 896 2781 κελεύσας
904 2714 1029 2788 crypatim
1040 2726 1101 2781 τοις
1111 2692 1141 2771 ἒν
1152 2722 1231 2792 osup.
1256 2724 1308 2775 Mi·

764 2799 799 2846 sit
809 2795 919 2845 Alcaeus
933 2809 1039 2844 carmen
1052 2793 1203 2857 Mytilenen
1218 2796 1307 2845 amico

764 2864 931 2930 Melanippo.
963 2866 1008 2914 Ita
1024 2870 1097 2915 recle
1110 2865 1307 2928 iuterpretatur

764 2935 961 2998 Wesselingius
976 2934 1009 2983 de
1021 2933 1160 2983 locutione
1173 2934 1306 2999 quaedam

764 3005 925 3055 adiiciense
945 3002 1051 3054 Reiskii
1075 3003 1191 3053 Miscell
1212 3005 1304 3068 Lipss.

764 3074 825 3129 Vol
839 3074 917 3125 VIII.
932 3090 958 3137 p.
973 3073 1032 3125 307.
1059 3075 1125 3123 Mor
1137 3074 1209 3137 quod
1222 3073 1305 3139 vulgo

765 3146 849 3194 edunt
866 3158 969 3210 eccon,
998 3158 1066 3207 qnae
1090 3141 1177 3191 forma
1196 3145 1306 3207 po'etica

765 3218 823 3276 cst,
844 3213 967 3278 equidem
982 3228 997 3260 e
1010 3212 1171 3262 llorentino
1189 3212 1305 3279 aliisque

765 3283 844 3335 codd.
858 3283 987 3333 revocavi
1001 3271 1305 3347 ἕταίρῳ,η110(1111111111

763 3353 903 3405 Herodoto
914 3351 1165 3410 convenirecred03
1177 3351 1231 3401 vid.
1240 3353 1305 3402 Bre-

763 3424 873 3488 dov.pa
875 3438 902 3487 g.
915 3420 973 3471 141.

797 3485 960 3556 κατήλλαξε]
974 3490 1054 3540 Οουί.
1064 3492 1097 3549 V,
1109 3489 1152 3540 26.
1171 3490 1303 3554 Pertinet,

762 3569 794 3613 nt
814 3576 896 3627 supra
918 3564 1116 3622 enarravimus,
1136 3559 1204 3610 haec
1220 3563 1305 3626 Myti-

760 3633 917 3684 lenaeorum
937 3637 1020 3696 atque
1037 3629 1242 3680 Atheniensium
1265 3648 1305 3681 re·

760 3703 918 3755 conciliatio
940 3701 975 3750 ad
998 3704 1121 3765 tempora
1142 3702 1302 3763 posteriora,

761 3790 810 3824 nec
823 3773 859 3822 ad
871 3772 945 3837 prins
957 3769 1066 3834 bellum,
1080 3770 1125 3819 cui
1135 3769 1252 3821 Alcaeus
1264 3771 1305 3819 iu·

759 3843 869 3907 terinit,
889 3858 941 3907 quo
951 3841 1102 3905 composito
1121 3854 1209 3890 novas
1227 3842 1302 3890 rixae

760 3914 847 3964 denuo
871 3918 936 3962 sunt
955 3917 1086 3973 exortae
1105 3914 1136 3958 ut
1153 3910 1188 3960 ad
1210 3912 1248 3972 V,
1267 3911 1302 3960 94

761 3983 943 4048 exposuimus.
979 3980 1020 4030 Ad
1033 3981 1146 4031 verbum
1165 3948 1302 4042 repeditare

761 4053 831 4104 conf.
849 4058 918 4103 nott.
936 4050 1023 4131 adV,
1039 4052 1073 4101 45
1093 4054 1120 4099 et
1136 4049 1171 4099 sd
1187 4049 1302 4100 locutio-

760 4139 818 4174 nem
836 4112 1001 4187 γίνεσθαι
986 4114 1045 4169 ond
1061 4135 1118 4168 τινι
1130 4121 1168 4183 V,
1184 4119 1218 4170 30
1234 4121 1299 4184 ibiq

759 4199 829 4244 nott.
842 4193 885 4245 96.

937 4293 1002 4345 Cas.
1023 4294 1119 4344 xcvi.

794 4395 958 4463 ποῖνηρῆμα
972 4389 1097 4463 ἐκίνεε]
1089 4415 1107 4447 ι.
1119 4411 1141 4445 e
1158 4408 1249 4443 ornnem
1262 4395 1300 4443 la-

757 4470 840 4532 pidem
856 4470 979 4533 mocsbat,
1000 4474 1032 4518 nt
1044 4466 1160 4517 Romani
1172 4463 1244 4529 loqui
1257 4480 1301 4515 so·

1036 4548 1099 4614 13*
