3048 5130
562 418 818 483 ERATO.V1.
846 429 964 488 ro-ro.
1268 417 1331 485 245

189 595 342 683 αἱρέουσι
356 589 430 663 κατ’
445 589 551 684 ἅκρης
564 597 649 687 ἕκτςσ
663 600 732 665 ἔτεϊ
743 592 810 665 ἀπὸ
824 601 881 684 τῆς
896 593 1094 677 ἀποστάσιος
1107 601 1165 685 της
1181 594 1330 683 Ἀριστα-

190 699 316 786 γόρεω,
335 699 392 767 καὶ
406 694 697 787 ἠνδραποδίσαντο
711 696 773 789 τὴν
787 698 903 786 πόλιν,
919 695 1002 769 ὥστε
1017 715 1202 788 συμπεσεῖν
1215 698 1252 769 τὸ
1266 701 1328 770 ποί-

187 814 252 882 aas
265 807 311 896 τῷ
325 808 513 893 χρηστηρίῳ
526 807 573 895 τῷ
586 803 618 882 ές
631 810 788 890 Μίλητον
805 805 984 896 γενομένῳ.
1025 804 1251 891 Χρεωμέυοισι
1265 802 1329 894 γὰρ
1338 814 1376 875 19

186 904 365 994 Ἀργείοισι
381 908 418 974 έν
432 914 598 993 Δελφοῖσι
613 907 691 994 περὶ
705 912 871 994 σωτηρίης
891 911 950 993 τῆς
964 904 1077 985 πόλιος
1089 911 1147 995 τῆς
1166 910 1329 997 σφετέρης

188 1008 339 1098 ἐχρήσθη
354 1011 525 1078 ἐπίκοινον
538 1008 749 1099 χρηστήριον,
763 1007 801 1079 τὸ
814 1010 877 1096 μὲν
890 1013 924 1089 ές
936 1006 1058 1090 αὐτοὺς
1070 1007 1149 1090 τούς
1159 1008 1330 1098 Ἀργείους

188 1115 314 1200 φέρον,
337 1109 400 1200 τήν
416 1111 453 1180 dl
473 1110 695 1201 παρενθήκην
715 1119 834 1201 ἔχρησε
852 1117 885 1193 ἐς
898 1120 1098 1200 Μιλησίους.
1126 1111 1163 1183 τὸ
1181 1116 1244 1202 μέν
1262 1143 1329 1185 νυν

187 1216 223 1295 ές
236 1213 315 1295 τούς
330 1210 502 1303 Ἀργείους
524 1222 617 1304 ἔχον,
645 1215 747 1286 ἐπεὰν
766 1214 850 1285 κατὰ
864 1221 961 1286 τοῦτο
977 1218 1125 1304 γένωμαι
1138 1216 1326 1305 τοῦλόγου,

186 1319 263 1388 τότε
275 1317 527 1444 μνησθήσομαι·
547 1317 588 1388 τὰ
602 1318 639 1389 dl
649 1334 735 1390 τοίσι
751 1326 949 1409 Μιλησίοισι
965 1317 1006 1389 οὐ
1021 1325 1182 1409 παρεοῦσι
1197 1327 1325 1411 ἔχρησε,

187 1429 256 1510 ἔχει
271 1427 353 1491 ωδε·

781 1629 850 1681 Add.
870 1629 952 1695 Apita
978 1627 1014 1678 ad
1035 1628 1157 1692 Euripid.
1181 1629 1322 1686 Phoeniao.

784 1702 860 1753 1192.
874 1716 902 1765 p.
918 1698 976 1761 190,
992 1697 1141 1750 Blomficld.
1157 1698 1279 1754 Glossar.
1295 1702 1323 1751 in

222 1759 294 1848 ἔκηα
317 1758 373 1816 ἔτεϊ
396 1756 456 1845 ,ἀπὸ
483 1756 731 1828 teramnanae
781 1767 1252 1834 neseiyiiohoepi.mummia:
1267 1771 1325 1820 na.

186 1834 241 1901 τῆς
267 1833 478 1900 Αρισταγορεω]
514 1836 606 1899 Haec,
628 1840 732 1900 tempo·
781 1837 869 1889 tzell'a
886 1837 1045 1889 Zeitechrift
1067 1838 1086 1887 l.
1105 1838 1235 1902 Gymnas.
1249 1841 1325 1891 VIII.

184 1923 246 1958 mm
261 1907 383 1956 rotlande
397 1906 422 1953 ai
439 1920 600 1970 aequamur,
620 1907 730 1956 coniun-
781 1926 807 1974 p.
823 1908 888 1971 659,
904 1907 989 1973 quiin
1004 1907 1085 1958 haine
1096 1907 1244 1957 locutionis
1256 1910 1324 1959 rati·

186 1983 233 2028 cta
247 1980 314 2025 aunt
330 1974 452 2031 eumilo,
468 1990 537 2040 quae
549 1990 633 2040 snpra
646 1974 682 2024 ad
696 1975 729 2038 V,
782 1994 860 2029 onem
880 1977 1011 2041 inquirit,
1030 1992 1110 2043 quam
1129 1977 1241 2027 candem
1256 1994 1324 2043 quo-

187 2046 239 2098 100
256 2046 460 2098 annotavimue.
493 2044 601 2095 Etenim
625 2046 650 2094 oi
669 2045 731 2095 Sar·
781 2063 832 2114 que
845 2048 941 2111 attigit
954 2047 1051 2098 Grote:
1069 2046 1184 2112 History
1199 2047 1229 2096 oi
1241 2047 1324 2099 Gree-

186 2116 246 2178 dee,
260 2119 292 2164 ut
305 2116 343 2166 ibi
357 2115 508 2178 posuimus,
521 2130 591 2164 anno
604 2114 731 2165 499οα1ο
781 2134 812 2168 ce
831 2117 878 2168 1v.
897 2133 923 2182 p.
941 2115 992 2167 434
1009 2130 1065 2182 req.
1087 2120 1144 2166 not.
1178 2117 1243 2166 Mox
1261 2133 1322 2168 cum

185 2185 250 2235 Chr.
267 2201 293 2234 n.
313 2189 411 2249 captae
424 2188 489 2234 eunt
509 2182 583 2248 (indo
602 2184 673 2234 euim
687 2183 731 2234 vel
780 2186 932 2252 Schweigh.
947 2191 975 2237 et
987 2186 1076 2236 Gaias.
1089 2186 1180 2236 abieci
1192 2186 1277 2237 verba
1290 2178 1321 2236 ἒν

183 2255 279 2321 potius
291 2254 326 2304 ab
340 2253 513 2319 expeditione
523 2255 618 2305 Ionum
632 2260 731 2303 contra
779 2254 818 2324 τῷ
826 2294 833 2317 ,
848 2272 918 2321 quae
931 2255 1032 2305 dativis
1047 2247 1117 2317 έκτηι
1133 2249 1189 2304 ἔτεϊ
1207 2256 1321 2306 duorum

184 2324 288 2376 Sardoo
300 2324 374 2374 facta
385 2328 541 2373 numeratur
553 2324 730 2389 Aristagorae
779 2326 859 2377 codd.
874 2326 1040 2376 auctoritate
1053 2324 1228 2387 Schaeloruo,
1241 2341 1321 2390 quem

364 1662 430 1713 Chr.
450 1662 554 1713 XVIII.

184 2392 333 2458 deiectio),
347 2408 516 2458 consequerio
529 2393 592 2443 inde
608 2399 667 2455 eat,
680 2393 731 2443 Mi·

184 2465 270 2515 letum
291 2479 339 2513 sex
356 2463 436 2513 annio
456 2468 518 2527 post
536 2468 645 2526 captam
661 2463 730 2512 inci-

184 2535 250 2585 dero
272 2534 301 2583 in
315 2548 416 2583 annum
428 2533 481 2584 494
497 2532 557 2583 alvo
570 2532 727 2598 Olympiad.

184 2604 292 2665 LXXI,
311 2603 341 2654 3:
367 2601 439 2668 qnod
458 2617 518 2651 oum
538 2617 610 2652 anno
624 2604 675 2655 499
687 2603 729 2652 la-

183 2678 260 2724 etum
271 2689 332 2724 eoae
352 2677 430 2737 putet
443 2672 639 2723 Weissenborn
653 2670 729 2736 (Hel-

184 2743 226 2793 las
237 2759 264 2808 p.
280 2744 329 2794 124
343 2758 418 2807 seqq.
433 2742 482 2791 127
492 2757 578 2807 eoqq.,
593 2757 672 2807 quem
687 2759 729 2794 se·

183 2814 279 2878 quitur
292 2812 322 2861 C.
333 2812 365 2862 G.
376 2811 515 2861 Schmidt:
534 2812 576 2861 De
592 2811 667 2861 rebb.
680 2827 730 2875 pu·

183 2883 265 2933 blico.
273 2881 418 2931 Milesion.
429 2896 491 2945 pag.
503 2879 548 2946 58)
563 2896 623 2931 cum
631 2880 727 2931 Schul-

182 2953 255 3013 taio‚
271 2954 343 3004 sexti
354 2952 420 3000 anni
440 2951 568 3000 inlocum
583 2950 657 3015 apud
673 2951 729 3001 He·

183 3021 309 3072 rodotum
320 3019 450 3070 substitui
459 3021 518 3071 volt
530 3029 651 3085 ρυονιιαο,
662 3036 728 3070 eon-

184 3090 294 3142 fusione
313 3094 375 3140 orta
398 3090 469 3140 inter
491 3089 584 3139 literae
602 3091 623 3139 Z
644 3095 672 3139 ot
691 3092 725 3153 Δ,

183 3161 284 3227 qnlbuo
301 3160 328 3209 hi
340 3161 444 3211 numeri
458 3158 523 3209 olim
539 3159 656 3209 indicati
669 3160 727 3210 lue·

182 3230 250 3281 rint·
272 3230 324 3279 Cui
336 3231 486 3279 aeoentItur
500 3228 583 3280 Grota
595 3229 612 3281 1.
626 3228 645 3281 l.
660 3244 723 3293 pag.

181 3300 230 3353 111
249 3314 336 3364 eeqq.,
355 3303 387 3349 ut
406 3299 449 3351 vel
463 3298 514 3349 190
530 3297 574 3350 vel
588 3298 639 3350 495
651 3298 726 3348 Milo·

183 3375 242 3419 tum
255 3374 365 3433 captum
378 3384 438 3420 cese
450 3373 567 3421 statuat.
592 3369 725 3433 Equidem

181 3439 255 3489 hano
274 3454 355 3488 unam
369 3455 467 3504 sequor
486 3440 635 3501 rationem,
655 3453 725 3502 quae

183 3525 244 3561 oum
259 3509 309 3571 iio,
328 3524 399 3574 quae
413 3508 448 3559 ad
460 3511 499 3571 V,
516 3504 564 3559 100
576 3508 725 3570 posuimus,

182 3579 313 3629 convenit
329 3593 453 3644 quaeque
471 3593 525 3627 una
542 3577 607 3627 mihi
617 3577 725 3627 videtur

182 3655 261 3698 recta
281 3662 352 3697 eene.

217 3712 346 3780 αἱρέουσι
369 3706 432 3764 κατ’
460 3702 567 3778 ἄκρης]
607 3714 724 3764 Locutio

181 3786 255 3837 haud
267 3786 424 3852 infrequens
435 3784 468 3836 dc
481 3785 556 3846 urbo,
567 3799 637 3849 qnae
649 3783 725 3848 poni·

182 3863 228 3908 tue
246 3872 268 3907 e.
292 3856 364 3906 omni
377 3871 411 3906 ex
425 3859 504 3920 parto
523 3854 644 3919 capitur,
663 3869 724 3902 oum

182 3926 294 3992 proprie
306 3925 413 3977 valeat:
437 3926 495 3974 inde
509 3941 526 3972 α
539 3938 628 3973 sicanio
646 3927 724 3973 verti-

182 4014 221 4053 ce,
233 4013 250 4045 α
262 3998 354 4057 eripite.
376 3997 455 4057 Nam,
470 3998 499 4043 iit
509 3993 548 4042 ait
557 3991 721 4058 Schweigh,

181 4069 266 4130 eaput
280 4070 307 4116 et
318 4065 459 4116 summitas
468 4062 543 4114 urbia
552 4063 574 4112 ei
585 4077 722 4126 expugna-

182 4142 211 4186 ta
221 4141 272 4197 cet,
281 4150 375 4200 parum
386 4134 420 4184 dc
431 4133 546 4183 caeteris
556 4131 720 4182 laboramus.

182 4207 227 4256 Tu
239 4205 296 4258 vid.
311 4203 414 4255 Herod.
430 4204 477 4265 vl,
491 4202 533 4254 82.
549 4201 660 4253 Homer.
676 4200 720 4251 Ili.

181 4276 335 4336 x·11,772
353 4274 418 4338 ibiq.
441 4270 570 4322 Eustath.
589 4276 616 4322 et
631 4270 720 4336 Heyn.

182 4346 215 4394 Τ,
230 4345 277 4394 VI.
300 4361 326 4409 p.
343 4344 404 4395 505.
429 4343 493 4405 XV,
507 4341 565 4392 551.
585 4340 722 4393 Lambort.

182 4415 246 4466 Bos.
263 4413 373 4477 Ellipao.
386 4414 418 4465 L.
431 4412 477 4462 Gr.
492 4427 555 4476 pag.
568 4409 629 4463 399.
642 4411 720 4461 Haeo.

182 4486 210 4534 in
227 4482 366 4534 Plutarch.
382 4480 478 4532 Timol.
497 4481 614 4547 specim.
633 4495 659 4544 p.
679 4481 722 4531 84.

780 2395 904 2461 nequitur
922 2394 1037 2457 Matth,
1059 2400 1264 2459 praeposuerat.
1286 2423 1321 2432 -

780 2466 812 2516 In
830 2466 883 2515 fine
903 2480 964 2528 cap.
982 2464 1066 2514 verba
1082 2450 1152 2511 dovr
1166 2465 1321 2527 συμπεσεῖν

778 2527 811 2583 τὸ
829 2527 927 2590 πάθος
938 2548 964 2583 κ.
978 2549 1001 2582 τ.
1014 2532 1037 2582 λ.
1051 2530 1202 2596 Schweigh.
1222 2533 1263 2582 ita
1280 2535 1321 2583 in·

778 2608 959 2668 tcrpretatur:
977 2610 1013 2663 ut,
1026 2603 1094 2668 quod
1103 2603 1196 2652 accidit
1208 2602 1272 2661 arbi,
1285 2606 1320 2653 ai-

777 2678 826 2724 mul
842 2674 974 2731 inciderit,
993 2673 1138 2737 congruerit
1156 2687 1208 2720 cam
1222 2676 1322 2723 orandi

778 2758 899 2807 responso
910 2747 934 2793 in
948 2744 1015 2791 ι’ίίαυι
1024 2742 1100 2793 edito.
1120 2740 1202 2790 Edidi
1215 2753 1320 2802 συμπε-

778 2816 838 2862 σεῖν
853 2828 902 2877 pro
915 2811 1020 2873 vulgat.
1032 2807 1208 2874 συμπεσίειν,
1221 2816 1253 2859 ut
1269 2810 1319 2875 111,

778 2884 837 2941 120,
859 2882 906 2932 ubi
924 2882 980 2934 vid.
1008 2880 1049 2931 Ad
1062 2884 1241 2930 structuram:
1269 2873 1319 2929 αἴ-

778 2945 1007 3015 ρέουσι-καὶ
1022 2943 1318 3014 ἠνδραποδίσαν-

776 3036 812 3070 το
831 3013 884 3085 τήν
900 3011 984 3070 πόλιν
997 3020 1034 3071 cf.
1047 3019 1134 3070 allata
1147 3018 1182 3069 ad
1194 3020 1227 3083 V,
1239 3021 1283 3073 55.

965 3192 1032 3242 Car.
1049 3191 1123 3241 XIX.

810 3286 863 3358 την
878 3286 910 3342 δέ
924 3289 1126 3359 παρενθήκην]
1144 3294 1163 3345 i.
1179 3308 1201 3344 e.
1217 3294 1319 3342 addila-

775 3373 886 3428 naeniam,
896 3366 1063 3427 corollarium,
1074 3369 1104 3413 ut
1115 3362 1199 3427 vulgo
1213 3362 1315 3413 dicunt.

775 3436 817 3485 De
829 3434 881 3486 hac
893 3450 960 3485 voco
976 3432 1092 3484 Weorcl.
1104 3433 1206 3483 excitat
1218 3433 1242 3490 I,
1258 3432 1313 3484 180.

775 3503 839 3565 VII,
853 3505 879 3554 5.
895 3505 951 3555 171.
974 3503 1036 3553 alia
1050 3519 1082 3553 ox
1096 3501 1253 3562 Plutarcho,
1269 3500 1317 3550 Di-

776 3573 873 3636 odoros
885 3573 956 3633 aliie,
970 3588 1019 3623 neo
1031 3576 1125 3622 nostro
1140 3571 1199 3621 loco
1215 3570 1316 3621 omisso

776 3643 854 3692 dabit
873 3658 890 3691 a
911 3642 957 3692 Or.
977 3640 1105 3692 laudatur
1121 3639 1315 3705 wyttenbaoh.

775 3712 809 3762 ad
821 3711 960 3762 Plutarch.
972 3713 1040 3762 Mor.
1054 3712 1076 3774 1,
1087 3713 1113 3760 2.
1128 3725 1191 3775 pag.
1202 3708 1263 3760 949.
1283 3708 1316 3758 Iu

774 3783 896 3846 proxime
914 3797 989 3847 eeqq.
1018 3797 1077 3831 cum
1097 3777 1315 3842 Schweighaouo.

776 3858 804 3901 et
815 3850 901 3903 Gaiel.
916 3850 1033 3915 praetuli
1048 3843 1076 3908 ές
1092 3838 1314 3911 τούςἎργείοῖις,

774 3923 853 3972 cuiue
876 3920 938 3971 loco
953 3919 1107 3982 Medioous,
1130 3918 1314 3978 Florentium,

773 3991 821 4041 alii
854 3979 882 4047 ές
915 3981 1021 4046 αὐτοὺς
1056 3979 1209 4053 Ἀργείους,
1243 3986 1314 4053 quod

773 4063 862 4125 Ipeum
875 4059 1009 4111 dedorunt
1019 4058 1155 4119 Schaefor‚
1169 4057 1314 4117 Matthiae,

773 4130 898 4183 Dietooh.
908 4157 940 4165 -
954 4128 994 4180 hd
1007 4121 1106 4194 ἔχρησε
1117 4134 1143 4178 et
1154 4126 1275 4177 hocloco
1287 4130 1314 4174 et

773 4200 930 4265 paulopost
946 4197 1060 4263 intelligi
1075 4203 1166 4261 potest
1179 4188 1197 4259 ἡ
1211 4190 1312 4257 Πυθίη

774 4268 816 4337 (ut
832 4269 859 4329 Ι,
872 4270 915 4319 01.
932 4268 972 4322 lt.
988 4269 1044 4318 111.
1057 4269 1100 4319 55.
1116 4267 1167 4325 Ν,
1183 4264 1243 4328 104)
1253 4264 1312 4314 aive

774 4341 856 4391 etiam
869 4329 901 4387 τὸ
914 4332 1064 4419 μαντηϊον,
1077 4341 1109 4386 ut
1123 4337 1144 4393 1,
1157 4334 1200 4386 49.

808 4400 870 4458 τότε
883 4404 1099 4472 μνησθησομαι]
1131 4403 1193 4456 Vld.
1208 4403 1254 4455 VI.
1268 4404 1311 4463 77,

775 4479 822 4530 ubi
834 4478 922 4529 altera
935 4476 1039 4528 oraculi
1059 4491 1122 4541 paro
1145 4473 1178 4524 ad
1195 4472 1312 4537 Argivos
