2916 5130
263 398 325 465 802
678 404 983 469 BXGURSUSI

264 598 354 649 neque
371 580 441 631 euim
459 588 533 633 recte
548 580 611 633 inibi
626 582 716 633 facere
731 582 871 649 videntur,
888 583 936 651 qui
948 581 1019 634 banc
1030 580 1175 651 phylarttm
1186 580 1360 648 descriptiones

266 668 304 717 ita
314 664 520 737 intelligant*),
535 674 566 717 ut
580 666 670 717 Attica
684 674 759 719 terra
774 667 836 718 olim
851 666 878 718 in
892 676 1024 736 quattuor
1036 684 1123 735 pagos
1137 665 1361 719 divisaiuerittoti

265 752 381 820 demque
395 752 486 802 tribus
500 768 524 801 s.
540 745 630 818 φυλὰς
645 751 780 817 habuerit,
797 752 825 803 in
843 751 886 802 his
901 752 980 821 pagis
1002 752 1170 809 habitantes,
1191 762 1237 803 sat
1251 751 1293 818 qai
1304 760 1361 818 qast-

266 846 329 888 tuor
342 836 390 887 has
406 830 497 902 φυλὰς
512 855 527 887 e
543 837 661 888 diversis
673 836 803 903 gentibus
821 837 908 905 repeti
922 836 1027 901 volunt,
1044 854 1114 906 quae
1129 838 1158 888 iu
1171 837 1279 889 Atticam
1289 842 1363 885 ῑεπιι

265 923 410 988 ingressae
422 920 502 972 sedes
516 922 553 972 ibi
569 922 694 988 ceperint
708 930 735 972 et
748 938 807 975 cum
817 921 956 988 indigenis
967 922 1109 990 postmodo
1124 922 1152 973 in
1170 939 1249 975 unam
1259 920 1364 971 nationes

267 1006 421 1059 coaluerint
443 1024 493 1073 pcr
519 1016 652 1075 quattuor
675 1006 773 1075 phylas
795 1026 819 1057 s.
841 1008 930 1058 tribus
952 1007 1081 1059 divisam:
1110 1026 1163 1059 nec
1186 1007 1296 1074 deuiqse
1312 1014 1364 1053 recte

267 1100 390 1143 statuere
404 1092 467 1141 mibi
483 1091 612 1143 ridentur
630 1092 659 1157 ii,
676 1091 722 1161 qui
740 1090 841 1143 nullom
856 1092 998 1157 dignitatis
1013 1092 1159 1144 discrimen
1176 1094 1247 1145 inter
1258 1091 1363 1157 basqntt·

268 1186 331 1227 tuor
356 1174 453 1243 phylas
478 1177 635 1241 exstitisse,
665 1176 711 1227 sed
737 1194 829 1231 omues
857 1176 980 1229 omnibus
1002 1176 1110 1230 iuribus
1133 1178 1162 1229 in
1186 1175 1315 1245 republica
1334 1171 1363 1221 sl-

270 1261 449 1312 rniuistrsuda
466 1261 569 1329 pariter
586 1278 652 1312 usas
667 1278 730 1313 esse
746 1260 914 1331 putanffl),
939 1279 999 1314 cum
1022 1280 1150 1333 quaeque
1181 1263 1269 1313 tribus
1289 1256 1363 1310 nobiles

268 1356 295 1397 et
311 1344 443 1414 plebeios,
458 1346 558 1397 divites
575 1354 602 1397 et
620 1363 755 1415 pauperes
770 1347 892 1398 homiues
912 1347 1163 1417 comprehenderit:
1184 1364 1254 1417 qnae
1273 1344 1361 1395 omnin

268 1448 334 1483 vcro
350 1430 461 1482 multum
476 1432 574 1482 abesse
594 1432 657 1483 mihi
676 1431 814 1483 videntur.
1216 1430 1220 1435 ⁴

354 1516 418 1581 ism,
436 1524 466 1567 ut
482 1515 515 1567 sd
530 1516 641 1583 singula
656 1517 776 1569 tribuum
791 1523 922 1585 quattuor
934 1518 1042 1569 nomina
1055 1520 1218 1571 accedamus
1233 1512 1362 1583 explicanda

270 1601 303 1653 de
325 1600 376 1667 iis,
397 1602 443 1670 qui
461 1611 595 1654 vocantur
609 1599 770 1671 Αἰγικορεῖς,
784 1595 1077 1672 Ἄργαδεῖς,”οκλητες,
1096 1604 1140 1656 rix
1156 1602 1266 1656 multum
1279 1594 1365 1649 dubitati

271 1686 920 1756 potesbconveuiuutqueiuiisdcmexplicandis
937 1688 1060 1756 plerique
1077 1689 1128 1741 riri
1144 1688 1293 1752 docum).
1310 1680 1363 1732 Nm·

271 1789 325 1840 que
343 1768 496 1839 Αἰγικορεῖς
512 1771 572 1824 sire
586 1767 748 1839 Αἰγικόρεις,
766 1772 840 1842 quod
855 1774 977 1841 praefert
992 1761 1165 1839 Baeclthius,
1189 1773 1236 1842 qui
1257 1774 1365 1820 vocantu.

271 1858 435 1927 pastoritiorn
457 1857 539 1909 vitam
561 1858 672 1925 degisse
695 1858 810 1926 putandi
825 1866 906 1923 suut,
928 1858 955 1909 in
970 1859 1103 1925 gregibus
1116 1858 1258 1929 captarunt
1271 1848 1364 1923 (quaml

273 1943 408 1994 inanimam
423 1942 527 2010 copiam
545 1941 613 1994 aluit
637 1943 725 1994 Attica
740 1948 827 2011 terra)
842 1942 885 1994 vel
902 1944 980 1995 etiam
1002 1944 1091 1996 ovium
1113 1942 1260 2014 pascendis
1275 1931 1365 2002 ooeuptll

273 2034 321 2079 sut
339 2044 518 2094 possessores
542 2027 702 2093 exiguarum
722 2028 869 2079 fundorum
892 2028 993 2082 fuisse.
1015 2028 1063 2097 qui
1084 2046 1189 2097 pascua
1212 2025 1296 2096 potius
1311 2032 1365 2088 qm

274 2130 356 2178 agros
382 2112 511 2163 colendos
536 2114 685 2181 praebent,
712 2114 805 2165 llis-ten
834 2112 889 2163 nod
915 2116 999 2166 steine
1021 2116 1242 2177 Grandbcritzer,
1259 2116 1285 2161 ut
1304 2100 1366 2156 reddit

275 2196 440 2267 Korttitn†),
464 2197 635 2249 assentiente
657 2197 770 2248 Haasio.
814 2191 1159 2266 Quidicnntur'Apyaostg
1174 2182 1366 2265 (amaracini

269 2275 417 2348 Ἐργαδεῐς,
434 2282 507 2351 quod
523 2282 556 2335 sd
577 2299 659 2334 uirum
677 2282 802 2351 idemque
817 2282 889 2334 redit
903 2283 969 2347 ἢ),
992 2284 1026 2334 ab
1048 2286 1153 2354 opificiis
1177 2272 1365 2336 nomentanae

276 2366 419 2418 videntur:
447 2367 493 2435 qui
518 2374 593 2419 artes
619 2366 773 2418 sellularias
800 2376 919 2419 tractant
946 2376 994 2419 aut
1019 2368 1213 2421 mercenariam
1240 2353 1364 2433 apertuit

275 2452 481 2519 locupletiorum
499 2453 633 2503 homiuum
649 2452 743 2504 lundis
758 2460 909 2519 praestant,
928 2455 1132 2521 Gemcrlslente‚
1153 2462 1185 2505 nt
1207 2446 1364 2515 interpretatis

277 2535 478 2607 Kortfimffi),
494 2538 682 2601 Handwerhsr,
693 2546 722 2588 ut
730 2536 806 2589 reddi
816 2534 951 2589 solunti'.
960 2539 995 2589 0.
1003 2538 1121 2591 Mueller
1129 2536 1181 2606 *†)
1189 2524 1363 2591 etliaute'l'il²

276 2611 471 2675 Handarheiter
488 2622 578 2673 reddit
592 2622 625 2672 C.
643 2622 690 2673 Fr.
705 2623 861 2687 Hermanu3
876 2622 964 2673 adbuc
979 2623 1051 2692 apud
1074 2624 1207 2676 Albaniae
1228 2624 1311 2689 geottt
1325 2623 1361 2658 Μ’

276 2707 322 2774 qui
339 2706 367 2756 in
395 2707 469 2773 agris
489 2707 612 2759 mercede
635 2707 761 2758 conducti
785 2724 855 2775 opus
877 2708 991 2771 iaciunt,
1016 2703 1233 2778 rocuridppnin,
1249 2706 1266 2757 i.
1281 2720 1300 2752 e·
1318 2692 1361 2755 {cll-

278 2794 427 2844 arbeitcnde
453 2793 622 2862 ngldhnem
643 2799 734 2843 monet
756 2811 781 2842 v.
804 2788 884 2843 Hahn
910 2792 1082 2861 (Albanisch.
1103 2795 1219 2846 Studien
1241 2804 1294 2859 pag·
1311 2778 1359 2867 [lili

277 2877 365 2927 minus
381 2884 453 2927 recle
470 2877 546 2945 ipsos
561 2872 790 2943 agricolaum)
806 2877 866 2928 sive
878 2894 1004 2944 agrorum
1020 2886 1047 2929 et
1067 2870 1358 2931 landarum-dominum

278 2962 370 3012 vacari
382 2961 506 3030 equidem
523 2963 644 3027 credum3
664 2961 712 3030 qui
728 2961 755 3012 iu
773 2961 952 3031 inscriptione
968 2981 1056 3033 nuper
1071 2962 1238 3033 reperte†*)
1252 2960 1352 3009 count*

279 3054 356 3097 ratur
370 3047 466 3114 δῆμος,
483 3042 745 3114 ηοιιιίηοἘργαδεῑς,
762 3046 814 3098 buc
827 3047 925 3099 referri
942 3048 1053 3117 nequit:
1068 3049 1094 3100 in
1112 3049 1174 3117 ipsa
1190 3056 1273 3098 maten
1285 3027 1351 3089 ΡίῑῦΒ

278 3130 304 3179 in
322 3148 375 3198 qua
386 3125 519 3198 Ἀργαδεῖς
535 3133 680 3201 praecipue
693 3131 832 3183 habitasse
848 3130 908 3183 vult
917 3133 1018 3197 Haase,
1038 3133 1110 3185 bttuc
1123 3135 1213 3202 δήμω
1223 3114 1356 3201 quaeret&

349 3449 376 3515 *)
394 3451 455 3500 Vid.
471 3455 579 3514 praeter
598 3452 667 3502 alios
680 3453 817 3517 Kutorgs:
843 3453 923 3503 Erasi
938 3469 985 3504 snr
997 3454 1206 3520 l'organisstion
1228 3450 1257 3499 de
1275 3432 1363 3494 1⁸leu

280 3536 306 3585 p.
320 3521 362 3571 tt.
377 3522 599 3586 seqqetconfer.
611 3522 777 3575 Hermann:
790 3522 897 3572 Griech.
909 3524 1112 3575 Stsatsalterth.
1129 3528 1152 3586 5.
1163 3525 1196 3575 ut
1210 3527 1260 3571 not·
1273 3520 1292 3565 4·

350 3606 394 3669 ²¹²²)
409 3608 486 3656 Conl.
501 3607 690 3657 ll'schsmuth:
704 3608 809 3657 Helian.
825 3607 1018 3662 Alterthttmsk.
1036 3611 1057 3662 1.
1073 3627 1100 3675 p.
1115 3610 1175 3663 35⁴.
1190 3608 1229 3659 ed.
1242 3617 1287 3653 sec.

350 3675 412 3741 ***)
428 3678 494 3728 viu:
504 3679 589 3727 Meier
602 3680 642 3727 De
657 3677 777 3741 gentilit.
792 3693 856 3742 pag.
871 3681 887 3727 5
901 3695 969 3745 seq..
981 3678 1094 3730 Mueller
1105 3679 1124 3731 l.
1135 3679 1153 3729 l.
1170 3696 1230 3745 pag.
1241 3674 1278 3723 30-
1290 3666 1362 3725 ‘lim‘

268 3746 431 3796 ¹afferuntur
445 3750 480 3798 ab
495 3747 524 3799 C.
538 3748 583 3800 Fr.
597 3749 751 3797 Hermanno
765 3747 782 3800 l.
798 3747 814 3798 l.
828 3752 851 3810 ς.
866 3748 908 3799 64.
921 3749 990 3800 Add.
1004 3750 1097 3800 Haase
1111 3749 1130 3800 i.
1146 3750 1163 3799 1.
1178 3764 1236 3816 pag.
1250 3740 1284 3792 76·

351 3832 380 3893 †)
397 3832 504 3883 Griecb.
521 3832 675 3883 ueschtcht.
690 3833 711 3882 Ι.
724 3850 748 3897 p.
765 3834 820 3884 166.
833 3835 865 3884 ln
877 3836 981 3886 Diserta
990 3841 1064 3886 terra
1072 3829 1229 3900 Αἰγικορεῖς
1237 3818 1362 3895 potissimum

281 3902 360 3953 sedes
374 3903 503 3953 habuisse
517 3905 592 3966 ponit
604 3904 697 3952 lisase
707 3902 723 3951 1.
738 3903 755 3951 l.

282 4042 309 4090 H
351 3972 459 4091 &Po-De
471 3974 631 4023 confusione
643 3975 715 4022 inter
728 3972 746 4021 a
760 3979 787 4025 et
800 3976 813 4022 ἱ
826 3974 898 4026 cons.
913 3974 1090 4026 Doederlein:
1117 3967 1275 4027 Homeriscb
1285 3957 1362 4007 (W

313 4059 359 4107 .p.
413 4059 449 4091 n.-

353 4128 424 4189 Φῆ)
440 4127 500 4177 vid.
515 4127 622 4178 Griecb.
638 4127 793 4178 Geachicbt.
807 4129 829 4177 l.
845 4145 872 4192 p.
887 4128 945 4181 166.

353 4200 399 4261 *6)
413 4198 573 4248 Vermiscbt.
587 4197 699 4250 schrift.
715 4199 753 4248 11.
767 4214 792 4262 p.
808 4198 867 4249 530.

353 4282 420 4345 *iil
436 4284 453 4332 l·
467 4284 484 4333 l·
499 4298 562 4347 [³⁸20
578 4284 611 4331 76
624 4298 692 4347 seq,
710 4284 795 4347 quiin
808 4287 916 4335 Paralia
928 4286 989 4336 illas
1003 4262 1144 4337 habitasse
1156 4286 1236 4352 ponit,
1245 4278 1269 4327 C.
1278 4259 1362 4321 Ftll‘l’

284 4367 386 4400 mann:
403 4353 509 4402 Griecb.
524 4351 728 4402 Stantsaltsrth.
743 4352 767 4414 ᾗ.
782 4354 824 4404 64.
837 4371 861 4403 c.
873 4355 918 4405 fin,

353 4422 441 4481 *ἢῆ
454 4424 490 4471 cf.
505 4421 685 4472 Sebaemsnn.
701 4425 849 4488 Antiquitt.
863 4425 913 4475 inc.
927 4424 1026 4489 public.
1041 4426 1153 4477 Graece.
1167 4440 1224 4491 pag·
1238 4417 1283 4470 105·

354 4490 401 4554 †*)
415 4492 471 4542 vid.
485 4491 661 4557 Archaeolog.
675 4493 792 4558 Zeitung
808 4494 883 4545 1848.
897 4509 938 4545 nr.
950 4494 975 4545 o.
988 4495 1091 4561 Baiiag.
1104 4513 1129 4561 p.
1143 4493 1216 4547 902
