3010 5134
455 403 727 468 POLYlllNIA.
751 402 822 463 Vll.
845 411 903 466 100.
929 411 986 463 101.
1238 394 1300 458 687

169 585 224 654 e’al
245 579 306 672 τὴν
321 574 478 650 Ἐλλάδα·
512 580 652 659 καλέσας
675 574 709 647 d’
734 573 838 645 αὐτὸν
861 585 969 661 elpsro
988 574 1084 644 reida·
1110 575 1301 665 Δημάρητε,

169 692 236 758 νῦν
249 691 308 776 μοί
326 705 363 753 σε
384 680 450 772 ἡδύ
471 714 502 753 ιι
518 685 586 763 ἐστὶ
601 686 796 768 dissipandas
818 681 858 748 τὰ
872 684 974 748 θέλω.
1010 677 1054 747 σύ
1069 676 1115 759 εἷς
1126 676 1249 768 Ἕλλην
1266 706 1302 748 τε

171 793 244 877 καὶ,
266 785 310 868 ὡς
326 786 392 876 ἐγῶ
412 788 629 877 πυνθάνομαι
644 791 705 855 σεῦ
723 811 758 853 τε
776 784 830 854 καὶ
846 789 913 854 τῶν
925 780 1038 852 ἄλλων
1054 778 1221 876 Ἑλλήνων
1234 789 1303 853 τῶν
1354 867 1361 884 ⁸
1377 800 1380 805 ’

171 991 324 1057 Schweigh.
347 995 374 1041 et
394 989 482 1041 Gaias.
506 988 606 1041 abieci.
645 989 715 1039 Nam
765 1004 824 1039 cess
827 986 1018 1037 issesidetur.
1043 989 1132 1053 utqui
1152 987 1304 1038 omninoin

172 1066 373 1130 ignorantem
391 1059 452 1110 libri
472 1060 582 1124 scripti,
603 1074 714 1109 nnocs·
765 1058 906 1108 Demarati
931 1059 1011 1107 rebus
1037 1058 1197 1108 enarrandis
1225 1056 1303 1108 valde

174 1139 253 1198 cepto
266 1131 406 1183 Sancrofti
418 1130 502 1191 libro,
529 1144 607 1194 quem
625 1127 713 1179 secuti
764 1127 878 1194 diligens
894 1128 1028 1191 reperitur
1043 1127 1090 1191 (cf.
1104 1128 1151 1191 6Ι,
1167 1128 1201 1179 63
1216 1125 1304 1192 seqq.)

173 1203 338 1255 recentiores
355 1201 473 1251 editores
488 1200 551 1249 iude
565 1198 714 1250 aBelrlaaro
764 1213 852 1263 neque
862 1199 891 1246 in
902 1213 932 1247 re
946 1203 1001 1246 tam
1013 1212 1091 1260 gravi
1085 1198 1174 1248 hauc
1189 1197 1305 1273 diligep·

174 1276 336 1338 receperunt
356 1259 386 1322 ὦ.
428 1270 560 1333 Equidem
579 1269 713 1333 reperisse
764 1271 831 1318 tram
845 1267 1061 1332 praetermittere
1074 1269 1179 1333 potuit
1194 1267 1263 1317 adeo
1275 1270 1306 1315 ut

173 1342 240 1393 mihi
254 1341 362 1404 videor,
377 1339 448 1390 lianc
461 1337 586 1389 voculam
599 1339 713 1403 plerum·
763 1340 938 1389 Demaratum
953 1334 1010 1386 alia
1023 1338 1158 1388 dicentem
1173 1352 1305 1403 propone-

175 1428 226 1497 que
236 1410 344 1460 omitti'
337 1424 365 1459 ιιι
375 1411 409 1460 iis
419 1408 628 1460 allocutionibus
630 1421 714 1472 ,quas
764 1415 806 1458 ret
819 1422 899 1473 quarn
914 1422 983 1472 quac
995 1422 1090 1457 revera
1101 1408 1181 1458 dixit.
1207 1409 1305 1471 ltaque

174 1485 233 1547 ipse
251 1482 394 1531 Persarum
421 1494 469 1528 rex
496 1478 564 1528 iacit
587 1477 622 1527 ad
643 1477 713 1527 alios

176 1550 261 1617 (conf.
279 1550 349 1612 Vll,
373 1549 413 1600 ll.
435 1549 473 1599 lb.
491 1551 534 1599 47.
553 1549 593 1599 66.
612 1548 655 1597 52.
670 1546 714 1596 56.

177 1620 254 1686 163),
271 1620 318 1670 sed
334 1618 447 1668 adiici''
430 1634 463 1667 na
477 1620 504 1667 iu
515 1617 598 1680 locis,
616 1617 644 1666 in
658 1615 716 1681 qui·

175 1691 227 1742 bus
242 1689 291 1740 alii
306 1689 516 1739 introducuntur
539 1702 656 1766 rogem
648 1686 717 1735 allo·

176 1765 290 1838 questos
305 1764 353 1809 aut
366 1759 392 1807 ei
393 1757 613 1822 respondentur:
633 1770 655 1803 ω
645 1741 706 1821 βα
708 1783 718 1793 -

177 1825 255 1880 caleri
276 1830 334 1879 sivo
359 1814 381 1876 oi
402 1824 539 1886 δέσποτα
567 1827 651 1883 ιιι6,
671 1823 715 1874 23.

175 1896 604 1961 61161681161114
620 1894 716 1946 2728.

176 1969 219 2021 38
232 1969 274 2018 46.
283 1968 324 2018 47.
336 1968 379 2017 46.
390 1966 432 2017 51.
446 1965 503 2016 164.
518 1965 575 2018 136.
588 1966 645 2015 147.
659 1963 718 2014 168.

176 2036 467 2088 tractantiam.
505 2033 718 2100 ltaqueiuline

177 2107 257 2157 buius
270 2107 370 2187 capitis
388 2110 469 2169 atque
485 2106 563 2154 initio
580 2104 719 2169 sequentis

178 2176 290 2229 exhibui
302 2192 323 2225 ω
315 2162 468 2242 βασιλεῦ,
489 2174 560 2241 quod
571 2172 745 2224 Wesselin:

178 2248 239 2312 gius
253 2246 307 2296 iam
323 2245 450 2303 dederat;
473 2244 535 2294 libri
550 2244 646 2308 scripti
658 2258 719 2293 cum

179 2319 304 2382 ignorent
324 2315 459 2380 plerique,
485 2313 720 2390 Schweighaeuse-

178 2401 224 2436 rus
244 2392 272 2436 at
293 2389 409 2437 recentt
432 2383 492 2433 add.
513 2385 663 2434 omiserunt
687 2367 720 2444 ai,

179 2456 249 2521 quod
264 2454 337 2505 haud
359 2454 415 2505 scio
430 2469 467 2502 an
485 2452 635 2503 addendum
656 2467 721 2517 quo·

179 2539 232 2591 que
242 2525 351 2586 sitVIl,
365 2523 468 2573 130.—
480 2523 521 2571 Ad
533 2528 720 2586 argumentum

178 2595 234 2645 loci
255 2593 323 2643 baec
342 2593 490 2656 adscripsit
510 2591 721 2641 Valckenarius:

179 2663 275 2726 „Nihil
289 2662 401 2725 horum,
423 2678 494 2728 quae
507 2662 656 2711 Demarato
676 2662 723 2710 tri·

180 2734 240 2784 buit
258 2733 359 2783 Noster
378 2732 405 2781 in
421 2744 511 2796 seqq,
535 2731 583 2782 sed
604 2729 652 2780 illa
668 2730 722 2780 duo

182 2803 342 2869 praesertim
360 2802 445 2851 Xerxi
459 2802 634 2850 Demaratum
654 2800 723 2849 lacit

181 2873 315 2923 dicentem
341 2870 446 2922 Seneca
472 2871 514 2921 De
541 2870 654 2920 benetie.
674 2870 722 2932 61,

181 2943 224 3003 31,
239 2957 310 3007 quae
323 2942 381 3006 regi
398 2940 544 2990 seeundum
556 2904 723 2989 Herodoturrl

180 2981 250 3075 Vll,
264 3012 298 3063 46
313 3010 451 3060 obiecerat
463 3009 636 3059 Artabanus
662 3024 726 3058 con·

181 3087 240 3142 tra,
263 3087 390 3147 patruum
410 3079 482 3144 regis
497 3068 663 3129 Artabanum
678 3078 724 3127 ubi

182 3155 288 3201 tantum
318 3154 530 3200 commemorant
550 3148 723 3210 Plutarchus,

182 3221 321 3283 Iustinus,
334 3218 397 3275 alii:
414 3219 659 3268 iuistamsoeuam
670 3219 725 3269 De·

182 3295 315 3340 inaratam
338 3289 417 3339 nobis
438 3288 588 3338 introduxit
604 3287 726 3339 Herodo-

184 3366 227 3411 tus
238 3360 303 3420 Vll,
314 3358 344 3420 3,
361 3359 407 3423 qui
420 3364 563 3439 propterea
573 3356 673 3408 Suidae
686 3357 727 3406 di-

181 3430 255 3484 citur
268 3397 320 3508 (in
347 3421 530 3492 Δηιάρατος)
559 3418 725 3522 nvpnqcs'ficc

183 3494 223 3556 εἰς
242 3490 297 3563 τήν
315 3493 462 3563 βασιλείαν
475 3492 651 3560 τι,1.’.”’.ἐίιξι).·ί
685 3499 725 3546 Ac

182 3568 323 3619 Demarati
335 3567 423 3617 oratio
434 3548 506 3630 apud
516 3566 647 3616 Senecam
660 3564 725 3615 mul-

183 3643 240 3689 tum
256 3638 351 3700 ntique
367 3636 457 3687 differt
471 3636 528 3686 ab'
521 3638 571 3695 ris,
588 3650 657 3701 quae
670 3637 726 3685 Ho-

183 3708 295 3758 rodotns
306 3706 333 3756 h.
341 3706 357 3755 l.
369 3708 548 3757 Demaratum
558 3704 626 3755 tacit
635 3705 726 3755 dicen-

765 1478 865 1529 adduci
880 1492 998 1542 nequeo,
1011 1482 1042 1526 ut
1056 1477 1108 1527 hoc
1122 1482 1207 1528 totum
1221 1476 1306 1526 collo·

767 1550 858 1614 quium
877 1562 910 1595 ac
929 1547 1073 1611 praecipue
1086 1547 1229 1598 Demarati
1247 1561 1306 1596 ora·

766 1621 866 1667 tionem
883 1616 918 1666 ad
937 1631 970 1665 aa
985 1616 1117 1681 referam,
1137 1633 1207 1683 quae
1219 1617 1305 1666 Hero

767 1689 848 1738 dotas
861 1688 920 1751 ipso
931 1691 1100 1737 commentus
1113 1692 1164 1747 est,
1179 1703 1222 1748 ea,
1238 1701 1308 1753 quae
1327 1732 1334 1751 ,ᾗ

768 1761 827 1823 ipse
839 1756 970 1818 sentiret,
989 1755 1058 1808 alios
1077 1758 1251 1807 enuntiantes
1267 1755 1307 1805 in·

768 1828 928 1887 troducens,
944 1831 974 1875 ut
987 1826 1162 1877 Hoffmeister
1172 1824 1308 1889 (8111116ιὲ

768 1897 895 1960 religiose
906 1895 1120 1946 Lebensausicbt
1136 1897 1162 1948 d.
1174 1895 1307 1947 Herodot.

768 1982 830 2032 pag.
847 1964 907 2030 118)
927 1965 1040 2028 statuit,
1065 1967 1164 2027 Xerxi,
1184 1967 1244 2030 regi
1264 1980 1309 2015 su-

768 2036 850 2101 perbo
862 2035 1078 2085 itallrtabanum
1089 2051 1121 2086 ac
1132 2037 1308 2086 Demaratum

770 2105 853 2156 adiici
870 2109 984 2169 putans,
1009 2110 1040 2154 ut
1054 2106 1179 2157 Solonem
1198 2106 1309 2168 Croeso,

769 2191 815 2241 qur
807 2174 919 2224 'deinde
929 2174 998 2225 idom
1009 2191 1104 2226 munus
1111 2180 1232 2240 praestet
1239 2174 1310 2241 Cyro

771 2251 798 2296 et
808 2243 943 2309 cambysi.
967 2246 1099 2309 Equidem
1109 2260 1174 2296 sane
1184 2245 1210 2295 id
1223 2247 1310 2309 ipsum

771 2313 810 2368 sd
819 2314 975 2378 primarium
993 2314 1060 2364 illud
1072 2315 1214 2365 camillum
1228 2314 1311 2378 perti-

770 2398 833 2435 nere
848 2384 944 2445 credo,
966 2384 1038 2449 quod
1053 2383 1211 2435 Herodotus
1227 2385 1255 2433 in
1273 2384 1312 2433 bi-

771 2455 858 2503 storia
869 2452 1014 2503 scribenda
1030 2459 1139 2504 secutus
1153 2458 1207 2513 est,
1225 2469 1311 2519 neque

771 2538 835 2572 vero
862 2522 924 2572 inde
949 2522 1040 2588 colligi
1067 2539 1148 2588 posse
1175 2524 1312 2587 existimo,

772 2591 888 2643 conficta
899 2607 1010 2656 prorsus
1028 2608 1088 2643 esse
1106 2609 1154 2655 ea,
1174 2608 1245 2657 quae
1257 2594 1313 2643 De·

772 2667 905 2713 mar-atum
916 2662 1016 2711 Noster
1027 2663 1160 2713 dicentem
1172 2662 1255 2715 iacit.
1270 2678 1313 2713 sa·

772 2734 809 2782 tis
830 2731 944 2782 edoctus
961 2730 994 2781 de
1009 2731 1052 2781 his
1073 2733 1152 2783 rebus
1175 2733 1209 2782 ab
1226 2732 1313 2797 ipsius

772 2802 917 2852 Demarati
936 2802 1052 2865 posteris
1071 2806 1120 2851 aut
1138 2818 1155 2852 a
1169 2803 1314 2865 Spartanis

774 2871 883 2933 iisdem,
907 2886 975 2935 quos
995 2872 1077 2920 etiarn
1092 2888 1175 2934 supra
1193 2873 1220 2921 iu
1235 2871 1314 2922 Cleo·

775 2944 861 2993 menis
871 2941 952 2990 rebus
964 2939 1023 3004 (VI,
1035 2939 1081 3006 84)
1094 2940 1240 2991 consuluit.
1260 2944 1313 2992 Ne·

777 3026 828 3076 que
852 3025 869 3059 a
892 3010 1056 3061 Graecorum
1086 3016 1168 3076 atque
1194 3012 1314 3075 ipsorum

775 3081 970 3146 Spartanorum
987 3080 1137 3131 rationibus
1160 3097 1192 3131 ea
1215 3081 1315 3131 ablior-

775 3165 842 3210 rere,
853 3165 923 3214 qnae
934 3151 1070 3215 eloquitur
1080 3151 1253 3215 Demaratus,
1267 3166 1314 3213 ap-

774 3220 884 3285 parebit
902 3236 935 3270 ex
954 3220 1005 3280 iis,
1035 3235 1104 3285 quae
1124 3220 1160 3270 ad
1178 3222 1246 3282 Vll,
1268 3220 1316 3270 162

775 3289 951 3354 proteramus.
973 3288 1051 3340 Conl.
1064 3290 1145 3340 etiam
1156 3291 1253 3341 Grata:
1268 3291 1316 3339 Hi·

775 3364 851 3424 story
864 3360 894 3408 ot
904 3357 1005 3409 Graece
1016 3360 1048 3414 V.
1060 3376 1084 3426 p.
1096 3361 1139 3412 52.
1150 3361 1183 3412 63
1196 3364 1270 3411 recte
1283 3359 1315 3411 de

774 3429 818 3479 his
831 3428 1007 3479 iudicantem.

811 3496 864 3547 νῦν
879 3495 931 3562 μοί
943 3510 973 3547 σε
986 3490 1043 3562 ἡδιί
1056 3513 1082 3547 τι
1099 3490 1167 3563 ἐστι’]
1185 3498 1316 3548 Voculam

776 3582 803 3616 τι
819 3583 836 3617 a
851 3567 1013 3632 Schaeiero,
1029 3584 1105 3634 quem
1122 3584 1192 3619 rece.
1205 3567 1264 3617 edd.
1276 3583 1318 3618 se·

777 3642 912 3702 quantur,
934 3637 1047 3689 duorum
1060 3637 1139 3690 codd.
1153 3638 1318 3688 auctoritate
1385 3642 1396 3655 '

777 3708 906 3757 omissam
938 3708 1063 3772 equidem
1096 3723 1156 3758 cum
1183 3706 1318 3771 Schweig-

672 3776 679 3787 ’
776 3777 910 3828 haeusero
940 3782 967 3828 et
992 3777 1150 3828 Gaisiordio
1177 3778 1317 3827 revocari.

184 3852 245 3908 tur,
263 3846 335 3895 hanc
351 3861 405 3895 reru
421 3845 530 3895 omnino
547 3845 575 3893 in
589 3844 726 3895 rhetorum

184 3916 285 3967 scholis
315 3920 425 3980 postera
457 3918 550 3965 astate
578 3920 725 3965 tractatam

186 4001 245 4036 esse
259 3986 375 4048 indeque
389 3985 500 4036 fluxisse
514 3999 555 4045 ea,
574 4000 644 4050 quae
655 3984 725 4050 apud

185 4057 316 4106 Senecam
329 4054 482 4106 traduntur.
509 4053 665 4104 Herodotus
680 4070 727 4105 au—

71 4161 87 4179 ..
185 4132 255 4186 tem,
289 4140 368 4189 quem
398 4126 425 4174 in
450 4122 552 4174 talibus
580 4124 726 4174 oratoriam

186 4194 322 4261 quandam
346 4198 433 4246 artem
457 4194 629 4259 praestitisse
653 4193 727 4245 haud

186 4272 316 4328 negamus
335 4263 419 4328 (cons.
434 4268 503 4314 nott.
516 4262 551 4313 ad
566 4264 595 4323 l,
609 4262 651 4314 36.
673 4264 727 4326 ΙΙΙ,

186 4334 242 4399 86),
253 4340 345 4385 tamen
354 4336 389 4384 ad
399 4350 493 4384 verum
504 4333 627 4398 proxime
637 4348 729 4385 acces·

778 3847 843 3910 Ipsa
861 3846 964 3898 locutio
981 3836 1068 3898 νιιΙιι1;
1097 3861 1161 3896 nune
1172 3849 1230 3898 mibi
1242 3847 1318 3905 labet,

775 3920 869 3983 placet.
916 3917 1003 3977 Quam
1032 3917 1068 3967 ad
1091 3916 1239 3967 Homerica
1264 3916 1317 3969 od.

778 3977 882 4048 XXIV,
899 3988 949 4037 434
971 4001 1125 4051 expressam
1145 3985 1317 4037 crediderim.

777 4055 901 4106 Pertinet
919 4056 972 4106 buc
991 4057 1124 4107 Herodot.
1143 4056 1189 4111 ΙΙ.
1205 4056 1254 4106 46;
1283 4070 1318 4104 ov

777 4139 826 4184 μοι
842 4115 926 4186 ἥδιόν
940 4120 1040 4174 tort?
1011 4126 1099 4190 tapeta
1112 4131 1138 4175 et
1152 4126 1214 4186 Vll,
1231 4124 1279 4175 1th
1295 4119 1321 4174 sl

780 4187 893 4257 611μῐν
910 4187 1068 4260 ἡδονὴιι.
1083 4211 1104 4244 ι.
1120 4195 1143 4245 1.
1151 4198 1321 4257 ‚pertinent

779 4263 834 4313 alia
845 4264 896 4314 buc
908 4280 924 4312 a
936 4265 1061 4315 lacobsio
1073 4264 1157 4315 allata
1168 4264 1203 4313 ad
1214 4264 1318 4315 belian.

778 4335 812 4383 N.
827 4335 858 4385 Α.
873 4335 920 4394 61,
934 4336 977 4385 tt.
1005 4334 1140 4393 Imitatur,
1155 4334 1320 4386 observante

187 4402 256 4455 sisse
269 4419 356 4468 neque
372 4404 407 4454 ab
421 4405 469 4463 iis,
483 4419 554 4469 quae
567 4417 663 4452 revera
673 4403 728 4453 De·
779 4402 975 4465 Valckenario,
988 4406 1139 4455 Pausanias
1150 4404 1228 4457 Vlll.
1240 4403 1282 4455 38.
1295 4409 1319 4468 ς.

187 4480 309 4524 maratus
320 4474 427 4525 locatus
441 4478 497 4537 est,
512 4472 658 4525 admodum
672 4471 727 4524 dis·
779 4471 803 4521 6.
817 4473 868 4535 Ill,
881 4472 924 4525 36.
939 4477 964 4538 5.
974 4477 1039 4527 2.-
1053 4475 1086 4526 ln
1099 4488 1173 4541 seqq.
1186 4472 1248 4526 dedi
1260 4489 1320 4529 cum
