2970 5128
503 414 682 478 ΕΒΑΤΟ.
706 416 762 477 VI.
781 425 823 480 98.
1166 412 1223 477 361

115 594 192 661 πλέον
206 588 288 660 κακὰ
308 596 348 680 τῇ
362 586 530 679 Ἐλλάδιῆ
551 592 604 659 ἐπὶ
623 600 728 661 sinoce
741 586 844 671 ἄλλας
863 587 982 678 γενεὰς
1002 587 1059 670 τὰς
1077 586 1142 679 πρὸ
1155 599 1227 660 Δα-

114 703 196 781 ρείου
208 698 400 782 γενομένας,
417 693 458 763 τὰ
472 694 534 783 μὲν
553 691 619 763 lsi
633 700 702 764 τῶν
715 696 876 783 Περσέων
890 692 975 786 αὐτῇ
989 692 1170 784 γενόμενα,
1189 691 1229 762 τὰ

113 801 145 867 di
163 797 219 867 ἆτ’
240 795 440 867 αὐτῶντῶν
461 805 660 887 κορυφαίων
682 799 758 885 περὶ
784 803 842 887 τῆς
863 794 1227 887 ἆρχῆςαολεμεόντων.

112 899 188 970 οὕτω
207 899 307 972 οὐδὲν
321 894 365 991 ἦν
378 899 488 982 ἀεικὲς
508 907 693 990 κινηθῆναι
706 906 840 989 Δῆλον,
862 901 900 970 τὰ
913 903 994 988 πρὶν
1015 906 1137 971 ἐοῦσαν
1153 899 1226 971 ἀκί-

112 1034 210 1094 νητον.
236 1007 289 1076 καὶ
304 1008 342 1075 ἐν
354 1011 493 1099 χρησμῷ
507 997 549 1094 ἦν
567 1008 800 1094 γεγραμμένον
813 1006 890 1092 περὶ
904 1003 1007 1095 αὐτῆς
1021 996 1105 1076 ὦδε·

297 1131 420 1217 Kourion
434 1137 485 1199 sol
502 1140 604 1217 Δῆλον
620 1131 764 1217 ἀκίνητόν
781 1159 836 1217 περ
853 1135 969 1198 ἐοῦσαν.

111 1262 247 1333 Adrasos
269 1262 306 1333 δὲ
325 1261 409 1332 κατὰ
426 1260 566 1334 Ἐλλάδα
586 1268 743 1350 γλῶσσαν
762 1266 867 1331 ταῦτα
886 1259 926 1330 τὰ
946 1259 1131 1351 οὐνόματα·
1156 1274 1227 1332 Δα-

110 1476 139 1559 τῇ
152 1470 256 1530 Ελλάδι
247 1497 286 1561 q
275 1470 346 1530 ἐπὶ
360 1477 451 1531 εἴκοσι
464 1470 550 1540 ἄλλος
563 1442 638 1547 yere-
687 1480 772 1542 Quem
785 1480 899 1530 eundem
909 1496 964 1531 una
976 1496 1036 1531 cnm
1049 1482 1142 1531 verbis
1154 1485 1231 1532 aute·

108 1565 137 1606 ας
147 1564 193 1607 τας
201 1564 255 1611 τοο
268 1549 395 1613 Δαρείου
407 1551 560 1616 γενομένας
571 1552 637 1602 scri-
686 1550 860 1601 cedentibus:
884 1546 932 1599 sul
951 1542 982 1599 ἐν
1000 1548 1116 1633 χρησμῷ
1135 1538 1172 1617 ἦν
1189 1565 1231 1615 γε·

110 1619 253 1684 μιίγενεαῐν
264 1621 430 1674 Bredovium
449 1637 474 1687 p
490 1623 542 1674 219
560 1637 637 1673 secu·
687 1615 848 1683 γραμμένον
861 1613 976 1682 nrql’
939 1620 1027 1684 αυτῆε
1044 1602 1104 1669 ωδε
1118 1636 1167 1686 pro
1188 1638 1231 1671 ru·

110 1694 155 1751 tus,
165 1690 298 1757 ubirnlgo
316 1685 444 1756 penales,
457 1691 528 1756 quod
541 1690 583 1742 vel
598 1707 638 1743 re·
688 1690 790 1754 spectio
806 1689 902 1740 babuit
914 1689 1128 1754 Wesselingius‚
1150 1706 1229 1756 quern

110 1764 183 1841 centt.
194 1760 253 1814 edd
269 1763 456 1821 retinuerunt3
474 1761 522 1813 sed
536 1761 638 1812 retinui
688 1763 798 1810 secutus
812 1759 949 1810 Matthiae
967 1761 1045 1809 uncis
1064 1759 1132 1810 baec
1146 1760 1231 1810 inclu-

110 1825 231 1908 τουτέων,
248 1830 327 1881 cuius
345 1829 406 1881 loco
421 1831 544 1883 Dietsclr
564 1831 640 1881 exhi·
688 1830 733 1890 sit,
751 1829 850 1894 quibus
863 1845 914 1894 ego
929 1830 1017 1880 denuo
1031 1829 1154 1893 liberavi
1169 1846 1229 1881 cum

109 1891 283 1949 bnitsou'ssov.
313 1891 638 1953 Adlocusiommini-
689 1899 764 1948 nulla
781 1900 947 1963 suspicionis
964 1915 1051 1951 cauea
1069 1902 1145 1950 iusta
1163 1900 1230 1949 mihi

110 1960 193 2030 γενεὰς
212 1970 247 2019 ct.
262 1970 350 2021 sliata
367 1971 453 2033 adV,
471 1971 514 2022 28.
543 1971 638 2022 Caete-
688 1976 835 2034 appareat:
858 1970 930 2034 quod
948 1969 1019 2019 idem
1037 1971 1168 2020 statuisse
1189 1971 1230 2019 tn-

110 2053 158 2087 rum
172 2040 383 2105 egregievaiere
403 2039 475 2092 bunc
492 2040 580 2092 locum
601 2039 636 2089 nd
687 2040 767 2089 venio
784 2036 921 2094 Salomon
941 2040 969 2089 in
991 2040 1132 2091 dissertat.
1154 2039 1228 2090 land.

110 2108 226 2159 historias
244 2110 279 2160 sb
300 2110 440 2161 Herodoto
464 2112 638 2175 conscriptae
687 2124 713 2173 p.
728 2110 821 2159 'lb-
841 2109 919 2171 Quod
932 2125 997 2161 vero
1012 2111 1084 2175 apud
1099 2109 1230 2160 historice

110 2184 217 2243 tempora
228 2179 386 2231 delinienda
399 2195 478 2230 nemo
489 2196 542 2231 non
552 2180 636 2232 ridet.
687 2183 793 2243 petrem
809 2178 933 2239 oracula,
952 2185 1092 2243 portenta,
1113 2181 1229 2239 somnia,

109 2248 218 2313 Namque
232 2249 291 2300 belli
300 2250 512 2313 Peloponnesiaci
524 2251 595 2301 mala
609 2255 637 2300 st
687 2247 743 2297 alia
760 2248 788 2297 id
803 2263 897 2313 genus,
914 2263 984 2315 quae
996 2249 1170 2315 Thucydides
1185 2249 1230 2301 rei

109 2316 266 2370 oalsmitates
277 2319 323 2370 bic
336 2320 462 2383 indicari,
470 2321 580 2372 minime
588 2321 637 2370 du·
687 2333 798 2382 prorsus
810 2319 899 2369 tacuit
908 2318 953 2369 rel
965 2321 1054 2369 rarius
1067 2324 1141 2370 corte
1152 2319 1230 2370 sdlri·

110 2385 172 2436 bium
185 2393 233 2439 cst.
255 2390 297 2440 Cf.
311 2389 477 2440 Dshlmann.
493 2392 521 2440 iu
534 2390 635 2442 Herod.
686 2388 755 2449 buit,
771 2386 902 2438 historiae
915 2389 1055 2453 gravitate
1066 2388 1179 2453 indigna
1190 2395 1230 2438 ts-

109 2470 131 2519 p.
141 2459 170 2507 42
182 2459 274 2511 etrid.
287 2474 373 2524 supra
385 2463 452 2510 nott.
470 2459 505 2509 ad
519 2462 552 2521 V,
562 2460 595 2509 ro
609 2463 637 2511 et
685 2457 724 2507 lia
743 2474 803 2507 esse
823 2462 915 2520 ratus,
933 2457 1102 2523 frequentius
1116 2474 1231 2508 comme·

110 2526 148 2575 il:
163 2527 205 2577 ubi
216 2528 271 2578 alia
283 2528 433 2595 quaedum,
454 2545 525 2594 quae
536 2530 572 2580 ed
586 2529 637 2581 hu·
687 2532 841 2590 morantur,
857 2526 885 2576 id
902 2526 1042 2578 Herodoto
1056 2528 1125 2578 vitio
1141 2532 1231 2579 verte-

109 2595 145 2645 ius
156 2596 216 2647 belli
225 2603 350 2664 tempora
363 2600 539 2662 spectantia
549 2600 636 2651 Hero·
685 2612 715 2648 re
730 2596 855 2647 nolumus
867 2612 955 2661 neque
972 2598 1098 2662 scriptori
1117 2598 1230 2662 diligen-

109 2666 245 2720 lotiilusis
254 2670 338 2718 obvia
350 2668 500 2747 attulimus.
519 2669 552 2718 In
561 2685 636 2734 seqq.
687 2668 793 2718 tissimo
807 2672 890 2731 atque
902 2667 1063 2716 cautissimo
1078 2668 1231 2750 superstiti·

110 2730 192 2784 derli’
176 2729 223 2783 ια’
243 2730 341 2787 αὐτῶν
356 2738 422 2803 (pro
441 2754 494 2788 αυτ
496 2730 566 2804 ἔων)
580 2739 637 2788 τῶν
687 2738 748 2788 onis
770 2735 976 2786 credulitatisse
995 2737 1115 2786 notam
1108 2752 1229 2787 inurere:

109 2805 268 2867 κορυφαίων.
309 2809 382 2859 Sunt
409 2824 474 2858 vero
501 2801 532 2857 οἱ
542 2822 636 2891 rupo·
687 2807 715 2856 id
735 2807 807 2871 qnod
824 2806 949 2856 lecerunt
966 2806 1024 2857 alii.
1054 2808 1179 2872 Namque
1199 2812 1230 2857 ut

110 2874 179 2933 φαῖοι
190 2877 396 2940 τίνοιμιίιιατίί,
403 2879 568 2942 principesin
581 2880 637 2929 sin·
687 2877 823 2927 diversum
840 2877 980 2940 utriusque
1001 2877 1143 2941 scriptoris
1155 2883 1231 2929 tace·

111 2943 352 3027 qniisciritatibus,
364 2948 451 3009 utVl,
467 2948 509 3013 23,
524 2948 636 3000 ubirid.
686 2962 730 2996 em
749 2947 777 2996 in
797 2946 993 2997 conscribenda
1011 2946 1127 2997 historin
1142 2947 1230 2997 consi·

111 3006 180 3090 Prq’
164 3009 217 3064 απὸ
229 3016 316 3068 cobet
328 3019 393 3066 Ver.
408 3019 499 3069 Lectt.
511 3033 573 3083 pag.
585 3019 636 3069 276
686 3016 751 3067 lium
765 3017 905 3081 idemque
898 3017 1037 3081 ingenium
1049 3017 1164 3067 maxime
1174 3017 1229 3068 dis-

110 3070 157 3130 siud
168 3088 275 3137 rescribi
285 3086 355 3149 vult,
364 3092 395 3137 ut
405 3088 530 3152 snpraV,
540 3090 564 3137 2.
585 3089 636 3139 Mi·
687 3103 737 3150 par
755 3084 867 3151 (dequo
882 3086 981 3150 plurs
974 3101 1033 3150 ipse
1048 3088 1152 3137 excitat
1165 3086 1230 3137 Vol

111 3148 206 3204 bibenti
225 3172 292 3222 opus
311 3125 435 3207 ridetur:
459 3159 554 3223 itaque
574 3173 635 3208 cum
686 3155 789 3220 cken.‚)
805 3157 963 3206 Herodotus
977 3172 1026 3220 pro
1040 3173 1072 3206 es
1079 3173 1172 3222 ,qnae
1187 3160 1227 3206 to-

111 3224 219 3275 onnibus
238 3227 393 3278 editoribus
413 3226 552 3293 vulgatum
575 3228 638 3313 reti·
688 3227 742 3276 tius
758 3227 849 3291 operis
860 3226 913 3276 luit
924 3242 1038 3287 summa,
1051 3242 1132 3291 quem
1143 3230 1228 3277 maxi·

110 3293 156 3341 nni
686 3312 729 3345 me
746 3311 856 3347 necesse
876 3294 974 3346 babuit
992 3296 1060 3346 talia
1075 3298 1191 3359 referre,
1213 3314 1227 3347 e

138 3351 245 3413 uider
228 3380 264 3429 ην
274 3353 335 3414 cisen
339 3360 405 3430 l‘c]
397 3381 415 3414 1.
429 3381 451 3415 e
473 3369 510 3417 ito
523 3366 584 3416 nilril
594 3367 636 3415 mi-
687 3367 785 3431 quibus
798 3364 891 3431 aliquo
904 3371 978 3417 certe
992 3366 1071 3418 modo
1082 3366 1168 3417 divini
1180 3382 1228 3416 nu-

111 3443 231 3491 merot,
245 3449 295 3484 non
307 3442 415 3497 praeter
432 3438 554 3485 rationem
571 3436 637 3485 occi·
688 3436 767 3485 minis
789 3435 824 3484 ad
848 3451 941 3487 omncs
963 3451 1007 3486 res
1030 3436 1162 3487 humanas
1185 3437 1227 3487 vis

111 3499 181 3550 delei.
206 3503 282 3556 coni
297 3505 357 3567 111,
375 3504 418 3555 33.
456 3505 532 3567 Quod
548 3521 638 3569 sequi
687 3506 900 3623 perspiceretur.

113 3566 297 3651 ιιιαιιίνητον,
313 3574 572 3624 immotoruindicat
565 3589 638 3624 insn-
724 3565 898 3624 Δυναταιδέ
916 3589 941 3626 ι.
960 3589 983 3625 τ.
1002 3573 1039 3640 2.]
1070 3576 1146 3625 Ηιοο
1164 3591 1229 3640 quo-

110 3637 178 3701 ism,
173 3659 189 3691 ι.
198 3659 220 3692 e.
231 3643 405 3694 uulloterrae
420 3649 493 3694 motu
506 3659 638 3710 conquas·
689 3659 741 3710 que
760 3644 845 3696 verbe
868 3660 954 3711 usque
968 3633 1105 3695 adfinem
1125 3660 1186 3710 cap.
1213 3660 1230 3693 a

113 3715 200 3776 samm,
214 3713 265 3763 nisi
284 3713 335 3763 hac
351 3729 432 3775 voce
449 3729 517 3777 quac
536 3713 638 3764 orsouli
689 3715 866 3779 grammatico
887 3715 1004 3780 quodem
1016 3714 1155 3780 adscripta
1170 3731 1229 3766 csse

113 3778 136 3827 in
147 3796 219 3832 versu
233 3783 322 3834 denuo
336 3784 489 3846 invenitur,
508 3783 586 3834 simul
601 3782 635 3833 ad
687 3785 846 3850 suspicatur
860 3784 1037 3850 wesseling.‚
1057 3800 1135 3850 quem
1151 3801 1230 3849 prae-

114 3863 162 3898 cum
175 3853 344 3903 traditionem
355 3854 456 3917 respici
466 3858 555 3920 putes.
564 3853 636 3919 qnod
687 3858 729 3904 ter
745 3853 927 3904 Borheckium
943 3854 1073 3905 Schneler
1090 3859 1118 3906 et
1130 3855 1229 3905 Matth.

114 3918 189 3971 insula
209 3922 269 3972 oliru
288 3939 360 3988 vaga
383 3923 446 3974 dein
469 3923 635 3974 consedits.
688 3925 775 3975 secuti
790 3930 868 3986 sunt,
881 3925 958 3975 uncis
970 3924 1038 3976 baec
1050 3924 1230 3983 includentes

113 3976 264 4059 ἒοτήιιτται
283 3995 388 4058 Dequo
401 3993 474 4044 conf.
484 3993 634 4044 Gottlebcr.
687 3993 787 4058 quibus
808 4011 857 4044 nos
879 3996 937 4045 iure
959 3993 1148 4058 liberavimus,
1167 4012 1229 4046 cum

114 4057 142 4105 ad
155 4048 298 4125 Thucydid
319 4063 362 4115 ΙΙ.
383 4063 447 4113 8et
465 4065 636 4128 potissimum
688 4063 844 4113 omnibns'
838 4080 865 4113 m
889 4063 969 4115 codd.
992 4066 1048 4115 ista
1068 4070 1229 4143 appareant.

113 4124 242 4188 Spsubem.
263 4132 297 4182 ad
315 4131 472 4184 Callimach.
489 4133 616 4199 Hymn'
609 4150 636 4182 m
687 4134 783 4183 Denuo
807 4134 915 4184 Beklser
934 4134 1018 4184 rerba
1044 4126 1166 4183 δυ’ναται
1183 4150 1231 4197 ps-

113 4194 163 4246 Del.
180 4200 220 4251 53.
234 4202 284 4253 273
305 4201 366 4255 coll.
383 4204 424 4254 li.
452 4203 530 4266 Apud
551 4203 636 4253 Hero·
688 4219 740 4268 que
758 4203 793 4252 ad
812 4197 939 4253 καλέοιεν
957 4206 1034 4254 uncis
1056 4204 1181 4262 inclusit,
1201 4209 1231 4253 ut

114 4262 193 4317 dotum
210 4270 351 4320 κινεῖσθαι
374 4273 421 4323 vix
437 4273 529 4323 differt
547 4288 563 4322 a
583 4285 637 4321 ors·
688 4274 790 4355 spuria.
805 4273 929 4339 idemque
944 4289 993 4338 pro
1007 4271 1091 4336 μέγας
1104 4275 1227 4337 suspica·

115 4332 219 4403 οθῆναι,
232 4348 318 4391 terroe
330 4356 393 4391 mom
406 4345 513 4393 concuti
688 4348 733 4392 tur
753 4336 830 4406 μέγα
868 4342 917 4392 Cui
941 4344 1037 4392 merito
1060 4354 1148 4403 neque
1163 4342 1230 4391 Din-

144 4377 309 4470 fflrqdorul
325 4409 458 4473 Δῆλονκ.
473 4428 495 4462 τ.
510 4409 549 4477 L]
571 4413 638 4462 Ver·
688 4412 758 4465 dort'.
774 4429 861 4478 neque
877 4412 1000 4462 Distsclr.
1016 4411 1162 4461 obsecutus
1177 4415 1229 4474 est,

115 4486 163 4524 sum
172 4474 251 4530 hebet
259 4480 385 4535 Eustath
397 4482 432 4532 ad
443 4483 559 4548 Dionys
574 4481 635 4533 525.
686 4484 811 4548 quamvis
824 4481 941 4533 Bredor.
963 4498 990 4547 p
1007 4483 1041 4534 lb
1058 4479 1126 4532 haec
1146 4480 1229 4531 sorba
