3008 5128
255 390 314 450 154
689 389 957 452 HERODOTI

253 565 308 633 καὶ
328 524 496 651 Αὐξησίης
524 558 696 651 ἀγάλματα
719 562 941 650 ἱδρύσασθαι,
969 569 1028 631 καί
1050 583 1110 649 σφι
1138 567 1373 651 ἱδρυσαμένοισι
1459 610 1460 659 l

254 765 337 816 Creta
348 764 514 813 Troezenem
529 763 636 814 venisse
655 763 746 829 ibique
765 765 794 813 iu

254 834 390 884 seditione
406 847 439 882 ac
458 831 574 882 tumultu
594 834 706 897 periisse
723 833 795 898 lapi·

253 904 378 961 datione3
398 902 469 953 unde
486 902 585 952 iestum
598 903 690 967 peragi
705 904 794 952 Λιθο-

253 970 361 1039 βοιίαν.
380 973 473 1034 „ilinc
485 971 645 1033 discimus,‘⁸
661 975 700 1021 ait
716 974 745 1022 V
747 973 795 1022 al

252 1044 356 1104 ekem,
383 1043 452 1105 „ub
464 1043 526 1091 istis
538 1040 625 1093 luisse
641 1043 794 1092 nominibus

252 1115 368 1164 Cererem
382 1078 411 1164 ἐι
427 1113 607 1172 Proserpinam
627 1110 715 1162 cultas
736 1114 794 1163 sive

253 1184 362 1233 Matrem
381 1189 408 1233 et
423 1183 445 1231 Ι
447 1181 559 1233 iberam.-
579 1196 613 1246 τῃ
604 1176 725 1245 Mqrpl
745 1176 793 1229 sal

252 1269 285 1318 τῃ
276 1245 393 1315 Κόρῃ,
411 1268 436 1300 e
442 1250 536 1317 tspud
547 1251 648 1301 Herod.
660 1252 737 1309 vlu,
748 1250 793 1313 65,

252 1324 329 1372 euius
344 1322 429 1372 lmec
422 1336 482 1387 ipsa
494 1323 616 1370 narratio
628 1321 698 1371 idern
713 1322 793 1370 facile

251 1393 433 1457 persuasisset
455 1389 624 1449 attendenti;
649 1407 711 1440 nam
731 1406 792 1440 cum

253 1469 326 1512 terra
347 1463 439 1526 fruges
459 1475 513 1510 non
531 1460 610 1510 daret
622 1461 791 1525 Epidauriis,

251 1532 320 1582 iussi
338 1537 402 1580 sunt
425 1530 556 1580 divinitus
580 1532 694 1581 istarum
713 1531 793 1594 signa

251 1602 359 1652 dearum
376 1600 520 1661 dedicare,
537 1599 622 1650 veluti
632 1596 714 1687 genia
727 1614 793 1660 καρ-

251 1662 405 1733 ποφόρον,
421 1684 475 1735 qua
491 1669 676 1734 appellatione
689 1671 794 1733 Tegea-

251 1747 296 1791 tae
315 1740 439 1791 Cererem
457 1740 585 1789 colebant
606 1745 634 1788 et
651 1740 794 1803 Proserpi-

249 1827 327 1871 nam,
348 1814 420 1860 teste
437 1809 707 1871 Pausen.v[11,et.
725 1811 749 1870 ξ.
766 1808 792 1858 3.

251 1879 342 1947 [Apud
354 1880 502 1944 Aeginetae
514 1877 595 1928 Ceres
608 1871 795 1941 θεσμοφόροις

248 1955 320 2001 teste
337 1949 476 1998 Herodoto
496 1948 550 2011 VI,
569 1946 625 2013 ιιι]
667 1946 720 1997 Sed
736 1962 792 1996 rem

249 2021 329 2086 plane
342 2017 463 2067 affirmat
476 2019 595 2067 Paassn.
612 2016 639 2067 ll
647 2055 654 2079 ,
668 2016 709 2069 30.
723 2019 747 2079 §-
764 2016 790 2066 5.

248 2089 352 2140 Eodem
387 2088 444 2136 ritu
473 2085 575 2136 deabus
608 2086 670 2136 istis
706 2085 792 2135 veluti

247 2158 333 2214 θεαῖς
344 2151 477 2220 μεγάλαις
490 2156 576 2206 variis
589 2158 617 2205 in
632 2154 698 2206 locis
711 2169 793 2204 sacra

249 2229 360 2279 fiebant.
388 2226 479 2277 Cereri
492 2241 548 2276 non
558 2224 732 2276 disconvenit
744 2240 791 2273 no-

248 2313 308 2348 men
317 2291 442 2372 Δαμίης,
453 2311 522 2361 quae
529 2295 737 2375 Epidauriorum
747 2310 793 2360 po-

248 2358 528 2433 pulo,rp'dripros1ve
541 2359 732 2432 dvp'up,sruges
745 2363 792 2414 da-

247 2443 290 2489 ret
303 2444 330 2487 et
342 2414 467 2499 ιἰυξησιιι
481 2437 647 2500 alimentaque
658 2437 726 2485 mitia
739 2442 788 2484 ter

247 2509 314 2561 ris.“
351 2507 429 2556 Haec
447 2505 658 2565 Valckenor
678 2505 789 2554 Festum

248 2593 353 2643 quoque
365 2578 456 2626 citans
469 2590 492 2627 s.
506 2592 532 2626 v.
544 2576 624 2624 nante
618 2592 656 2623 aot
671 2572 741 2639 [pag.
756 2574 790 2624 52

248 2648 290 2699 ed.
303 2643 442 2705 laudem]
456 2650 483 2695 et
496 2646 619 2695 Macrob.
635 2643 692 2693 Sat.
711 2644 733 2705 l,
749 2644 790 2705 12,

246 2717 318 2767 unde
328 2719 455 2782 Magnam
470 2714 571 2778 Deam,
586 2729 665 2780 quam
676 2714 791 2764 Romani

247 2786 389 2847 colebant,
419 2785 532 2834 θαιιιίαιι
555 2785 641 2835 fuisse
662 2788 790 2833 vocatam

247 2855 393 2916 discimus,
420 2856 537 2918 itemque
558 2855 686 2903 θαιιίιιαιιι
705 2853 791 2903 sacri·

247 2925 337 2975 ficium
351 2925 377 2972 in
392 2926 482 2973 Bonae
491 2924 567 2974 Deae
577 2923 706 2973 honorem
717 2922 792 2972 obla-

246 3000 301 3045 tum
313 2995 537 3056 Darrriotrr'cemqae
550 2993 609 3042 sins
621 2992 689 3042 dese
702 3007 792 3042 sacer·

247 3063 347 3114 dotem.
380 3062 460 3112 Unde
478 3062 551 3125 apud
570 3062 733 3111 Tarentinos
756 3062 791 3110 si-

246 3133 321 3183 milia
338 3146 433 3192 sacra,
459 3132 483 3181 si
499 3130 606 3207 quidem
624 3130 689 3181 fides
702 3130 791 3205 Hesy-

247 3203 344 3253 chiol.
357 3217 382 3265 p.
394 3200 459 3250 333ι
476 3194 601 3262 cripere·
617 3188 701 3262 iactr)
714 3192 791 3260 napi

249 3270 447 3334 Ταρανιίιοις.
499 3271 588 3334 Atque
625 3268 698 3318 haud
731 3271 789 3319 scio

246 3358 282 3392 an
297 3340 391 3392 eodem
405 3339 556 3403 respiciant
570 3340 790 3389 Damnameneus

246 3412 327 3462 Ideus
343 3415 370 3459 et
383 3409 549 3491 Proserpina
561 3407 707 3474 Cyzicena,
721 3423 790 3474 quae

246 3485 363 3532 vocatur
373 3470 475 3539 Δόμνα
486 3473 621 3540 Σώτειρα
642 3479 717 3541 Quae
730 3493 789 3528 eum

245 3552 285 3601 ita
301 3551 372 3613 sint,
394 3526 461 3598 mihi
480 3548 588 3612 quidem
606 3549 652 3597 vix
667 3548 788 3610 dubium,

245 3623 309 3687 quin
318 3615 431 3681 Δαμιας
441 3632 539 3668 nomen
550 3618 586 3667 ad
596 3617 719 3668 Cererem
730 3632 791 3681 per·

244 3692 346 3753 tinent,
375 3702 445 3753 quae
469 3678 607 3750 Δαμάτηρ
632 3701 649 3735 a
668 3688 790 3737 Doribus

244 3760 347 3824 passim
363 3762 464 3808 vocata
484 3757 602 3822 aliisque
621 3757 702 3807 etism
717 3757 790 3805 simi-

243 3828 316 3879 libus
329 3828 394 3877 hinc
407 3827 613 3892 cognominibus
628 3834 724 3877 ornata
738 3831 789 3889 est,

244 3900 273 3948 in
289 3898 387 3964 quibus
408 3897 532 3947 omnibus
547 3896 590 3946 vel
603 3897 683 3946 dandi
694 3899 789 3946 donoa-

245 3969 302 4019 dioe
326 3965 403 4017 notio
423 3967 514 4017 subsit
536 3967 579 4016 vel
601 3966 636 4015 ad
660 3966 789 4031 populum

246 4053 351 4088 omnem
363 4037 538 4099 respiciatur,
551 4038 591 4086 ita
602 4040 632 4085 ut
641 4036 723 4087 Ceres
733 4036 790 4085 Da-

245 4109 302 4159 mia
320 4107 427 4157 civitatis
446 4107 525 4169 quasi
539 4104 714 4170 perhibeat-m·
730 4107 789 4164 dea,

247 4193 319 4245 quae
339 4175 412 4226 omui
436 4175 536 4239 populo
559 4175 673 4225 salutem
693 4175 790 4225 afferat

248 4264 279 4299 eo
300 4246 382 4312 quod
394 4260 485 4294 omnes
510 4246 623 4294 nutriat.
660 4235 790 4308 Αὐξησίη

247 4321 337 4368 autem
359 4316 410 4365 dea
432 4330 518 4378 aeque
542 4314 577 4363 ad
598 4314 705 4379 irngam
728 4329 790 4377 pro-

248 4398 358 4436 ventum
379 4383 542 4451 pertinebit,
562 4398 639 4448 quem
655 4387 682 4433 in
698 4381 791 4448 populi

247 4456 388 4515 commoda
400 4460 484 4520 auget
494 4452 663 4519 ampliatque
674 4453 791 4519 propitia

846 770 919 815 terra
930 767 1017 813 mater
1027 764 1156 813 omnium.
1182 761 1374 826 ltaquentrsm-
1459 764 1460 799 ι

845 849 897 900 que
911 834 988 883 deam
1003 833 1037 881 ad
1052 847 1111 882 eam
1123 832 1178 881 vim
1188 847 1275 897 ,quse
1288 831 1373 881 Cerere
1459 838 1460 849 ¹

845 904 1017 965 continetur,
1046 902 1180 966 pertinere
1208 904 1275 951 satis
1298 908 1371 964 patet
1459 916 1460 969 j

846 973 924 1037 Quod
940 973 1010 1021 idem
1026 978 1098 1021 reete
1113 972 1252 1036 perspexit
1266 970 1374 1021 Usclsold

847 1041 1021 1108 (ileschichte
995 1042 1068 1093 te.d
1084 1042 1195 1091 Troian.
1209 1042 1302 1104 Kriogs
1319 1029 1373 1105 pag.

850 1111 897 1163 130
910 1112 993 1177 seq)
1009 1112 1151 1176 utriusque
1166 1110 1246 1161 huius
1260 1110 1322 1159 dese
1334 1125 1374 1158 no·
1459 1128 1460 1133 ¹

845 1184 919 1231 mina
944 1182 1072 1246 primitus
1093 1180 1201 1231 Cereris
1226 1180 1375 1245 cognomina

844 1258 950 1301 ιιιιιιιιιιι
964 1251 1051 1300 fnisse
1063 1251 1236 1301 existimans:
1255 1249 1373 1300 eCereris
1459 1300 1460 1307 ,

844 1321 1051 1385 cognominibus
1076 1321 1153 1385 ipsas
1172 1321 1298 1382 deinceps
1318 1318 1374 1367 deas
1459 1322 1460 1359 l

843 1391 934 1441 iactas
944 1396 971 1441 et
983 1389 1061 1455 quasi
1072 1394 1216 1454 separatas
1228 1404 1286 1439 esse
1298 1386 1375 1447 addit,

843 1462 884 1510 its
903 1467 934 1509 ιιι
954 1457 1050 1523 Δαμίη
1071 1459 1258 1538 appellaretur
1278 1473 1309 1507 ea
1323 1456 1374 1517 des,
1459 1478 1460 1505 1

844 1546 914 1595 quae
933 1544 1018 1595 equos
1041 1529 1177 1593 domaret,
1205 1520 1325 1591 Αυξηοιη
1342 1525 1374 1575 ι

844 1607 903 1649 tera
913 1611 1374 1682 ,aqnaarvaeernmqaeproven-
1459 1630 1460 1643 .

843 1676 887 1719 tas
902 1674 1081 1733 augerentur:
1103 1669 1130 1718 in
1150 1684 1205 1734 qua
1224 1667 1348 1733 quidem'
1341 1682 1375 1714 m·
1459 1676 1460 1721 3

843 1739 1040 1804 terpretatione
1068 1738 1193 1803 equidem
1220 1739 1278 1787 viro
1304 1736 1375 1785 docto
1459 1758 1460 1775 ι

843 1809 972 1859 assentiri
986 1824 1041 1857 uon
1059 1823 1170 1872 prorsus
1189 1822 1307 1873 possum.
1340 1805 1375 1853 De

842 1884 958 1942 utraque
992 1877 1042 1927 dea
1080 1883 1245 1928 monuerunt
1280 1889 1375 1941 qnoque

844 1948 967 1998 Creuzer.
979 1945 1098 2011 Symbol.
1110 1949 1158 1998 lv.
1169 1962 1196 2011 p.
1210 1946 1269 1999 329.
1282 1944 1328 1997 380
1338 1943 1374 1994 ed.
1459 1968 1460 1985 ι

844 2024 905 2070 tert.
933 2022 961 2067 et
983 2014 1013 2067 Ο.
1038 2017 1070 2067 F.
1096 2017 1253 2067 Hermann:
1281 2016 1375 2065 Gottes-

842 2086 951 2140 dienstl.
964 2085 1081 2136 Alterth.
1099 2090 1124 2149 ξ
1144 2088 1187 2136 52.
1207 2091 1263 2137 not
1282 2086 1319 2135 17.
1339 2083 1372 2133 13
1459 2118 1460 2145 ,

842 2155 904 2207 coll.
916 2156 947 2208 0.
960 2156 992 2208 Ο.
1004 2154 1128 2207 Mueller.
1139 2156 1277 2221 Aeginett.
1288 2171 1311 2219 p
1325 2152 1460 2212 ιιι,

843 2227 903 2309 qui,
915 2224 1164 2277 Valckenariansm
1188 2225 1374 2277 derivationem

843 2296 919 2348 vocis
932 2294 1045 2360 Δαμιης
1058 2296 1238 2347 falsissimam
1253 2310 1309 2346 esse
1320 2290 1374 2341 inde
1459 2290 1460 2299 ’

844 2366 937 2431 colligi
949 2365 1023 2428 vult,
1036 2365 1108 2431 qaod
1118 2366 1261 2417 Herodoto
1273 2370 1325 2413 tum
1334 2376 1375 2426 sp

843 2434 970 2499 pellenda
983 2436 1083 2486 inisset
1096 2431 1203 2500 Δημίη.
1235 2437 1271 2485 Et
1281 2448 1336 2483 mos
1349 2446 1372 2495 p.
1459 2462 1460 2507 3

844 2506 893 2556 172
914 2505 955 2554 its
972 2506 1148 2570 pronuntiat:
1175 2507 1275 2569 „Quae
1293 2502 1373 2552 nescio

842 2589 877 2623 an
897 2574 965 2625 satis
985 2575 1179 2639 probaverint,
1202 2577 1232 2625 in
1250 2570 1374 2638 religioni·

842 2644 893 2694 bus
910 2645 1025 2695 Damiae
1047 2650 1074 2695 et
1092 2646 1230 2695 desesiae
1246 2655 1374 2707 superesse
1459 2636 1460 2661 ³

842 2714 1024 2778 fragmentum
1057 2712 1202 2764 doetrinae
1235 2711 1375 2765 vetustissi-

842 2799 919 2842 mae,
950 2784 1022 2848 qaod
1045 2789 1076 2833 ιιι
1099 2799 1161 2834 cum
1182 2784 1330 2835 Eleusiniis
1350 2785 1374 2829 et
1459 2824 1460 2831 ,

842 2852 1040 2904 Samothraciis
1058 2858 1150 2918 aptum
1167 2859 1254 2905 estet
1273 2851 1374 2903 coniun-

842 2930 931 2973 ctum:
955 2923 1005 2985 ita,
1019 2924 1041 2973 si
1062 2923 1128 2988 quid
1145 2922 1237 2984 alind,
1256 2919 1374 2986 mysteria

841 2993 1024 3057 Peloponnesi
1037 3009 1098 3042 cum
1114 2991 1221 3042 Italicis
1235 2991 1374 3042 arctissime
1459 3040 1460 3045 η

841 3064 990 3113 connectit.
1014 3062 1084 3124 Quid
1096 3063 1166 3113 enim
1178 3061 1307 3125 mysteria
1317 3063 1374 3109 sunt
1459 3078 1460 3081 ¹

843 3132 896 3181 nisi
909 3146 1062 3193 sacrorum,
1078 3147 1147 3197 quse
1160 3131 1226 3181 olim
1239 3147 1286 3196 per
1297 3135 1373 3178 totam
1459 3134 1460 3173 l

842 3201 986 3251 Graeciam
1000 3170 1130 3265 evulgata
1146 3202 1271 3259 inerant,
1290 3200 1374 3247 irrum-

841 3276 923 3336 pente
936 3287 951 3321 e
966 3272 1160 3335 septemtrione
1172 3271 1265 3322 feriori
1283 3265 1373 3334 populo
1459 3288 1460 3319 ι

841 3341 1017 3390 disiectosum
1038 3341 1211 3424 fragmenta,
1228 3355 1295 3405 qaae
1310 3334 1373 3400 apud

841 3416 938 3475 gentes
969 3410 1103 3475 quasdam
1137 3410 1240 3474 passim
1269 3408 1372 3458 delitue-

840 3478 942 3533 rant?“
970 3482 1009 3529 Ac
1024 3481 1138 3531 Damiae
1152 3485 1180 3529 et
1192 3479 1324 3529 Auxesiae
1336 3490 1372 3525 sa·
1459 3498 1460 3523 ι

840 3565 888 3599 cra
910 3548 995 3600 luisse
1021 3565 1124 3600 arcane
1147 3556 1174 3599 et
1195 3549 1231 3599 ad
1254 3544 1372 3612 mysteria

842 3619 1022 3682 pertinuisse,
1035 3621 1097 3683 ipsa
1109 3619 1200 3670 Nostri
1212 3618 1333 3675 verbaV,
1343 3612 1372 3663 33

841 3688 887 3738 lin.
904 3682 957 3736 eloi
971 3684 1003 3736 δέ
1022 3702 1072 3752 οφι
1090 3681 1169 3737 aal'
1151 3703 1271 3751 αροηιοι
1286 3680 1372 3764 spesq-

841 3756 1120 3822 pleasatisindicant.
1146 3753 1371 3823 Simulqueomnis

840 3827 909 3878 haee
931 3828 1052 3878 narratio
1082 3828 1162 3893 plura
1185 3830 1318 3884 continet,
1341 3819 1371 3870 sd
1459 3852 1460 3859 ι

840 3913 909 3963 quse
932 3898 1029 3947 merito
1052 3899 1160 3948 attendi
1180 3898 1255 3949 iubet
1270 3894 1373 3945 Creme·
1459 3898 1460 3949 ζ

840 3966 923 4017 rusl
943 3965 961 4016 l.
981 3967 1027 4016 lV
1048 3982 1110 4031 pag.
1125 3968 1189 4017 241:
1214 3961 1372 4030 superstitio·
1459 3966 1460 4019 l

842 4052 902 4086 nem
918 4036 979 4086 dico
993 4036 1068 4086 illam
1084 4036 1116 4086 de
1134 4038 1174 4093 vi,
1199 4050 1278 4102 quam
1291 4034 1372 4096 signo·
1459 4036 1460 4093 j

841 4122 900 4156 rum
917 4106 1083 4169 quorundam
1106 4107 1202 4155 afferat
1218 4102 1371 4178 praesentis,

842 4191 946 4226 esaors
959 4176 1056 4225 arbore
1068 4176 1292 4235 coniectorum,o
1278 4166 1370 4222 oraculi

841 4246 944 4295 iussum
964 4245 998 4294 ds
1017 4247 1102 4309 signis
1123 4245 1159 4294 ad
1177 4246 1272 4294 ismem
1291 4236 1371 4302 depel-

841 4314 950 4365 lendam
966 4315 1102 4374 erigendis
1115 4314 1239 4396 ludisque
1251 4308 1369 4361 hilaribus

843 4384 1057 4445 constituendis3
1071 4400 1142 4449 quae
1152 4384 1212 4449 ipsa
1220 4399 1236 4433 a
1245 4379 1313 4431 ludis
1323 4377 1369 4425 llo·

842 4469 982 4505 manorum
995 4454 1193 4520 antiquissimis
1205 4469 1237 4503 ae
1245 4449 1369 4504 lectister-
