3046 5134
212 362 273 425 488
644 364 913 428 HERODOTI

166 536 207 598 26
287 533 342 606 Ἐν
352 541 398 629 τῷ
410 539 445 608 di
458 529 550 608 οὗτοι
560 536 620 608 τόν
634 545 855 628 προκείμενον
868 537 974 609 πόνον
985 537 1180 627 ἐργάζοντο,
1194 540 1232 608 ἐν
1241 537 1355 633 τούτῳ

213 635 340 723 όπεζός
361 637 448 722 άπας
469 645 730 731 συλλελεγμένος
749 640 816 731 άμα
829 646 934 730 Ξέρξη
956 644 1134 729 ἐπορεύετο
1155 646 1189 722 ἐς
1202 641 1409 730 Σάρδις,523

213 747 250 813 ἐκ
277 746 477 830 Κριτάλλων
502 744 664 835 ὁρμηθείς
685 751 754 816 τῶν
777 750 814 816 ἐν
834 752 1076 837 Καππαδοκίη
1114 750 1265 816 ἐνθαῦτα
1286 745 1355 834 γὰρ

213 858 326 935 είρητο
340 853 564 935 συλλέγεσθαι
580 848 687 920 πάντα
697 847 756 920 τόν
766 847 840 920 κατ’
853 848 994 940 ἤπειρον
1007 854 1170 938 μέλλοντα
1178 848 1246 939 ἅμα
1260 847 1357 943 αὐτῷ

212 954 319 1039 Ξέρξη
335 953 541 1038 πορεύεσθαι
561 951 715 1040 στρατόν.
751 951 809 1035 Ὃς
824 957 887 1042 μέν
906 982 972 1023 νον
985 960 1054 1023 τόν
1074 950 1236 1041 ὑπάρχων
1250 975 1354 1042 στρα-

213 1051 273 1123 τόν
298 1055 458 1126 κάλλιστα
478 1061 680 1147 ἐσταλμένον
702 1055 840 1146 ἄγαμόν
860 1056 900 1127 τὰ
913 1064 1117 1146 προκείμενα
1138 1056 1227 1148 παρὰ
1252 1063 1354 1145 βασι-

214 1160 288 1237 λέος
307 1165 406 1248 ἔλαβε
425 1166 533 1247 δῶρα,
556 1160 618 1232 οὐκ
634 1168 697 1250 ἔχω
712 1162 854 1250 φράσαι·
886 1159 966 1231 οὐδὲ
987 1161 1051 1250 γάρ
1064 1158 1171 1249 ἀρχὴν
1194 1165 1227 1243 ἐς
1241 1168 1357 1248 κρίσιν

215 1260 336 1331 τούτου
359 1268 433 1351 πέρι
458 1265 621 1345 ἐλθόντας
648 1265 734 1336 olda.
782 1270 826 1335 οί
849 1266 904 1350 dl,
930 1268 1064 1335 ἐπείτε
1088 1263 1266 1353 διαβάντες
1293 1263 1357 1333 τόν

207 1368 314 1435 Ἆλνν
337 1367 486 1458 ποταμόν
507 1367 680 1459 ὡμίλησαν
699 1376 740 1459 τῇ
760 1377 913 1458 Φρυγίη,
935 1367 982 1438 δι’
1008 1365 1111 1456 αὐτῆς
1131 1367 1356 1457 πορευόμενοι

218 1611 290 1662 culto
308 1614 409 1664 Noster
428 1611 537 1663 videtur
551 1613 691 1665 addidisse
706 1606 759 1678 τὴν
810 1611 856 1663 ille
876 1612 1022 1662 convenire
1038 1612 1099 1662 vias
1119 1618 1177 1662 tam
1196 1626 1259 1674 eas,
1284 1627 1357 1676 qnae

217 1672 263 1731 lul
275 1676 432 1745 Στρυμόνα
452 1682 711 1747 quohancE'ionem
724 1686 758 1735 ab
810 1699 858 1748 per
876 1682 991 1733 Ciliciae
1016 1682 1111 1733 fauces
1128 1682 1246 1743 ducant,
1270 1696 1357 1746 quam

218 1769 265 1814 oa,
285 1768 355 1817 quae
369 1753 395 1801 iu
408 1753 499 1803 Pieria
517 1769 601 1818 prope
615 1755 681 1805 fines
695 1756 761 1804 Bot-
811 1769 868 1811 eas,
883 1768 953 1818 quae
966 1752 1000 1802 ad
1010 1753 1166 1802 Armeniam
1176 1752 1359 1817 regionesque

218 1824 349 1873 tineosum
363 1828 391 1872 et
407 1822 625 1873 Chalcidensium
638 1830 692 1874 situ
707 1826 760 1874 fuit
810 1824 894 1873 Asiae
905 1822 1135 1886 septentrionales
1145 1827 1269 1886 vergant.
1286 1820 1359 1871 Cum

217 1892 542 1955 coloniehleudueorum,
562 1893 759 1958 distinguerem
811 1909 877 1943 vero
891 1893 1031 1943 Archelais
1052 1893 1087 1942 ad
1106 1892 1245 1942 meridiem
1267 1892 1358 1955 megin

219 1962 286 2011 Eion
308 1962 453 2027 Strymonia
480 1961 587 2013 colonie
610 1966 662 2014 fuit
680 1965 762 2014 Athe·
810 1965 865 2012 sita
880 1963 976 2023 fuerit,
992 1962 1136 2012 admodum
1151 1966 1257 2011 remota
1270 1961 1359 2010 abeo

205 2031 354 2084 niensium
372 2046 518 2096 eorumque
538 2036 623 2083 etium
646 2035 673 2083 in
685 2040 761 2099 pote·
811 2039 919 2092 tractu,
940 2048 1018 2097 quem
1033 2033 1109 2095 regie
1123 2031 1170 2080 illa
1183 2031 1229 2080 via
1241 2030 1287 2093 (de
1300 2046 1359 2095 qua

219 2106 292 2151 state
303 2100 356 2149 fuit
365 2116 412 2165 per
421 2105 508 2151 toturn
522 2101 619 2153 bellum
629 2104 763 2168 Pelopon·

220 2170 374 2231 nesiacum,
390 2171 476 2220 donec
489 2186 506 2220 a
515 2172 671 2223 Laconibus
683 2188 763 2238 cape·

219 2245 294 2289 retur
305 2238 412 2306 Olymp.
424 2240 525 2291 XClll.
543 2242 603 2292 Sita
617 2243 668 2293 luit
678 2258 762 2309 prope

220 2326 308 2371 mare,
336 2310 376 2359 ita
397 2316 428 2359 nt
453 2310 514 2360 urbi
533 2312 689 2378 Amphipoli
707 2328 760 2363 non

218 2380 299 2445 longe
308 2384 428 2431 remotae
436 2385 542 2445 portum
553 2383 683 2447 praebere
693 2399 762 2433 eam·

219 2466 271 2516 que
290 2451 376 2513 ipsam
397 2450 432 2500 ab
453 2453 526 2501 omni
542 2453 673 2518 impetue
692 2453 761 2503 mari

220 2525 349 2584 suscepto
377 2525 464 2570 tutam
491 2530 632 2586 praestare
659 2529 761 2588 posset.

219 2591 298 2640 Nunc
321 2590 381 2640 loco
403 2606 501 2641 nomeu
521 2594 649 2644 Comesse.
683 2593 762 2644 Conf.

220 2659 322 2710 Herod.
336 2661 404 2720 Vll,
420 2661 475 2713 113.
489 2662 566 2725 Vlll‚
581 2664 629 2714 ll8
643 2667 671 2713 et
685 2663 763 2713 Mau·

220 2735 289 2783 nert.
303 2728 320 2779 1.
332 2728 350 2781 l.
362 2731 425 2781 Vll.
438 2746 464 2795 p.
476 2731 541 2794 240,
565 2731 658 2784 Duker
676 2737 703 2783 et
716 2732 764 2782 alii

220 2802 382 2863 interpretes
394 2799 429 2849 ad
441 2800 592 2867 Thucydid.
607 2803 629 2863 1,
640 2803 674 2865 98
687 2803 764 2852 item-

220 2886 271 2935 que
288 2870 382 2933 Poppo
402 2869 429 2918 iu
452 2869 516 2920 edit.
541 2873 635 2923 maior.
657 2871 765 2936 Thucy·

220 2939 274 2988 did.
289 2939 350 2988 Vol.
369 2938 390 2988 Ι.
411 2940 441 2989 Ρ.
459 2941 481 2989 1.
499 2956 560 3005 png.
576 2940 635 2992 δῖοί).
667 2943 763 2993 Verbis

221 3009 323 3059 additis
341 3003 394 3073 τὴν
413 3000 459 3058 int
480 3005 625 3072 Στρυμόνι
644 3012 765 3063 Herodo-

221 3085 265 3128 tus
278 3093 365 3142 aeque
382 3094 415 3128 ac
428 3078 602 3143 Thucydides
617 3079 686 3131 hanc
699 3081 764 3131 Eio-

221 3163 281 3197 nem
309 3147 455 3211 distinguit
485 3149 519 3198 ab
549 3149 638 3201 altero
667 3152 764 3215 Elone,

119 3212 130 3227 '
221 3233 289 3283 quue
306 3216 498 3268 blendaeorum
522 3218 575 3269 fuit
595 3220 719 3286 colonie,
738 3227 764 3271 et

220 3287 339 3337 fortusse
361 3287 443 3337 etiam
465 3304 482 3336 a
504 3290 586 3339 tertio
603 3291 702 3340 Elone:
731 3292 765 3343 de

221 3357 374 3478 lqqusqumg.
390 3357 484 3422 Poppo
511 3359 546 3407 ed
566 3359 718 3425 Thucydid,
742 3363 764 3426 1,

400 3598 466 3649 Cae.
485 3600 585 3653 xxvi.

255 3729 284 3787 ίκ
293 3728 468 3803 Κριτάλλων]
482 3740 526 3789 Ita
537 3758 551 3791 e
562 3740 764 3793 Florentaliis-

220 3825 274 3873 que
283 3824 344 3857 cum
351 3807 606 3874 Scliweighueusero
614 3817 642 3860 et
650 3818 763 3862 reeentt.

221 3878 282 3928 edd.
299 3877 422 3929 dedimus
445 3896 493 3944 pro
512 3879 586 3945 vulg.
603 3879 762 3939 Κριτάλιον.

812 2103 868 2155 vid.
885 2118 967 2167 snpra
980 2103 1017 2164 V,
1031 2102 1063 2152 52
1079 2100 1168 2167 seqq.)
1185 2100 1357 2165 permeabat‚

812 2174 866 2238 qud
889 2172 988 2222 Xerxis
1014 2172 1108 2235 copias
1130 2171 1268 2235 profectas
1295 2186 1358 2220 esse

812 2241 952 2306 probabile
965 2245 1020 2303 est,
1041 2241 1164 2306 equidem
1184 2240 1217 2289 de
1230 2240 1280 2289 hoc
1293 2239 1359 2290 loco

812 2312 856 2361 vix
869 2312 985 2375 cogitari
996 2326 1076 2376 posse
1088 2310 1205 2359 credam.
1230 2309 1263 2359 Iu
1276 2326 1357 2374 seqq.

811 2374 878 2437 τοὺς
894 2374 1041 2444 ὑπάρχους
1057 2381 1123 2429 dicit
1140 2380 1281 2444 copiarum
1298 2382 1358 2430 sin-

811 2450 934 2517 gularum
947 2449 1113 2515 praefectos.
1139 2449 1218 2499 Cous.
1233 2454 1302 2499 nott.
1317 2449 1358 2498 ad

811 2523 850 2581 V,
866 2522 909 2573 25.
926 2548 958 2556 -
975 2520 1016 2570 sd
1035 2512 1067 2568 τὰ
1086 2517 1258 2584 προκείμενα
1279 2518 1356 2569 conf.

812 2591 876 2653 Vll,
889 2591 914 2641 8.
932 2594 957 2654 ξ.
971 2592 997 2641 4.

1062 2702 1068 2720 i

849 2701 916 2759 odel
931 2702 984 2772 γὰρ
999 2701 1053 2775 ulex
1075 2724 1092 2757 ν
1104 2697 1132 2766 ἐς
1146 2706 1239 2770 κρίσιν
1252 2702 1360 2757 τούτου

813 2779 878 2841 πέρι
891 2769 1028 2836 ἐλθόντας
1043 2726 1120 2843 older]
1137 2779 1154 2828 i.
1169 2795 1191 2829 e.
1204 2795 1282 2844 oeque
1295 2781 1362 2853 enisa

813 2854 909 2901 omniuo
929 2852 1052 2913 comperi,
1077 2852 1135 2901 illos
1155 2848 1263 2912 (duces,
1290 2862 1361 2904 τονς

814 2911 972 2984 ὑπάρχους)
993 2922 1018 2969 iu
1034 2921 1237 2985 disceptationem
1260 2917 1309 2967 hoc
1325 2919 1362 2967 de

814 3005 843 3039 re
865 2992 977 3049 venisse,
1003 3005 1041 3051 n,
1066 2995 1097 3039 ut
1114 2987 1362 3052 Schweighaeuser

815 3059 917 3109 reddit:
938 3075 994 3110 nam
1003 3074 1034 3110 ne
1046 3062 1122 3124 liquet
1134 3059 1191 3109 mihi
1203 3060 1310 3123 quidem,
1323 3074 1361 3105 ors

814 3131 910 3182 omniuo
925 3131 950 3178 iu
960 3130 1119 3180 iodieircnreo
1134 3145 1177 3178 res
1190 3129 1295 3179 venerit.
1315 3128 1361 3177 De

814 3214 882 3249 voce
892 3195 995 3259 κρίσις,
1007 3200 1113 3262 quaein
1125 3198 1291 3248 Graecorum
1301 3214 1364 3246 cer·

816 3268 965 3318 tamiuibus
988 3268 1069 3319 huius
1095 3270 1202 3333 generis
1234 3266 1363 3317 adhiberi

816 3337 901 3400 solet,
923 3339 995 3388 eous.
1010 3338 1048 3401 V,
1062 3339 1088 3390 5.
1105 3338 1187 3398 v111,
1203 3336 1246 3388 69.
1279 3336 1362 3399 Quod

816 3409 939 3474 sequitur
956 3401 991 3457 οί
1003 3405 1019 3455 d
1028 3404 1055 3471 l,
1075 3408 1111 3458 ad
1127 3409 1203 3472 ipsos
1216 3406 1299 3457 hosce
1312 3406 1361 3456 du-

814 3494 859 3529 ces
877 3494 931 3529 uuu
951 3492 1010 3528 eum
1033 3479 1155 3544 ipsorum
1174 3476 1261 3541 copiis
1285 3492 1361 3526 conr-

813 3549 893 3599 mode
906 3548 1028 3608 referas,
1051 3548 1105 3598 nisi
1120 3547 1200 3597 malis
1216 3546 1300 3610 (quod
1314 3562 1363 3594 eo·

815 3619 874 3669 dem
894 3619 978 3669 ferme
994 3616 1077 3681 redit)
1097 3615 1249 3681 intelligere
1265 3608 1362 3663 πάντα

814 3680 865 3736 τόν
895 3680 958 3735 κατ’
986 3678 1107 3753 ἤπειρον
1134 3683 1270 3750 μέλλοντα
1299 3674 1361 3747 ἅμα

815 3749 894 3823 αὐτῷ
911 3754 1005 3822 Ξέρξη
1030 3749 1206 3819 πορεύεσθαι
1227 3747 1360 3813 στρατόν.

815 3828 897 3879 Haud
910 3828 967 3879 fere
979 3828 1059 3878 aliter
1072 3819 1101 3875 οί
1113 3820 1144 3875 δὲ
1157 3825 1228 3875 inire
1239 3824 1302 3885 Vll,
1314 3826 1360 3876 33.

220 3950 306 4011 Quem
317 3948 413 4012 locum,
425 3949 535 4001 aliunde
548 3966 601 4000 uon
613 3953 763 4013 counitum,
849 3939 995 4012 ὡμίλησαν
1013 3943 1048 4011 τῇ
1062 3942 1180 4011 Φρυγίη]
1196 3945 1215 3995 i.
1234 3960 1255 3995 e.
1274 3944 1362 4009 Phry·

220 4018 256 4067 ad
274 4017 433 4068 orientalem
453 4019 558 4085 Hulyos
578 4022 655 4071 fluvii
675 4022 763 4085 ripam
812 4021 879 4083 pium
892 4021 1034 4081 intrarunt,
1049 4016 1085 4065 ad
1095 4015 1361 4080 Phrppimuoceesse·

220 4089 302 4138 situm
320 4089 406 4139 luisse
426 4090 459 4139 ad
479 4091 566 4154 ipsam
582 4092 671 4149 viem,
694 4106 763 4155 quae
814 4098 887 4149 runc,
906 4086 1096 4147 utv11‚214.
1135 4084 1214 4135 Coni.
1232 4083 1360 4148 Aeschyl.

220 4159 297 4208 Susis
322 4157 441 4209 ducebat
464 4160 579 4218 Sardes,
606 4162 763 4225 suspicatur
815 4157 1022 4210 Eumenidsseo
1038 4170 1094 4219 seq.
1110 4146 1160 4217 ίγιό
1172 4146 1219 4213 δὲ,
1236 4152 1360 4219 loquitur

168 4284 170 4287 ,
220 4227 557 4294 Reunel.l.l.pag.527.
575 4246 607 4280 oo
627 4229 684 4281 sere
703 4229 762 4280 loco
813 4229 928 4287 chorus,
946 4218 1123 4341 pdnrqupo
1141 4220 1191 4302 trip
1211 4214 1360 4301 oi'nqupe-

220 4297 411 4361 probabiliter,
434 4305 602 4363 qnopostea
624 4299 763 4350 invenitur
815 4302 876 4360 ρεῑα
894 4290 1022 4361 χώρατῇ
1080 4292 1238 4357 speique
1261 4292 1359 4354 uulso,

219 4368 403 4417 Romanorum
423 4367 531 4418 colonia
546 4368 694 4430 Archelais,
717 4371 762 4420 cui
813 4348 998 4432 hepatoides
1010 4364 1093 4427 (hano
1105 4361 1216 4427 terram)
1226 4366 1359 4426 suppliciis

220 4452 290 4487 nune
304 4453 404 4488 nomen
417 4436 514 4488 Erelrli.
549 4439 619 4488 Nam
635 4439 763 4489 ibiaddit
814 4438 948 4489 affectura
960 4435 1048 4486 redibo
1059 4436 1084 4483 iu
1095 4434 1160 4484 douc
1172 4442 1276 4483 terram.
