2916 5130
260 364 322 431 818
664 367 930 432 BXCURSUS
953 370 981 431 V

259 544 328 598 malo
345 544 394 595 bas
410 561 456 596 res
470 550 571 613 sponte
586 542 661 596 coire
675 543 748 596 inter
767 561 798 594 se
816 552 844 595 et
858 543 1023 611 coalescere,
1040 562 1119 613 quarn
1132 542 1253 597 consulto
1266 545 1327 611 iungi
1338 554 1358 596 et

259 628 455 697 conglutinari.
500 628 599 698 Neque
613 629 684 680 enim
696 628 855 697 opinionum
869 636 1019 681 commenta
1032 647 1153 698 quaero,
1172 630 1221 681 sed
1240 631 1358 698 priscarum

259 731 350 768 rernm
376 713 586 782 fabularumque
610 730 764 780 germanam
791 713 965 783 nativamque
990 713 1117 766 indolem.
1148 744 1185 766 —.
1211 716 1290 783 Atque
1311 715 1360 764 binc

259 801 348 870 ipsam
361 816 394 851 ea
417 799 444 850 in
466 817 495 851 re
520 799 668 867 patefaciet
691 799 771 849 nobis
786 797 957 863 Pausanias,
981 815 1037 868 quo
1050 817 1125 852 nemo
1147 800 1233 865 magis
1253 799 1277 849 in
1295 816 1360 849 retas

260 884 443 953 scriptoribus
462 883 577 936 Graecis
593 883 744 947 Herodoti,
760 882 890 935 historiae
910 884 1012 952 patris,
1039 884 1135 936 similis
1161 894 1214 935 est.
1256 882 1360 934 Caiusde

260 971 412 1022 Astrabaco
439 968 622 1020 narrationem
645 968 748 1019 Lacon.
772 967 852 1033 XVl,
877 972 908 1033 o,
931 968 978 1019 ubi
1001 969 1035 1020 de
1060 969 1151 1020 Diana
1177 968 1273 1020 Orthia
1294 969 1361 1027 relert,

260 1055 371 1126 quando
392 1052 549 1105 universam
571 1051 679 1119 recolo,
701 1053 768 1103 baec
791 1053 879 1104 omnia
896 1052 1020 1121 accipere
1043 1054 1128 1106 malim
1144 1072 1198 1123 pro
1221 1055 1286 1103 fama
1302 1050 1360 1117 vulgi

222 1158 227 1166 ·
260 1156 332 1208 quae
348 1146 499 1207 temporum
515 1137 637 1189 rationes
653 1137 765 1189 mirifice
780 1137 951 1189 contundere
966 1136 1047 1189 solet.
1091 1138 1129 1189 Ac
1148 1137 1361 1189 consimilium

259 1224 336 1275 vario
351 1232 473 1292 tempore
487 1231 670 1274 memorantur
682 1220 836 1274 invaluisse
853 1221 880 1273 in
897 1221 1099 1291 Peloponneso.
1128 1223 1263 1292 Spectant
1286 1218 1362 1272 istard

260 1327 306 1361 res
321 1307 433 1360 lunares
448 1324 480 1358 ac
495 1306 646 1373 Venereas,
662 1323 734 1376 quae
750 1306 776 1357 in
794 1307 835 1357 his
852 1305 954 1358 fabulis
968 1307 1114 1359 Laconicis
1130 1308 1278 1359 eminuere.
1301 1305 1362 1373 ltqae

260 1393 302 1444 laic
322 1394 382 1462 ipse
398 1393 567 1444 Astrabacus
581 1391 614 1461 (i.
630 1409 656 1443 e.
676 1390 850 1458 astrologus)
873 1392 954 1444 heros
969 1392 1135 1461 antiquioris
1151 1392 1247 1445 herois
1261 1389 1363 1457 Pelopon·

260 1478 365 1530 nesiaci
380 1478 532 1530 memoriam
547 1484 664 1529 renovat
677 1475 868 1542 Endymionis.
902 1475 1036 1528 Videlicet
1052 1477 1094 1529 bic
1106 1486 1135 1529 et
1149 1478 1212 1548 ipse
1223 1486 1364 1527 astronomus

259 1563 351 1614 dictus
373 1564 407 1614 ob
424 1563 521 1615 Lunae
539 1560 701 1627 amoreml).
745 1561 912 1629 Ecquando
932 1563 1077 1630 Endymion
1099 1580 1115 1614 a
1137 1566 1219 1616 Luna
1238 1557 1364 1626 suscepisse

260 1648 362 1700 dicitur
374 1649 573 1718 quinquaginta
587 1645 671 1709 filias,
693 1645 887 1715 unusquisque
901 1645 1046 1713 intelligit,
1062 1646 1218 1715 significari
1233 1640 1364 1714 prisciasci

259 1733 366 1785 lunaris
388 1733 480 1785 orbem
502 1741 531 1784 et
549 1730 687 1783 ambitum.
732 1730 852 1792 Quando
874 1738 963 1783 autem
987 1731 1056 1784 idem
1077 1751 1112 1785 οι
1126 1733 1266 1787 Asterodia
1279 1733 1364 1795 gratati

261 1818 371 1885 bernis,
386 1817 434 1887 qui
449 1816 561 1886 populis
575 1815 748 1886 urbibusque
765 1815 873 1866 nomina
886 1816 996 1885 dedere,
1012 1818 1063 1868 boc
1078 1818 1146 1869 nibil
1162 1816 1238 1869 aliud
1253 1822 1298 1877 est,
1310 1824 1364 1879 qut!

259 1902 433 1955 Astrobncum
449 1901 564 1971 aliquem
586 1901 613 1951 in
632 1898 788 1952 Heraclidis
803 1919 818 1952 e
833 1917 936 1966 genere
951 1901 1224 1968 Eurysthenidarnm
1244 1892 1362 1950 memorari.

259 1988 336 2040 Haec
347 1987 440 2039 eadem
452 1982 612 2053 Ἀστεροδία,
627 1983 768 2037 stellarum
784 1984 927 2037 declarans
943 1985 1095 2052 circuitum,
1112 1987 1209 2040 affinis
1225 1992 1265 2037 est
1278 1980 1362 2039 deabus,

259 2087 330 2142 quas
345 2082 479 2126 astrorum
493 2075 579 2125 cultus
592 2070 722 2121 sacravit.
752 2069 876 2132 Quarum
893 2069 1015 2137 nomina,
1039 2073 1080 2123 uti
1098 2071 1239 2133 assolent,
1260 2068 1290 2119 ad
1307 2078 1362 2116 saus

260 2173 411 2209 sermonem
427 2156 557 2223 redigunt
570 2155 672 2207 Graeci
688 2154 817 2206 homines.
840 2155 895 2219 Sic,
913 2165 943 2206 nt
957 2156 1007 2207 boc
1023 2166 1099 2223 utar,
1115 2156 1250 2223 Syrorum
1265 2146 1363 2221 [Phoeni
1417 2152 1418 2171 ¹

260 2241 332 2308 cum]
350 2241 448 2310 religio
459 2234 642 2307 Ἀστροοὶρχην
654 2238 772 2310 aliquam
787 2236 977 2306 agnoscit**),
990 2257 1005 2291 a
1019 2240 1099 2293 Luna
1112 2260 1169 2293 non
1183 2240 1287 2293 multum
1296 2235 1360 2286 diret·

260 2344 326 2378 sam.
364 2326 454 2395 Atque
477 2325 564 2393 ipsam
584 2325 690 2377 Lunam
713 2316 881 2392 Ἀσσράρχηο
902 2334 1044 2395 nuncupat
1068 2325 1187 2395 Orphici
1206 2326 1296 2391 Hymn.
1315 2313 1360 2366 llll

260 2411 335 2480 [riq.
352 2428 395 2462 rs.
414 2413 455 2462 10.
500 2408 575 2476 lllagi
599 2415 690 2461 antem
713 2408 817 2461 Persici
838 2409 978 2463 consimile
998 2428 1093 2463 nomen
1114 2406 1359 2471 senmourmae·

260 2495 401 2547 hairtins.
423 2486 750 2562 Dicitur'Aorpuippvzos
762 2493 805 2546 vel
820 2494 892 2547 forte
903 2487 1178 2563 Ἀστρὸψοχος**’).
1203 2493 1267 2547 lnde
1280 2483 1359 2541 nauali
1417 2532 1418 2553 ,

259 2579 292 2631 ad
320 2580 457 2631 Graecum
482 2578 628 2643 hominem,
659 2579 708 2648 qui
733 2586 844 2649 praeter
869 2579 1063 2633 oneirocritica
1086 2580 1170 2634 etiam
1196 2578 1307 2643 θεωρῶν
1322 2569 1358 2622 ‘5'

257 2657 379 2731 ἀστέρων
398 2664 635 2732 conscripserat.“

345 2749 418 2814 „llis
433 2748 533 2818 positis
550 2748 681 2800 neminem
701 2766 753 2815 ego
768 2748 906 2815 ambigere
920 2750 1056 2816 arbitror,
1079 2767 1133 2819 quo
1149 2749 1285 2819 pertineat
1296 2742 1326 2793 tlt
1336 2750 1357 2786 Β

260 2840 385 2903 potestas
400 2833 518 2885 nominis
532 2825 730 2904 Ἀστρόβακος,
746 2832 806 2885 sive
821 2826 1008 2905 Ἀστράβακος
1022 2835 1205 2903 pronuntiare
1224 2829 1300 2885 malis.
1319 2821 1354 2873 ld

260 2926 345 2987 atque
369 2924 558 2985 argumentum
581 2917 737 2970 istiusmodi
757 2917 867 2970 beroam
890 2918 998 2971 subulae
1016 2921 1050 2971 ab
1072 2919 1256 2972 orientalibus
1276 2910 1353 2965 oriatl

260 3002 388 3054 advecta:
405 3003 513 3054 nomina
527 3003 562 3054 ad
576 3003 774 3055 Graecanicum
789 3020 939 3054 sermonem
956 3004 1048 3056 efficta
1068 3004 1271 3073 immutataque.
1307 2992 1349 3045 Μ

260 3087 331 3138 enim
354 3086 396 3137 his
418 3087 445 3138 in
470 3087 571 3140 sabulis
587 3088 713 3139 omnibns
734 3087 839 3138 lunaris
859 3088 952 3157 aliqua
972 3090 1058 3155 ratio,
1082 3089 1126 3141 vel
1139 3090 1237 3141 verius
1255 3078 1352 3135 tunsum

259 3172 347 3222 furor.
393 3172 432 3222 Ac
454 3171 562 3223 nomina
581 3171 763 3240 eloquuntur,
780 3171 852 3241 quod
873 3190 949 3224 mens
964 3172 1008 3224 vel
1024 3174 1119 3243 potius
1135 3173 1253 3226 amentia
1269 3167 1354 3220 clttttl

258 3254 392 3307 recondit.
448 3256 688 3309 Daemoniacarum
713 3257 940 3324 superstitionum
968 3258 1059 3311 ubivis
1094 3258 1234 3311 luculenta
1260 3243 1356 3311 mugit·

258 3341 358 3410 Neque
380 3339 451 3392 enim
474 3340 583 3392 heroica
602 3341 689 3409 magis
706 3348 773 3393 sunt
794 3342 859 3394 haec
874 3342 1000 3409 singula,
1022 3359 1102 3413 quam
1122 3341 1300 3403 daemoniaca,
1318 3340 1356 3379 ⁶¹¹

257 3424 407 3492 gentilieiis
425 3425 661 3495 popularibusque
675 3426 763 3478 sacris
778 3428 904 3479 confusa.
947 3429 986 3480 Ac
1002 3428 1182 3481 daemonibus
1201 3415 1357 3491 interpositu!

257 3510 347 3579 ipsum
363 3513 539 3563 Astrabucum
553 3510 707 3563 videbimus
722 3511 866 3578 infra.“†)

343 3595 507 3661 „Hactenus
520 3595 555 3648 de
571 3597 735 3666 astrologiae
750 3595 955 3663 significatione
969 3596 1099 3650 adiuncta
1120 3598 1222 3651 nomini
1236 3577 1355 3647 Aslrtbtfl'»

258 3679 358 3749 Neque
369 3698 436 3733 vero
450 3683 592 3735 bestiarum
606 3680 772 3748 significatio
787 3680 938 3734 omittenda
951 3688 1003 3742 est.
1036 3682 1157 3751 Flagitst
1172 3672 1357 3737 adversarium

326 3876 353 3937 ⁴²)
367 3876 428 3926 Vid.
442 3886 537 3929 annot.
552 3879 586 3929 ad
596 3880 694 3930 Hecat.
704 3878 791 3929 Miles.
804 3878 928 3945 lragmm.
942 3897 967 3946 p.
979 3881 1086 3948 lillibiq.
1095 3882 1184 3934 Schol.
1197 3863 1353 3947 Apoll-llsll·

326 3944 371 4007 **)
386 3947 448 3996 Vid.
460 3950 610 4000 Herodian.
623 3949 697 3998 Hist.
714 3949 748 4011 V,
761 3949 787 4000 o.
801 3964 828 4013 p.
837 3950 934 4002 188ed.
952 3952 1075 4003 Irmisch.
1090 3950 1205 4017 [Scribit
1215 3943 1352 4002 Herodlffll’

255 4015 289 4091 V,
301 4013 326 4062 6.
340 4016 364 4075 5.
380 4018 410 4093 t:
426 4015 528 4095 Ar'pvsc
541 4012 592 4082 pir
601 4005 655 4098 οὖρ
666 4010 758 4082 αὐτὴν
770 4016 920 4101 Οῠροιοίαν
932 4018 1059 4086 καλοῦσι,
1069 4021 1201 4081 Φοίνικες
1213 4010 1290 4071 dl'At
1295 4016 1352 4069 10⁰·

255 4096 274 4130 α
283 4097 298 4143 ⁰
307 4082 995 4227 zpssqpqupggpppp,lppgqggvgelqotitbgltgtirppgrpr
1021 4161 1064 4212 cf.
1078 4162 1229 4212 Heumann.
1238 4161 1262 4209 et
1271 4142 1349 4201 flulat·

255 4217 291 4267 ad
305 4219 405 4270 Fabrie
425 4224 457 4273 B.
470 4226 516 4275 Gr.
529 4227 591 4276 Vol.
607 4230 640 4278 V.
655 4244 681 4293 p.
695 4230 745 4278 265
759 4243 817 4294 aeq.
1322 4281 1327 4291 ,

318 4288 354 4368 ⁸†)
371 4288 424 4353 [De
441 4293 600 4357 Astralrneo,
621 4297 740 4361 phallico
756 4297 888 4349 daemona
906 4315 993 4364 eoque
1013 4299 1134 4362 furente,
1154 4301 1256 4349 Dianae
1267 4282 1350 4340 ΟΜ

254 4369 341 4405 ⁸²⁰¹¹⁸
355 4359 458 4417 tddllo.
471 4367 575 4413 monuit
595 4380 702 4432 quoque
717 4368 855 4419 Gerhsrd:
874 4370 982 4423 Griech.
996 4369 1147 4436 Mytholog.
1166 4372 1191 4433 5.
1210 4367 1263 4425 3³2,
1274 4344 1348 4410 Νη

253 4426 280 4489 ρ.
295 4424 356 4491 345,
370 4431 396 4478 a.
413 4434 442 4479 a
452 4434 477 4494 §-
493 4434 555 4497 σοι,
568 4432 593 4487 3.
606 4438 631 4498 §-
645 4437 706 4488 aaa
729 4437 792 4507 aa]
