3046 5134
248 394 311 461 500
684 391 946 455 HERODOTI

200 568 306 641 35καὶ
328 573 471 641 διέλυσε.
507 563 564 647 Ὡς
585 564 618 635 d'
641 566 787 637 ἐπύθετο
805 570 945 654 Ξέρξης,
970 563 1065 635 δεινά
1085 564 1301 654 ποιεύμενος,
1324 562 1388 634 τὸν

243 673 487 766 Ἑλλήσποντον
510 675 645 741 ἐκέλευε
672 678 863 760 τριηκοσίας
890 673 1067 739 ἐπικέσθαι
1095 669 1230 758 μάστιγι
1254 668 1387 756 πληγάς

838 835 881 885 sd
901 834 1010 886 fabuler
1030 833 1126 885 itidem
1147 834 1232 896 haec,
1260 849 1332 899 quse
1352 836 1386 884 de

422 872 486 928 οη·
506 874 615 923 XXXV'
839 908 945 958 catenis
956 906 1025 955 mari
1035 905 1162 955 immissis
1172 913 1329 961 narrentur.
1343 921 1386 955 re-

282 969 364 1024 δεινά
382 968 562 1040 ποιεύμενος]
585 977 629 1027 De
650 974 789 1025 locutione
839 975 896 1027 lsts
909 975 969 1025 vult
982 975 1131 1025 Blomfield.
1144 975 1172 1024 in
1182 975 1271 1026 Gloss.
1284 975 1318 1024 sd
1333 978 1388 1025 Ae-

247 1046 321 1097 coni.
339 1050 408 1096 nott.
422 1046 457 1096 sd
470 1046 564 1107 111,14
576 1046 646 1105 otV,
658 1044 700 1095 33.
725 1045 788 1094 lllox
839 1045 928 1111 schyli
941 1046 1018 1095 Pers.
1034 1046 1093 1096 728.
1122 1045 1153 1095 ln
1167 1060 1220 1109 quo
1234 1047 1388 1094 assentitur

247 1132 308 1168 cum
329 1114 480 1180 Schweigh.
499 1122 527 1167 et
543 1115 632 1169 Gnisi.
652 1115 714 1165 dedi
734 1107 791 1162 ἐκέ·
839 1115 928 1166 Ideler
946 1115 981 1165 sd
993 1113 1134 1166 Aristotel.
1149 1113 1292 1165 Heteorol.
1313 1115 1341 1177 1,
1358 1116 1384 1165 3.

247 1187 323 1245 λιιι,
342 1192 372 1235 ut
384 1185 558 1236 Florentinus
577 1185 700 1250 alterque
711 1185 789 1234 Pari·
839 1200 902 1250 pag.
917 1184 977 1235 356.
992 1185 1030 1235 ΙΙ.
1047 1200 1074 1248 p.
1088 1186 1147 1234 762.
1160 1184 1212 1234 coll
1243 1184 1297 1235 Die
1312 1185 1385 1249 Ssge

247 1257 323 1305 sinus
345 1255 430 1305 codex
454 1255 634 1321 suggerebat,
662 1270 710 1318 pro
733 1246 789 1303 tat·
838 1270 901 1306 rom
921 1255 1022 1305 Schuss
1038 1254 1086 1305 des
1100 1252 1160 1304 Tell
1178 1269 1240 1318 pag.
1253 1255 1289 1304 ou
1308 1256 1386 1303 item-

247 1326 357 1386 λινσι,
371 1325 694 1390 quodltelslrsrretinuit,
708 1339 788 1390 quem
839 1340 891 1389 que
911 1326 941 1376 C.
960 1326 992 1373 0.
1014 1323 1129 1375 Mueller
1150 1322 1304 1388 (Goettiug.
1322 1323 1382 1376 Gel.

248 1400 362 1444 recentt.
380 1394 440 1444 odd.
455 1400 613 1459 sequuntur.
646 1394 699 1445 Sed
715 1393 788 1443 infra
838 1399 923 1445 Διιιι.
941 1394 1017 1444 1834.
1029 1409 1071 1447 ιιι.
1084 1394 1128 1445 ott.
1141 1408 1204 1458 pag.
1215 1392 1280 1457 587)
1296 1400 1383 1443 ortam

247 1479 353 1530 quoque
375 1466 475 1515 Noster
503 1466 662 1530 imperfecto
686 1457 790 1514 λνιτέλ-
838 1471 916 1514 ratus
927 1462 1049 1513 tabulam
1063 1478 1078 1512 e
1094 1463 1204 1526 politica
1214 1463 1335 1527 quadam
1347 1463 1382 1513 lo-

247 1535 309 1584 λετο
324 1550 389 1585 usus
405 1539 456 1584 est.
838 1536 963 1593 cutione,
984 1547 1054 1597 quse
1072 1532 1281 1595 Hellespontum
1300 1539 1384 1597 ponte

288 1595 439 1654 ἐπικέσθαι
455 1594 566 1667 μάστιγι
584 1595 704 1667 πληγάς]
734 1601 788 1651 Ριο
838 1605 962 1654 iunctum
971 1602 1132 1667 significsrit
1142 1602 1318 1666 compedibus
1327 1604 1383 1653 vin·

246 1665 396 1724 ἐπικέσθαι
422 1672 476 1739 legi
499 1688 604 1739 qnoque
626 1688 707 1738 posse
732 1661 789 1719 ἐπι·
838 1670 1383 1737 ctum;eademqueestseutentiaBlom·

247 1738 363 1794 κέεσθαι
377 1743 539 1808 Sylbnrgius
557 1746 740 1795 auuotsverst
755 1739 789 1790 ad
838 1742 919 1794 fieldii
938 1744 965 1792 in
978 1741 1098 1791 Glosssr.
1120 1740 1155 1790 ad
1166 1740 1298 1806 Aeschyli
1307 1742 1383 1792 Pers.

248 1815 367 1865 Brisson.
376 1815 417 1864 De
427 1812 565 1885 reg.Peqs.
574 1814 689 1877 princip.
698 1811 734 1873 ll,
746 1810 788 1861 73.
839 1814 899 1863 228.
925 1814 964 1863 Ac
975 1826 1067 1862 verum
1080 1825 1147 1859 sune
1160 1816 1215 1871 est,
1232 1809 1301 1861 nihil
1312 1813 1384 1862 eius-

249 1901 275 1949 p.
289 1882 353 1942 Ἱόθς
378 1872 534 1931 ἐπιθέσθαι
549 1883 684 1933 maluerat
695 1882 787 1931 Pausa.
839 1882 912 1933 modi
931 1884 959 1931 in
971 1882 1080 1931 Ctesias
1096 1884 1232 1945 excerptis
1251 1881 1382 1932 traditum

248 1953 341 2014 Vella,
358 1967 435 2017 quem
448 1951 546 2016 reliqui
559 1955 647 2003 secuti
658 1956 721 2001 sunt
734 1950 790 2000 edi·
839 1957 962 2011 exstare3
983 1966 1068 2017 neque
1084 1957 1174 2000 tsmsn
1194 1951 1257 2001 ideo
1276 1965 1382 2002 omnem

248 2028 321 2073 tores
331 2059 337 2084 ,
348 2022 445 2071 Lstine
454 2021 572 2071 reddidit
581 2023 672 2086 tempi:
683 2020 718 2069 sd
729 2034 791 2071 seu·
838 2021 973 2073 Herodoti
983 2022 1167 2070 narrationem
1178 2020 1303 2087 equidem
1315 2024 1384 2072 reie-

248 2089 789 2224 {luitdrudistitilll’ttllr
839 2090 1383 2225 ultitigitflitlrtttttd

404 2197 411 2223 t

240 2224 462 2294 Ἑλλήσποντον)
470 2235 630 2281 monstrent.
648 2232 684 2280 At
695 2244 790 2279 vereor
839 2230 920 2283 valde
931 2245 1079 2295 congruere
1088 2230 1177 2296 quiris
1187 2230 1382 2288 concedet,ne·

248 2301 372 2365 equidem
393 2314 571 2364 magnopere,
591 2306 623 2349 ut
639 2290 790 2362 ἐφικέσθαι
839 2317 891 2367 que
904 2300 1048 2351 sbhorrsre
1058 2317 1074 2349 u
1084 2301 1178 2351 Nostri
1189 2300 1315 2362 consilio,
1329 2316 1382 2366 quo

248 2370 360 2420 eandem
381 2370 569 2433 perstrinpeadi
592 2386 613 2421 s.
633 2369 792 2434 permittendi
839 2387 908 2434 quse
921 2375 1018 2434 postea
1028 2371 1131 2421 Xerxes
1144 2384 1241 2434 passus
1253 2376 1296 2420 est
1309 2371 1382 2419 mals

247 2439 349 2490 habeut
371 2439 595 2504 significstioneur
623 2445 708 2504 utque
732 2454 791 2488 ver·
839 2440 984 2490 Graecism
995 2455 1055 2489 cum
1066 2442 1186 2490 exercitu
1197 2439 1340 2499 invadens,
1352 2457 1384 2491 ea

248 2510 312 2559 bum
331 2504 522 2569 καθικέσθαι,
541 2525 629 2575 neque
648 2507 701 2559 huc
717 2507 790 2557 trahi
839 2510 875 2559 ab
894 2509 1043 2560 insolentis
1059 2516 1087 2559 et
1106 2510 1180 2559 lustu
1200 2515 1323 2573 repetere
1342 2511 1384 2559 iu·

246 2594 328 2645 posse
353 2578 462 2630 credam
491 2578 614 2630 Platonis
642 2579 730 2630 locum
761 2578 789 2626 in
840 2578 1382 2643 stumquevindictsmhsberesoletzel.

248 2650 330 2714 Hipp.
346 2653 410 2699 mai.
426 2666 452 2715 p.
470 2650 559 2702 utica,
577 2665 663 2716 neque
677 2648 789 2698 Homeri
841 2664 947 2714 quoque
964 2648 1095 2699 Nitsseh:
1123 2649 1175 2699 llic
1196 2650 1384 2714 Ssgenpoiisie

247 2719 411 2770 versiculum
430 2718 601 2779 iltutus.
635 2719 702 2770 Mihi
720 2717 790 2767 faci·
838 2719 886 2769 der
899 2718 1008 2770 Griech.
1022 2718 1178 2782 pirdiseq,
1208 2717 1384 2769 Achenein·

247 2789 299 2839 lior
320 2789 429 2839 videtur
441 2786 617 2839 Valckenarii
636 2789 722 2848 ratio,
743 2804 789 2837 cx·
838 2794 879 2840 ter
893 2788 949 2838 alia
962 2788 1090 2838 observat
1106 2789 1196 2852 Bringr
1218 2789 1382 2852 (Historiae.

248 2856 391 2923 plicsntis:
404 2851 450 2907 tut
460 2850 509 2905 τὸν
516 2848 724 2922 Ἑλλήσποντον
734 2846 789 2905 ἕκὲ-
838 2861 866 2909 in
876 2857 987 2908 difficili.
997 2857 1130 2908 llerodoti
1138 2857 1205 2909 loce.
1214 2858 1382 2909 sdnotsmm.

247 2926 322 2977 λεισι
347 2926 511 2990 τριηκοσίας
535 2919 650 2977 λκὲσθαι
675 2920 788 2989 μάστιγι
837 2928 955 2979 Loudini
968 2928 1118 2977 Gothorum
1142 2928 1217 2980 1829.
1237 2928 1284 2978 lV.
1303 2945 1331 2994 p.
1348 2930 1383 2977 29

247 2991 364 3060 πληγάς.
389 2999 425 3047 Bt
435 2997 528 3047 confer
537 2998 575 3047 sis
585 3012 669 3061 supra
680 2996 742 3057 Vll,
754 2998 785 3045 il:
837 2996 907 3062 seq.)
919 2997 951 3047 de
963 2998 1051 3046 Xerxe
1063 2996 1271 3062 Hellespontum
1283 3006 1311 3047 et
1322 3014 1383 3048 rer-

248 3061 275 3123 ἐς
300 3062 334 3115 τά
355 3059 424 3115 ἄλλα
451 3062 537 3128 λέγων
564 3056 659 3115 dataro
682 3056 787 3127 άληθὲ-
836 3068 922 3117 biset
938 3066 1095 3119 verberibus
1114 3068 1258 3131 puniente,
1277 3082 1331 3117 non
1351 3075 1382 3117 ut

248 3149 345 3185 oratu:
356 3151 467 3185 sermone
478 3145 519 3186 tuo
529 3151 611 3185 uerum
619 3152 667 3186 ceu
675 3136 785 3199 recipisti.
837 3137 870 3187 de
887 3137 995 3186 homine
1008 3136 1129 3197 Graeco,
1151 3135 1199 3187 sed
1217 3142 1247 3186 nt
1269 3137 1303 3186 de
1319 3138 1383 3187 Per·

247 3204 314 3256 Inde
329 3206 486 3268 percutiendi
500 3209 527 3256 et
546 3205 660 3256 feriendi
674 3207 786 3255 notione
836 3221 927 3257 sarum
943 3222 1007 3271 rege
1025 3222 1074 3256 sen
1091 3207 1182 3271 potius
1196 3199 1322 3271 δεσπότῃ
1342 3207 1383 3255 iu-

246 3276 358 3325 verbum
372 3266 521 3323 ἐπικέσθαι
532 3274 626 3325 addito
637 3276 787 3325 dativesc·
835 3277 935 3327 dicium
958 3290 1017 3327 esse
1040 3276 1196 3337 ferendum,
1227 3278 1275 3340 qui
1300 3276 1382 3327 modo

247 3345 302 3409 cipi
314 3345 373 3395 vult
385 3344 513 3395 Kuehuer
526 3344 571 3394 Gr.
588 3346 634 3396 tir.
647 3344 783 3408 §.558.b.
836 3345 1013 3407 Ormupdium
1030 3345 1081 3395 rite
1103 3361 1136 3397 sc
1161 3349 1207 3410 pie
1230 3346 1381 3396 secuudum

246 3415 338 3478 Ipsum
348 3429 411 3464 vero
422 3415 518 3464 Xerxis
532 3413 655 3476 lacinus,
669 3430 722 3480 quo
734 3416 786 3464 ira·
834 3416 974 3466 Zoroastri
990 3421 1136 3480 praecepte
1152 3414 1262 3480 coleret,
1278 3417 1381 3466 nemini

246 3490 292 3534 tus
307 3486 334 3533 in
347 3499 421 3534 mure
439 3484 573 3535 saeviisse
593 3483 679 3534 fertur
697 3484 787 3548 dagel·
836 3501 865 3535 se
880 3485 1032 3536 subiectum
1046 3492 1156 3550 putaret
1168 3501 1217 3535 nec
1231 3485 1380 3550 quidquam

246 3552 281 3603 lis
297 3560 325 3603 et
343 3554 517 3618 compedibus
535 3553 673 3615 demissis,
696 3554 786 3620 plures
837 3556 892 3605 sibi
911 3556 1075 3615 timendum
1100 3557 1146 3620 qui
1171 3555 1253 3619 igitur
1274 3554 1383 3605 Helles-

246 3628 368 3674 veterum
386 3631 631 3674 commemorarunt
648 3640 665 3673 u
682 3624 789 3674 Brisso·
837 3630 965 3690 pontum,
988 3640 1067 3690 quem
1083 3640 1132 3689 pro
1148 3625 1230 3675 fluvio
1245 3623 1382 3688 habuerit,

247 3695 293 3744 uio
306 3695 349 3746 De
369 3710 423 3759 reg.
442 3695 531 3744 Perss.
547 3694 659 3759 princip.
676 3694 733 3755 111,
753 3693 786 3745 73
836 3695 918 3745 simili
939 3694 1017 3744 modo
1043 3693 1140 3745 ulcisci
1163 3693 1296 3755 studeret,
1325 3710 1381 3759 quo

248 3764 340 3814 acciti.
375 3763 454 3826 Quod
475 3780 492 3812 s
512 3764 624 3814 Graecis
641 3764 787 3813 confictum
838 3764 901 3814 olim
917 3764 1004 3828 Cyrus
1018 3763 1140 3826 Gyndem
1154 3765 1267 3815 fluvium
1286 3764 1315 3814 ίιι
1326 3769 1383 3814 trs-

247 3832 788 3897 essesuspicutuerlekenar.cumSton·
837 3839 931 3885 centos
960 3836 1106 3895 sexaginta
1136 3835 1209 3884 rives
1237 3833 1380 3884 diductum

246 3902 291 3953 lei.
306 3903 341 3953 ad
352 3902 480 3967 Aeschyli
492 3904 582 3956 Per-ss.
593 3905 657 3965 752,
672 3919 732 3954 cum
745 3902 786 3952 ira
836 3901 878 3968 (1,
898 3902 971 3965 ⁶202).
1000 3904 1078 3953 Aliud
1095 3918 1281 3969 programma,
1305 3905 1381 3968 quod

246 3972 319 4037 regis
336 3973 370 4023 ob
382 3983 490 4037 pontem
502 3976 673 4039 tempestatis
688 3975 715 4021 vi
733 3972 787 4024 dis·
836 3974 865 4023 in
884 3972 977 4024 schola
998 3973 1196 4024 ltotlrscildana
1218 3988 1290 4023 anno
1314 3974 1382 4025 1826

247 4043 348 4094 iectum
368 4043 549 4109 Aeschyliquc
569 4044 653 4094 verba
673 4042 787 4092 Athenis
836 4043 886 4093 sub
899 4044 951 4094 lroc
962 4043 1043 4094 titulo
1054 4044 1188 4107 prodiisse
1198 4042 1312 4094 dieitur:
1325 4044 1381 4104 „Iu

247 4114 394 4164 decantate
408 4112 515 4164 facilem
528 4113 788 4176 lnbulselingendse
836 4112 1063 4176 disceptationem
1082 4120 1228 4173 secuntur,
1254 4128 1326 4179 quae
1347 4114 1381 4164 de

247 4198 342 4234 susam
355 4185 471 4248 ingeniis
486 4184 586 4234 Atticis
597 4184 726 4248 praebere
741 4198 788 4246 po·
836 4183 878 4233 irs
897 4184 995 4234 Xer-xis
1019 4184 1136 4233 disiecto
1155 4183 1182 4233 vi
1205 4184 1381 4248 tempestatis

247 4255 350 4304 tuerint
364 4253 502 4322 multaque
520 4256 630 4305 omnino
646 4253 679 4302 de
695 4253 787 4302 Persis
837 4259 933 4317 ponte,
954 4269 1007 4318 quo
1022 4253 1227 4317 Hellespontum
1241 4253 1380 4315 iunxerat,

247 4323 319 4375 falsa
333 4339 349 4372 a
360 4325 472 4376 Graecis
489 4340 532 4375 res
545 4339 608 4373 suas
621 4321 789 4386 amplifican-
836 4322 872 4375 ab
890 4323 1029 4374 Herodoto
1049 4328 1112 4373 sunt
1132 4323 1260 4388 prodits“
1279 4323 1314 4372 sd
1337 4339 1380 4371 me

246 4394 320 4444 tibus
335 4393 437 4443 tradita
449 4410 508 4445 esse
524 4398 639 4444 constet.
666 4392 721 4442 Nee
737 4391 788 4442 uli·
836 4392 1054 4457 haudperrenit.
1080 4393 1132 4443 His
1147 4392 1264 4457 denique
1277 4391 1380 4442 sddere

249 4468 289 4513 ter
308 4464 364 4513 lere
390 4464 422 4514 de
446 4464 487 4514 his
506 4465 605 4515 stetuit
624 4461 786 4513 Lmeherus.
837 4462 941 4527 placet,
965 4478 1035 4528 quae
1052 4463 1126 4528 apud
1144 4463 1304 4526 Genesium,
1326 4463 1380 4528 By·
