2986 5130
253 356 343 445 eis.
688 379 953 441 nunonem

254 563 374 644 λεμον,
396 549 441 633 ὦς
456 553 591 639 λέγουσι
606 551 875 640 Λακεδαιμόνιοι.
908 549 1006 622 τοῦτό
1020 579 1077 640 μοι
1091 553 1129 621 έν
1149 564 1233 620 τοῖσι
1251 546 1369 618 desira-

254 687 313 727 τον
327 665 483 746 φαίνεται
503 658 674 745 γενέσθαι.
710 653 761 726 dre
775 657 838 744 μέν
852 654 916 744 γὰρ
933 657 1123 744 κατέσκηψε
1144 657 1177 734 ές
1193 647 1372 740 ἇνγέλονςὴ

259 769 456 849 Ταλθυβίου
476 766 592 849 μῆνις,
614 759 696 830 οὐδὲ
716 761 883 830 ἐπαύσατο
903 762 983 847 ιἰρἶ
1003 754 1178 847 ἣέξῆλθε,
1197 756 1234 826 τὸ
1257 762 1372 825 δίκαιον

221 886 227 903 ·
254 863 341 934 οὕτω
356 873 473 953 ἔφερε
501 863 539 933 τὸ
554 865 591 933 δὲ
606 879 792 952 συμπεσεῖν
806 867 839 944 ές
853 862 928 944 τοὺς
944 868 1066 944 παῖδας
1079 868 1149 931 τῶν
1162 860 1295 949 ἀνδρῶν
1306 857 1371 927 τού·

253 997 323 1038 τιον
336 973 403 1037 τῶν
420 965 621 1055 ἀναβάντων
634 966 716 1054 πρὸς
731 972 868 1056 βασιλέα
883 966 939 1037 διὰ
952 964 1014 1055 τὴν
1028 972 1147 1055 μῆνιν,
1166 969 1199 1046 ές
1213 963 1373 1033 Naxium

254 1099 290 1142 re
304 1071 363 1141 τὸν
373 1073 514 1177 βούλιος
528 1074 584 1140 καὶ
598 1073 631 1152 ές
647 1070 841 1160 Ἀνήριστον
855 1070 914 1140 τὸν
924 1076 1118 1157 Σπερθίεω,
1132 1065 1168 1149 ὃς
1183 1064 1251 1138 εἷλε
1261 1064 1373 1144 Ἁλιέας

254 1253 360 1288 τατον
393 1237 525 1302 φαίνεται
555 1230 688 1301 γενέσθαι
722 1236 797 1289 coni.

217 1345 221 1353 -
254 1309 381 1361 Kuelrner
400 1309 447 1361 Gr.
467 1308 514 1358 Gr.
532 1308 673 1371 §.eilika
691 1307 797 1359 obiur-

254 1380 354 1429 mulum
380 1369 412 1427 έν
440 1380 514 1427 τοῖσι
541 1377 748 1443 superlativo
739 1393 798 1428 ruu-

254 1455 343 1511 ctum,
360 1464 439 1514 quum
455 1448 567 1498 eundem
581 1462 687 1512 quoque
703 1448 798 1512 attigit

253 1518 378 1568 Fritseh:
392 1516 798 1583 VergleielrendeBeurbeitung

255 1588 281 1640 d
298 1586 406 1638 Grieclr
427 1603 453 1637 u.
474 1588 581 1637 Luteiu.
600 1587 741 1637 Pertikelu
758 1586 796 1636 ΙΙ.

254 1673 316 1722 pag.
333 1658 389 1709 174
413 1657 493 1719 Quod
508 1672 573 1707 rsro
586 1672 634 1722 pro
645 1650 797 1705 θειότατον

255 1727 388 1778 Valcken
402 1727 514 1778 rescribi
525 1726 612 1776 voluit
623 1720 708 1775 detor
720 1740 770 1801 γι
762 1740 796 1773 ου

255 1795 298 1861 (ut
314 1795 396 1879 paulo
407 1797 520 1847 interius
532 1784 658 1873 δῆλον’
638 1811 678 1844 ων
691 1809 740 1861 μοι
753 1783 796 1843 ὅτι

254 1866 340 1915 θεῖον
356 1858 419 1915 ονίι
434 1857 583 1945 έγὲνετο
554 1880 586 1913 ιο
601 1864 731 1929 πρῆγμα,
750 1864 796 1914 ubi

253 1935 336 2001 vulgo
354 1926 526 1999 uberioris),
548 1934 575 1984 id
589 1950 606 1985 ιι
626 1940 714 1986 mente
733 1935 799 1984 scri-

254 2007 341 2070 ptoris
366 2019 477 2069 prorsus
507 2003 653 2054 abhorrere
678 2005 797 2066 videtur,

256 2089 336 2140 quem
349 2073 416 2123 bene
427 2081 597 2138 perspectam
607 2073 745 2124 Schultnio
756 2075 796 2123 itu

254 2143 348 2193 retulit
361 2142 649 2208 Schweighaeuserur:
663 2143 796 2208 „Talthy-

254 2213 294 2263 bii
306 2215 346 2262 ire
359 2212 393 2261 ob
407 2212 525 2263 violatos
536 2228 684 2278 praecones
699 2215 796 2263 merito

254 2282 410 2332 incumbere
427 2284 455 2331 in
471 2283 636 2347 Spartanos,
655 2284 741 2334 donec
756 2283 795 2333 ei·

254 2353 354 2403 fectum
373 2353 472 2402 sortitu
489 2360 574 2416 essct,
601 2353 705 2403 debuit.
741 2354 797 2403 Itu·

254 2438 321 2487 qne,
334 2437 394 2472 eum
408 2422 461 2472 duo
474 2422 574 2487 legati,
596 2423 643 2488 qui
658 2422 730 2473 illius
743 2423 797 2474 cri-

254 2493 334 2541 minis
351 2491 456 2557 culpam
475 2492 599 2543 luendum
618 2493 690 2544 inse
706 2509 799 2543 susce-

253 2567 357 2627 perunt,
371 2562 443 2612 sulri
453 2566 625 2628 sospitesque
635 2563 742 2613 domum
754 2579 795 2613 re·

254 2633 370 2693 dieriut,
390 2632 441 2682 hoc
459 2634 538 2691 milri,
555 2634 658 2698 inquit,
677 2634 794 2682 menime

254 2701 385 2751 divinitus
411 2702 547 2753 eccidisse
568 2703 691 2765 ridetur,
722 2702 795 2767 quod

254 2776 344 2821 tumeo
357 2770 405 2820 filii
419 2773 578 2835 eorundem,
592 2771 673 2836 longo
686 2773 794 2837 quidem

255 2846 318 2905 post
332 2845 465 2904 tempere,
481 2844 635 2907 suocapite
649 2857 751 2906 poenes
765 2841 797 2890 il-

254 2909 308 2960 lius
330 2911 452 2960 oriminis
472 2911 620 2975 Talthybio
639 2911 794 2962 dederintf‘

253 2981 323 3029 Nem
344 2985 487 3043 parentum
514 2985 645 3044 peccatu,
670 2980 795 3043 inprimis

253 3049 415 3112 periurium,
437 3050 464 3098 in
485 3051 603 3111 posteris
622 3064 729 3113 quoque
746 3066 795 3115 pu-

254 3118 307 3167 niri
319 3117 482 3167 Graecorum
493 3118 577 3168 luisse
588 3118 742 3181 opinionem
753 3119 793 3169 di·

254 3186 471 3243 ximused1,lll
490 3187 635 3246 etv1‚8tt.
651 3188 710 3250 §.a
746 3190 795 3238 At-

254 3270 306 3322 que
316 3256 462 3305 coniuncta
477 3255 543 3307 heec
556 3262 619 3306 sunt
629 3272 689 3306 cum
699 3259 794 3309 esNo·

848 1238 913 1288 milri
924 1238 1032 1288 ridetur
1039 1235 1173 1287 Herodoti
1183 1234 1322 1295 sententie,
1331 1232 1374 1281 loc

847 1308 891 1360 rel
901 1310 1018 1358 maxime
1028 1306 1161 1356 divinitus
1171 1304 1272 1355 fuctum
1284 1304 1333 1354 sibi
1342 1305 1374 1350 vi

847 1379 907 1429 deri
920 1378 1098 1439 ellirmuutis,
1121 1375 1193 1441 qnod
1205 1390 1238 1425 ue
1256 1373 1315 1423 liliis
1326 1372 1374 1437 qni·

847 1449 906 1498 dem
917 1447 1071 1514 pepercerit
1086 1445 1180 1494 divine
1194 1443 1315 1494 vindicte
1326 1458 1373 1492 soe

847 1517 962 1583 demque
974 1516 1018 1567 vel
1035 1517 1158 1566 insontes
1179 1515 1260 1565 morti
1275 1512 1374 1564 dederit

846 1591 936 1654 Atque
947 1589 1058 1652 leeger,
1076 1586 1122 1650 qui
1136 1584 1300 1634 Herodotum
1314 1582 1374 1633 ultre

847 1659 924 1707 vitus
948 1656 1082 1706 humanae
1109 1654 1210 1704 limites
1235 1654 1375 1705 extendirre

847 1727 1061 1777 moderationem
1081 1723 1291 1774 illamdivinam
1307 1726 1375 1785 neget

847 1796 985 1861 (Disputt.
1006 1794 1128 1844 Herodd.
1144 1808 1210 1859 pag.
1229 1792 1291 1858 46),
1312 1808 1376 1842 sece-

847 1867 911 1916 dere
925 1872 1016 1916 tumen
1030 1863 1083 1914 huc
1096 1866 1138 1913 uit
1153 1878 1216 1913 eum
1231 1863 1376 1914 denuniuis

847 1937 935 1986 divini
951 1936 1087 2000 dignitate
1108 1939 1135 1983 et
1150 1932 1272 1983 humens
1290 1931 1376 1982 medio

848 2007 947 2056 critste
966 2005 1104 2070 superiore
1126 2004 1299 2068 praestantis
1316 2001 1377 2065 cogi-

847 2076 995 2138 tationem,
1017 2089 1071 2139 qus
1089 2073 1262 2124 admirabilis
1283 2073 1308 2124 ei
1324 2079 1376 2122 ete

846 2145 953 2210 vulgari
967 2159 1056 2194 rerum
1071 2143 1273 2193 ordine'ulieus
1287 2142 1378 2192 tribus·

847 2219 893 2264 tur
905 2216 959 2266 rim
975 2229 1053 2264 suem
1066 2213 1211 2277 exserendi
1224 2214 1304 2264 retio.
1335 2213 1377 2260 lr-

846 2299 898 2350 que
923 2283 987 2335 hinc
1012 2288 1135 2332 nostrum
1156 2281 1249 2333 locum
1274 2279 1377 2344 intelligi

847 2353 920 2415 vult,
955 2368 1033 2419 quem
1059 2350 1215 2403 Lureherus
1238 2351 1377 2403 Valckena-

846 2424 915 2473 rium
936 2430 1046 2474 secutus
1062 2437 1203 2487 perperam
1221 2422 1325 2473 Gallice
1344 2422 1377 2469 iu

846 2493 977 2543 rediliditz
997 2494 1045 2555 ,p'c
1058 2508 1089 2541 ue
1101 2501 1188 2544 trouve
1207 2493 1274 2542 duur
1284 2500 1321 2542 cet
1332 2494 1376 2540 tre·

845 2571 940 2613 uerterit
956 2565 1011 2614 rien
1031 2563 1176 2619 dedivin,·‘¹
1195 2563 1294 2615 melius
1305 2562 1376 2611 llior:

847 2643 891 2696 „et
903 2636 922 2683 ΙΙ
934 2632 1025 2682 seruile
1033 2631 1095 2696 qu'r'l
1104 2638 1145 2680 eut
1154 2647 1183 2681 eu
1196 2634 1254 2683 cele
1263 2648 1309 2682 une
1319 2639 1376 2681 rorte

845 2704 877 2752 (le
885 2703 989 2765 sutelild
1003 2701 1059 2752 bier
1070 2701 1291 2755 extraordinarie.
1295 2700 1323 2728 “’
1335 2703 1376 2752 Or·

845 2772 965 2822 conferri
987 2771 1064 2821 rubet
1077 2772 1111 2819 ΙΙ
1114 2770 1161 2820 oli
1186 2772 1222 2821 ud
1248 2774 1321 2823 Reiz.
1344 2771 1378 2819 De

844 2841 954 2906 presod
969 2840 1066 2891 Greec.
1086 2847 1192 2891 secent
1216 2842 1308 2892 iuclin
1322 2854 1376 2906 ρος

845 2911 887 2961 23.
920 2912 962 2961 Ad
975 2911 1088 2960 uerbum
1104 2904 1268 2974 κατέσκηψε
1283 2911 1336 2962 vid.
1346 2908 1377 2958 ul·

844 2981 903 3031 lete
915 2982 950 3030 ud
965 2981 1032 3042 Vll,
1048 2981 1097 3031 131
1111 2979 1185 3031 etad
1199 2970 1304 3046 ἐξῆλθε
1318 2984 1376 3030 nott

845 3051 882 3101 sd
895 3052 943 3110 Vl,
956 3049 999 3101 80.

881 3113 912 3168 τὸ
929 3088 1045 3168 denotor
1063 3132 1137 3167 euru
1150 3111 1249 3184 ἔφερε]
1272 3116 1377 3182 Quidem

846 3190 909 3240 iibri
924 3180 1049 3253 ἐφέρετο.
1084 3188 1138 3239 Sed
1153 3189 1211 3244 rid.
1225 3194 1295 3241 nott.
1306 3188 1376 3245 οιΙΙ,

846 3260 907 3311 118.
937 3261 968 3310 In
978 3274 1055 3341 seqq
1067 3258 1130 3309 dedi
1142 3250 1255 3307 τούτων
1265 3274 1313 3325 pro
1324 3270 1376 3305 τον

254 3326 796 3390 striscuteutie,quumedVIl133ex-
844 3330 930 3391 τ,ἑιον
950 3320 1045 3378 αιἰιών
1063 3343 1113 3393 pro
1133 3321 1246 3377 αιῖιέαν
1269 3335 1297 3379 et
1315 3316 1377 3387 ιινός

254 3396 405 3460 posuimus:
422 3365 794 3478 exhecquidquidiromiues
845 3395 976 3465 βασιλέα,
1005 3387 1101 3454 οοίές
1128 3394 1251 3463 βασιλῆα
1278 3399 1378 3449 dederet
1445 3452 1446 3463 γ

254 3480 337 3530 prere
349 3470 449 3529 egunt
466 3465 493 3514 rd
505 3482 599 3530 poeuis
610 3466 762 3519 dirmrtus
755 3482 794 3517 111
845 3467 1186 3519 Scheer'eruseiuucrostr
1200 3467 1282 3519 libro
1317 3464 1377 3518 Bek-

254 3535 336 3584 flictis
354 3534 432 3585 luent
450 3550 561 3586 necesse
576 3541 632 3586 est
663 3542 745 3601 utque
766 3536 793 3586 id
844 3538 927 3588 ker-us
946 3537 1070 3587 exhibuit
1089 3527 1117 3594 ές
1132 3532 1229 3604 βασι
1216 3552 1305 3587 ια.-
1323 3538 1376 3586 Mox
1444 3546 1445 3565 Ι

252 3605 340 3669 ipsum
361 3604 391 3669 (i.
408 3621 430 3655 e.
448 3606 501 3654 rim
519 3606 667 3655 divinum
661 3623 688 3656 ru
710 3607 794 3657 hemi·
844 3606 1096 3672 Bredovium(pug
1118 3606 1180 3672 139)
1199 3617 1376 3659 secutuecuu

252 3691 316 3724 num
329 3676 410 3726 rebus
422 3690 604 3740 conspicuam
620 3676 704 3739 probe
715 3683 793 3726 tueu
842 3678 986 3727 Dietschio
1017 3674 1127 3727 exhibui
1158 3669 1306 3727 Νικόλεων
1336 3688 1376 3740 pru

253 3750 323 3807 tem,
344 3745 416 3795 mels
432 3744 622 3810 punientem)
616 3762 747 3809 insignem
763 3762 791 3795 ru
841 3746 914 3811 vulg
941 3739 1086 3808 Νικόλαν,
1118 3747 1142 3797 si
1169 3747 1280 3811 quidem
1304 3759 1376 3817 supra
1442 3754 1443 3757 ’

253 3816 359 3864 modum
376 3815 421 3866 hrc
433 3830 507 3864 cerm
520 3815 619 3865 Noster
631 3823 725 3879 putet
744 3816 791 3866 ubi
842 3817 910 3877 Vll,
926 3817 1125 3881 ldlgsnitivus
1146 3807 1375 3869 inueniturNrre'·
1441 3844 1442 3875 3

252 3885 318 3934 licet
342 3890 433 3947 putres
457 3899 562 3948 poenus
585 3900 615 3934 se
633 3885 793 3948 obtulerint,
841 3887 904 3937 λιν.

253 3942 707 4019 selvicumindeegressiessent,
723 3955 792 4006 filios
879 3945 999 4013 ὃςελλε
1002 3945 1375 4017 ΑλιέαςτούςέιιΤίοοιθος
1440 3966 1441 3979 ’

251 4023 375 4074 vindicta
403 4023 497 4073 divino.
517 4024 632 4089 erripuit
654 4030 738 4091 utque
764 4026 793 4075 iu
843 4041 870 4077 ιι.
889 4040 912 4073 τ.
932 4023 996 4090 λ.]“
989 4041 1006 4076 ι
1020 4041 1043 4074 e.
1061 4042 1122 4091 qur
1134 4027 1282 4088 piscatores
1296 4026 1374 4086 Turn

251 4108 398 4157 perniciem
410 4094 577 4157 prostravit
592 4109 639 4153 qur
651 4095 691 4145 its
705 4110 791 4146 meur
841 4097 904 4147 ιλιιοι
917 4112 974 4146 narr
992 4099 1115 4146 oneraria
1134 4093 1202 4159 (nou
1216 4101 1272 4145 tum
1290 4093 1372 4144 merci·

251 4163 350 4212 loetum
371 4163 528 4223 redderent,
548 4161 670 4213 nullum'
663 4165 790 4215 iniurium
840 4166 890 4215 bus
906 4163 998 4230 quem)
1011 4168 1089 4228 plere
1101 4167 1163 4216 viris
1175 4167 1330 4229 uduuuipurs
1340 4176 1372 4209 re

252 4248 361 4282 munere
380 4233 540 4315 impunitum
566 4234 693 4299 ipsosque
719 4234 789 4284 lilios
837 4235 903 4299 pitf‘
933 4230 1371 4287 Ituhueeverbereddiditlulla,

252 4318 357 4363 eorum,
378 4303 425 4367 qui
444 4304 544 4354 iniuste
565 4303 700 4369 egissent,
725 4320 789 4369 poc
834 4320 919 4386 quepr
936 4296 1032 4362 αλιέας
1050 4304 1080 4369 (ἰ.
1094 4322 1117 4355 e
1133 4304 1305 4367 perurerer)
1325 4314 1371 4351 nou

251 4387 313 4421 num
328 4372 372 4423 vel
387 4371 468 4437 louge
483 4377 546 4437 post
563 4378 684 4438 tempore
699 4390 789 4424 ecces-
834 4366 936 4430 Ἁλιέας
950 4373 1051 4439 legisse
1069 4375 1131 4425 iude
1146 4381 1276 4441 uppsret,
1297 4371 1370 4422 idem·

250 4458 341 4493 euram
360 4443 476 4508 effugere
495 4442 568 4493 hauri
584 4458 673 4508 pesse.
711 4444 789 4494 Haec
839 4460 890 4509 que
907 4438 1025 4511 (ἁλιέας)
1042 4444 1210 4496 invenitur
1202 4462 1229 4495 ιιι
1243 4443 1370 4511 plerisque
