2970 5128
498 370 679 438 ERATO.
702 369 757 438 VI.
776 378 897 440 stc—52.
1204 366 1265 437 287

146 554 290 640 διέβαλλε
311 546 369 621 τὸν
390 551 599 639 Κλεομένεα,
627 548 693 619 loir
712 546 871 638 βασιλευς
893 551 949 618 καὶ
971 535 1068 628 οὗτος
1090 556 1263 638 Σπαρτιη·

144 658 238 740 rios,
262 661 367 743 οἰκίης
386 654 423 723 δὲ
444 660 502 742 τῆς
516 649 776 741 ὑποδεεστέρης,
798 649 874 723 κατ’
888 651 969 722 ἄλλο
985 653 1047 741 μὲν
1060 651 1164 721 οὐδὲν
1179 649 1263 722 ὑπο-

144 760 307 846 δεεστέρης
321 756 400 840 (ἀπὸ
413 754 479 845 γὰρ
492 762 553 826 τοῦ
567 754 672 826 αὐτοῦ
686 757 876 844 γεγόνασι),
897 754 981 825 κατὰ
996 764 1264 846 πρεσβυγενείην

143 865 179 930 δέ
189 889 251 941 κως
264 867 432 950 τετίμηται
446 866 574 948 μᾶλλον
587 856 607 948 ἡ
623 858 871 950 Εὐρυσθένεος.

210 963 466 1053 Λακεδαιμόνιοι
489 963 554 1052 γὰρ
572 959 806 1051 ὁμολογέοντες
832 959 948 1031 οὐδενὶ
970 967 1091 1050 ποιητῇ
1115 963 1310 1048 λέγουσι,52

337 1197 404 1248 ⁰³·
418 1197 464 1247 ¹⁴¹·
721 1165 839 1282 itit?
852 1161 1262 1286 ili}irritatricis:

185 1296 325 1366 διέβαλλε]
373 1301 433 1350 Hoc
468 1300 578 1365 reposui
610 1315 671 1349 cum
721 1302 1056 1366 dotus,epoiitis(epicis)
1070 1303 1143 1351 eain
1158 1318 1263 1351 recou-

141 1368 226 1419 Scbne
273 1408 297 1428 .,
317 1370 405 1421 Gaisf.
424 1376 452 1420 et
473 1375 588 1422 recentt.
609 1370 670 1420 edd.
721 1373 824 1421 sentire
848 1386 909 1421 cam
931 1371 999 1434 ipsis
1018 1371 1190 1432 Laconibus,
1214 1371 1262 1434 qai

141 1454 182 1503 pro
193 1436 233 1487 διέ
252 1439 309 1489 uls.
334 1441 375 1489 De
389 1441 465 1489 verbi
475 1440 672 1504 significatione
720 1440 920 1491 Aristodemum
930 1440 960 1489 in
967 1440 1115 1490 Laconiam
1127 1442 1262 1489 invasisse

140 1508 171 1556 cl.
188 1507 221 1558 ad
233 1510 270 1572 V,
284 1510 320 1559 35
339 1514 407 1558 nott.
437 1498 589 1571 ὑπομένων
604 1508 672 1557 dici·
721 1512 836 1575 primurn
846 1509 1003 1573 tradebant,
1013 1510 1094 1559 aliter
1103 1514 1186 1574 atque
1198 1511 1262 1573 pob-

140 1581 179 1626 tnr
196 1579 376 1639 Demaratus,
397 1578 458 1644 qui,
480 1593 532 1642 quo
550 1583 671 1641 tempore
723 1587 775 1642 tae,
790 1595 903 1645 quorum
916 1579 1028 1640 famam,
1042 1580 1152 1643 opinor,
1167 1577 1261 1627 retulit

141 1646 287 1699 Cleomenes
314 1649 412 1698 aberat
428 1648 560 1711 Aeginam
583 1648 672 1712 prole·
721 1650 874 1700 Pausanias
885 1648 941 1711 111,
961 1650 984 1698 l.
998 1650 1053 1711 §.5
1073 1648 1131 1712 (ubi
1150 1646 1262 1697 attende

140 1722 206 1776 etas,
222 1717 295 1767 domi
312 1719 341 1767 in
358 1717 533 1782 ipsaSparta
549 1732 672 1767 remane-
721 1720 831 1770 verbum
856 1716 992 1768 adiectum
1018 1710 1147 1781 λέγουσι)
1168 1715 1261 1766 collat.

140 1786 188 1836 bat.
210 1787 242 1837 ln
253 1788 347 1839 verbis
363 1787 483 1852 proxime
496 1787 671 1852 sequentibus
720 1788 823 1854 pror.
840 1787 914 1852 apud
930 1787 1057 1837 Strsben.
1071 1786 1148 1839 Vlll.
1168 1802 1194 1850 p.
1210 1785 1263 1836 cco

140 1855 202 1905 band
218 1859 277 1908 siue
302 1857 334 1905 vi
351 1855 467 1922 quadam
490 1856 672 1921 interponitur
722 1861 781 1907 sive
799 1872 862 1922 pag.
878 1856 927 1907 ll3
946 1859 1034 1907 Marx.
1049 1856 1079 1908 0.
1092 1856 1125 1905 0.
1138 1854 1262 1907 Mueller.

140 1920 181 1973 sci
195 1914 290 1990 οὗτος,
314 1928 333 1976 i.
348 1943 372 1976 e.
391 1926 486 1976 itidem:
506 1924 539 1975 de
559 1941 613 1991 qrro
634 1926 671 1975 cl.
722 1928 741 1980 1.
758 1926 774 1976 l.
792 1929 815 1977 1.
828 1942 890 1993 pag.
904 1924 949 1976 96.
976 1927 1014 1976 Ηί
1030 1928 1100 1975 enim
1113 1925 1262 1990 Eurysthe·

140 1995 283 2047 Fritzsehe:
309 1997 438 2058 Quaestt.
456 1996 540 2047 Luce.
558 2010 620 2060 pag.
637 1995 671 2045 8-1
722 2012 783 2047 nem
795 2002 823 2047 et
834 1995 971 2058 Proclem,
983 1998 1074 2045 occiso
1090 1995 1262 2045 Aristodemo

140 2080 189 2129 seq.
214 2066 277 2116 Bini
291 2066 365 2115 enim
379 2080 440 2114 eum
456 2070 547 2116 essent
561 2064 673 2128 Sparta·
722 2073 809 2132 patre,
822 2071 969 2130 antequam
983 2067 1071 2115 Dares
1084 2065 1172 2130 ipsam
1186 2064 1264 2115 Pelo·

139 2149 223 2185 norum
239 2150 335 2199 reges,
348 2134 419 2184 alter
432 2134 588 2199 Agidsrnm,
603 2133 672 2184 alter
721 2151 871 2201 pounesum
882 2136 1097 2200 ingrederentur,
1105 2140 1206 2185 terram
1220 2150 1265 2184 oc·

140 2204 381 2269 Eurypontidaruur
392 2220 406 2254 e
418 2204 531 2263 familia,
541 2204 614 2269 iique
624 2219 672 2268 ps·
722 2221 839 2270 cupasse
846 2205 1197 2270 probabilitereeeinerant.
1208 2204 1264 2254 Ita-

141 2289 177 2323 res
192 2277 359 2324 auctoritate
383 2281 411 2323 et
434 2272 570 2337 dignatate
591 2274 673 2337 vulgo
722 2291 773 2341 que
785 2277 879 2338 serrium
889 2274 962 2339 apud
973 2274 1202 2339 ipscsSpartenos
1212 2277 1263 2323 val-

140 2341 308 2403 bsbereutur,
337 2344 402 2408 quia
428 2347 545 2407 utraque
569 2343 673 2392 familia
719 2353 805 2409 parom
820 2345 920 2394 Noster
931 2347 1045 2409 opponit
1058 2353 1166 2393 νειενωυ
1176 2347 1263 2406 poitu-

139 2413 259 2478 originem
280 2412 402 2463 ducebat
414 2413 449 2462 ab
460 2412 633 2476 Eurystheus
646 2417 673 2460 et
722 2429 775 2463 ram
785 2414 988 2475 auetoritatl,in
998 2428 1111 2477 quorum
1123 2426 1263 2464 nuurerum

139 2481 237 2543 Proele,
256 2485 305 2549 qui
324 2482 492 2536 Aristodemi
510 2482 557 2531 lilii
572 2482 673 2547 gemini
723 2484 805 2534 etiarn
825 2483 960 2549 lyrica-soa
973 2483 1103 2547 quosdam
1118 2484 1206 2532 minus
1221 2496 1263 2530 re-

140 2566 167 2600 so
182 2567 257 2616 pares
276 2552 417 2616 dignitate
437 2558 464 2601 et
483 2551 536 2616 ipsi
549 2551 674 2621 perhibe·
723 2560 767 2602 cte
789 2553 916 2605 retulisse
934 2551 1028 2611 video,
1050 2567 1111 2601 curn
1131 2552 1157 2601 h.
1178 2552 1195 2600 l.
1216 2565 1262 2600 eos

139 2620 237 2684 bantur,
251 2624 356 2673 Noster
370 2621 411 2671 bis
426 2621 546 2685 ipsorum
560 2622 673 2686 Sparta·
722 2621 813 2686 potius
840 2624 939 2673 Noster
973 2622 1107 2685 respicere
1138 2621 1264 2670 videatur

139 2705 222 2741 norum
234 2692 339 2741 lamam
352 2689 473 2756 opponit,
487 2706 520 2740 ex
534 2693 673 2756 quainter
721 2693 835 2758 poiitas,
863 2692 911 2756 qui
935 2691 1141 2755 antiquissimas
1161 2692 1262 2739 Dorum

139 2764 270 2827 utramque
282 2762 398 2825 stirpem
411 2761 451 2810 sie
462 2759 671 2825 distinguerent,
722 2777 766 2811 res
777 2766 878 2825 gestas,
893 2760 1100 2810 Heraclidarum
1114 2775 1147 2809 sc
1161 2761 1264 2808 Dorum

139 2836 166 2878 ut
178 2830 357 2896 Eurysthenis
373 2830 456 2895 stirps
472 2829 585 2879 alteram
598 2845 674 2894 prae·
723 2831 846 2894 inprimis
860 2832 1047 2895 migrationes,
1066 2829 1122 2879 alia
1136 2831 1163 2878 id
1178 2844 1263 2893 genus

138 2898 184 2948 iret
196 2900 314 2965 honore,
332 2900 393 2965 ipsa
405 2900 498 2949 munia
513 2901 587 3017 regia
606 2899 673 2950 lieet
723 2900 889 2950 carminibus
904 2899 1124 2963 celebraverant,
1142 2900 1189 2963 qni
1202 2900 1264 2947 stir-

139 2970 326 3031 psrisessent.
353 2969 505 3019 adsonem
525 2967 671 3031 οκίηςοί.
724 2986 772 3034 pes
797 2969 1004 3019 Romulidarum
1029 2970 1121 3031 regias
1147 2968 1265 3017 deduxe-

140 3036 224 3098 1,107
243 3041 338 3104 ibique
352 3043 421 3089 nott.
454 3039 539 3100 Quam
553 3038 674 3088 Herode·
724 3039 1264 3103 rant,sedesabHeraclidiscaptssre-

139 3111 177 3156 tus
195 3108 239 3158 hie
258 3109 330 3160 dicit
350 3104 581 3172 πρεσβυγενείην,
602 3108 673 3158 Ρου·
722 3124 831 3174 guoque
846 3108 957 3159 condita
972 3116 1175 3159 enarraveraut.
1201 3108 1264 3157 Vid.

139 3192 190 3226 ssu.
203 3179 258 3243 111,
272 3179 300 3230 3.
315 3180 340 3240 §-
353 3179 369 3228 8
388 3179 499 3227 vocavit
512 3173 674 3243 πρεσβειήν,
724 3194 832 3243 queque
848 3177 878 3227 Ο.
894 3178 927 3229 Ο.
940 3178 1062 3229 Mueller.
1075 3177 1094 3228 l.
1110 3179 1127 3227 l.
1150 3179 1172 3228 I.
1190 3193 1216 3241 p.
1230 3175 1262 3227 bl

139 3246 154 3296 i.
167 3263 188 3296 e.
208 3248 353 3313 dignitatem
370 3249 478 3296 senioris
497 3249 555 3297 sive
573 3248 676 3297 alcioris
723 3247 787 3299 coll.
804 3246 847 3298 bil.
883 3251 922 3297 Ae
945 3253 1088 3312 praeterea
1110 3250 1194 3297 etiarn
1218 3260 1265 3309 per

139 3325 200 3365 νυυι.
226 3318 269 3369 Ol.
285 3315 403 3368 Siebelis
418 3317 454 3367 ad
469 3315 495 3365 b.
511 3316 529 3365 l.
550 3332 614 3382 pag.
633 3316 671 3365 10.
722 3316 832 3381 singula
842 3317 980 3369 Laconiae
994 3319 1096 3382 oppida
1110 3316 1211 3367 multae
1226 3314 1266 3364 fa-

722 3387 805 3437 bulae
816 3403 848 3437 ae
860 3386 1022 3437 traditiones
1035 3387 1068 3436 de
1080 3386 1121 3436 bis
1132 3387 1214 3436 rebus
1224 3385 1266 3434 vi·

333 3489 399 3540 ⁰³¹²·
412 3490 472 3540 ru.
723 3454 1266 3591 {¹52¹‘alpratli'aqlrtitrtr

169 3585 390 3655 Λακεδαιμόνιοι
412 3585 464 3654 yolo
482 3607 509 3645 κ.
524 3606 549 3644 τ.
563 3589 601 3656 i]
630 3591 676 3641 Se·
724 3564 795 3645 noti.
806 3595 840 3645 ad
853 3564 1031 3660 lli,55),ips’e
1042 3595 1266 3661 perlustraverat,

140 3661 223 3721 quitur
247 3661 274 3712 lr.
301 3661 321 3711 l.
347 3662 481 3727 digressio
508 3662 541 3712 de
566 3662 674 3725 regibus
725 3665 782 3716 euris
806 3680 928 3729 quasque
951 3665 1020 3716 locis
1053 3665 1161 3730 accepit
1184 3666 1266 3729 inque

140 3726 340 3794 Spartanorum,
352 3748 422 3796 quse
436 3732 567 3797 perducta
579 3737 620 3780 est
632 3747 677 3780 us·
726 3750 795 3799 opus
813 3750 890 3783 suum
902 3735 1006 3785 retulit.
1029 3735 1097 3785 Inde
1111 3733 1205 3800 procul
1220 3733 1268 3783 du·

142 3813 187 3861 que
201 3800 308 3865 adcap.
319 3801 439 3852 coinel:
458 3802 583 3866 adquam
596 3817 676 3866 spon·
725 3804 772 3854 bio
787 3805 939 3864 fluxerunt,
959 3819 1029 3869 quae
1047 3805 1073 3853 b.
1088 3804 1106 3853 l.
1121 3803 1267 3854 memoriae

141 3872 165 3916 te
176 3868 304 3920 Nostrum
320 3870 491 3921 deducebant
504 3888 546 3933 ea,
563 3886 632 3935 quae
648 3872 675 3919 iu
726 3873 886 3939 prodantur,
898 3875 1005 3923 firmata
1014 3877 1096 3923 etiam
1107 3872 1268 3938 Xenophon—

141 3939 255 3999 proxime
275 3940 502 3991 antecedentibus
520 3942 553 3991 de
566 3946 676 3991 conten·
725 3944 763 3994 tis
784 3945 967 4006 auctoritate,
989 3945 1036 4009 qui
1053 3945 1142 4008 ipsum
1162 3947 1268 4009 patrem

141 4006 211 4057 tione
228 4009 381 4059 interduos
399 4025 491 4074 reges,
505 4010 675 4061 Cleomenem
725 4012 945 4075 Aristodemum,
976 4029 1063 4077 neque
1090 4014 1161 4063 lilios
1192 4027 1267 4074 suos,

142 4076 543 4139 etDemarstum,narrarerat:
563 4096 632 4145 quae
647 4084 678 4130 ut
727 4082 855 4147 Spartam
870 4084 991 4134 tenuisse
1008 4084 1103 4134 scribit
1122 4084 1150 4132 in
1166 4080 1268 4146 Agesil.

144 4146 233 4197 melius
253 4148 484 4213 intelligerentur,
505 4150 533 4198 iu
550 4150 621 4200 banc
636 4150 677 4199 di·
727 4152 754 4203 8.
769 4155 793 4213 §-
808 4153 822 4200 7
837 4152 898 4202 coll.
909 4153 1046 4203 Plutarch.
1058 4152 1162 4217 Agesil.
1176 4152 1216 4201 19.
1235 4150 1268 4198 In

144 4217 306 4276 messionem
330 4218 431 4270 abiisse
455 4219 555 4269 Noster
579 4226 676 4284 putun-
727 4219 784 4271 ulia
803 4222 860 4271 abit
876 4223 1032 4288 Polyaenus
1051 4222 1078 4283 1,
1097 4224 1129 4273 10
1145 4219 1268 4270 Proelem

144 4283 190 4333 (3¹1³
204 4291 254 4336 ett-
728 4296 756 4341 et
770 4292 918 4342 Temenum
938 4293 1168 4343 Lacedaemonem
1186 4303 1270 4351 expu-

192 4346 387 4418 ipoleys'ovsse
415 4346 514 4406 οὐδενὶ
551 4354 674 4424 ποιητῇ]
728 4377 827 4425 gnasse
845 4376 970 4412 narrans.
1012 4361 1165 4411 Aristodemi
1183 4371 1269 4421 genus

146 4420 256 4474 Sensum
274 4425 327 4477 loci
346 4433 420 4477 recte
438 4427 678 4493 cepitSchweigb.
729 4431 804 4496 qued
825 4432 941 4494 attinet,
964 4432 1045 4481 iidem
1066 4430 1199 4488 maiores,
1223 4425 1270 4492 qui
