2986 5130
262 388 324 455 658
699 386 965 452 HERODO'PI

262 567 335 636 τότε
345 565 587 653 Θεμιστοκλέης
600 561 770 652 ἀνέγνωσε
785 562 996 653 Ἀθηναίους,
1010 571 1068 655 τῆς
1081 568 1255 653 διαιρέσιος
1262 562 1401 652 rummare

263 672 515 758 παυσαμένους,
538 670 616 747 νέας
635 667 764 737 τούτων
782 675 850 737 τῶν
863 670 1042 757 χρημάτων
1059 669 1261 758 ποιήσασθαι
1276 674 1366 755 διηνο-

166 780 172 794 ’
263 784 354 859 σίας,
377 777 410 852 ἐς
431 770 490 841 τὸν
505 770 651 859 πόλεμον
664 770 723 840 τὸν
737 770 818 861 πρὸς
834 772 1016 861 Αἰγινήτας
1029 776 1148 859 λέγων.
1183 763 1274 852 οὗτος
1290 766 1368 858 γὰγὸ

262 976 375 1035 mimus,
398 974 458 1038 ipso
476 977 588 1023 auctore
606 973 748 1023 Herodoto
767 972 801 1029 V.
853 974 1037 1038 quattuorvir.
1057 990 1084 1039 p.
1102 974 1150 1025 187
1164 974 1239 1025 lebb.
1260 980 1285 1023 et
1296 970 1369 1023 Sohol,

261 1045 310 1105 97,
332 1043 378 1092 ubi
391 1042 446 1091 rid.
461 1048 547 1105 nott,
572 1043 681 1093 exsistit
697 1056 802 1094 summa
852 1043 965 1094 Aristid.
979 1043 1026 1106 (ad
1038 1060 1065 1108 p.
1077 1042 1181 1109 309A.)
1198 1041 1312 1109 pauido
1325 1056 1371 1105 seq.

261 1115 439 1179 quinquaqinta
452 1111 616 1162 talentorum
636 1114 693 1163 sive
706 1112 802 1175 numo
852 1113 969 1162 Fronrm.
1000 1113 1139 1164 Dissentit
1150 1113 1270 1164 nonnihil
1281 1111 1371 1162 Cornel.

238 1183 371 1233 ·tirulerr.
393 1182 500 1247 (7²‚384
516 1181 625 1231 thalerr.
645 1185 661 1231 2
679 1196 766 1246 gross.
787 1196 802 1231 e
853 1182 944 1246 Nepos
964 1181 993 1232 in
1011 1182 1174 1234 Thenete
1194 1183 1253 1246 (nbi
1268 1181 1318 1232 rid.
1331 1195 1372 1231 rau

261 1253 376 1303 Wurmii
385 1250 518 1315 ratione);
532 1252 632 1317 viginti
642 1250 714 1303 mille
728 1252 801 1301 oives
853 1252 1015 1316 Starereu),
1032 1253 1079 1318 qui
1096 1252 1166 1303 idem
1178 1269 1238 1304 cunr
1251 1249 1374 1314 Plutarcho

261 1323 347 1373 inisse
367 1323 391 1372 ei
405 1337 504 1387 ponas.
525 1321 803 1371 tuleutaefiioiuntur
854 1327 882 1372 et
894 1320 1033 1387 Polyaeno
1052 1331 1146 1372 eertum
1161 1323 1241 1373 modo
1259 1324 1375 1386 ponitur-

260 1393 311 1459 334
330 1394 389 1442 sive
406 1391 502 1449 48:256
519 1390 631 1441 thaleri.
653 1392 664 1440 l
684 1406 799 1456 grosse
853 1408 916 1453 ves,
936 1392 983 1441 nbi
995 1392 1116 1442 ducentur
1135 1392 1217 1443 affert
1231 1390 1374 1442 Herodotus.
1447 1428 1448 1433 ,

260 1463 377 1512 Wurmii
391 1460 512 1513 calculis.
548 1461 647 1526 ltaque
659 1460 799 1525 probabile
848 1461 974 1512 Pluribus
993 1459 1060 1511 haee
1079 1465 1254 1528 persequitur
1273 1462 1376 1524 lirneqer

261 1538 316 1594 est,
343 1546 461 1581 annuum
475 1531 606 1591 reditum,
625 1536 657 1580 ut
673 1530 800 1593 diximus,
849 1532 935 1596 (Hist.
955 1530 1079 1596 philolog.
1096 1532 1175 1581 stud.
1190 1547 1253 1597 pag.
1267 1527 1376 1591 uzi-re),

260 1603 333 1652 intre
347 1602 462 1666 trigiute
480 1599 721 1665 autquedregintn
737 1615 801 1649 oon·
850 1600 895 1665 qui
917 1616 987 1666 quae
1010 1600 1046 1650 ab
1066 1601 1209 1651 Herodoto
1238 1599 1377 1659 traduntur,

260 1673 366 1722 stitisse
380 1671 492 1721 talentu.
525 1669 643 1720 Dubitat
662 1677 753 1720 temen
766 1670 799 1719 de
849 1686 915 1720 veru
927 1686 987 1721 esse
1001 1676 1098 1735 negat,
1116 1672 1171 1720 nisi
1189 1686 1260 1736 quae
1277 1684 1376 1735 sequnn-

260 1742 312 1791 hao
335 1741 547 1792 ratiocinatione
564 1740 649 1790 Grote
672 1740 799 1805 (History
850 1744 895 1790 tur
906 1740 1026 1790 eiusdem
1041 1739 1213 1817 rerbefhuno
1228 1741 1376 1791 iereinuo-
1447 1772 1448 1800 q

260 1812 291 1862 oi
303 1811 405 1862 Greeoe
420 1810 451 1858 V.
465 1825 529 1875 pag.
544 1807 577 1858 73
589 1808 675 1875 seq),
691 1824 750 1858 oum
767 1823 799 1858 ex
850 1808 913 1859 dum
927 1814 1079 1860 mutentur:
1099 1809 1187 1859 αυταί
1194 1826 1226 1859 τε
1238 1805 1273 1874 dq'
1287 1803 1316 1861 ui
1327 1806 1377 1862 νέες

258 1881 394 1931 Herodoti
416 1878 477 1928 loeo
503 1879 550 1929 vix
570 1878 696 1928 concludi
719 1893 799 1943 posse
850 1871 887 1926 ul
901 1872 965 1939 uls
979 1880 1054 1927 τοῖσι
1067 1870 1378 1943 Ἀθηναίοισινιοοιιοιη·

258 1952 422 2011 arbitretur,
442 1965 534 2001 oruruun
553 1947 724 1998 metallorum
740 1963 799 2011 pro·
848 1948 945 1997 uatum
971 1940 1117 2012 ὑπῆρχον,
1142 1938 1241 2012 ἑτέρας
1269 1941 1304 1997 dl
1327 1946 1377 2013 (pro

258 2017 797 2076 ventumiuteroireedistributuuresse3
847 2018 920 2082 vulg.
940 2019 979 2081 τε)
1003 2011 1062 2066 ἔθεε
1083 2012 1377 2082 προσναυπηγέεσθαι

256 2098 354 2152 purtem
366 2088 458 2152 potins
470 2102 577 2148 eorum,
591 2102 661 2151 quae
676 2103 690 2136 e
703 2086 799 2136 nrotul-
847 2088 919 2152 quod
934 2089 988 2138 nisi
1000 2087 1119 2152 placeat,
1133 2104 1229 2139 rocem
1241 2085 1377 2151 dequarius

258 2158 291 2207 lia
303 2160 331 2207 in
341 2158 475 2207 aerarium
486 2158 595 2206 omnino
604 2156 736 2206 redierint
745 2157 797 2205 ibi·
847 2171 958 2221 prorsus
971 2158 1031 2208 tolli
1046 2157 1117 2209 idem
1132 2158 1202 2210 vult.
1242 2159 1308 2209 Mihi
1322 2171 1379 2207 neu·

259 2244 312 2294 que
328 2226 606 2289 asservatafuoriut,
625 2224 797 2276 indistribu·
847 2233 917 2276 trum
940 2226 1047 2291 placet:
1078 2228 1107 2277 iu
1133 2227 1249 2293 vulgata
1279 2228 1381 2278 lectione

259 2300 360 2348 tionem
375 2295 481 2346 venisse
499 2301 578 2361 putat
598 2312 630 2345 ao
642 2295 795 2345 Themisto·
848 2312 909 2346 oum
924 2296 984 2350 edd.
1003 2303 1118 2350 reeeutt.
1141 2299 1319 2363 acquiescere
1336 2312 1381 2345 ma·
1447 2296 1448 2343 3

260 2367 505 2426 dissenentium,
527 2381 607 2432 quarn
626 2365 726 2430 populo
740 2380 800 2430 per·
849 2364 985 2431 iniquam
1006 2382 1079 2429 nova
1094 2382 1226 2433 quaerere
1246 2383 1330 2434 enque
1346 2365 1383 2415 nd·

259 2437 393 2498 suaserit,
419 2452 450 2486 eo
473 2441 628 2501 spectasse,
655 2440 686 2484 ut
709 2437 799 2497 οιιοιία,
850 2436 958 2486 modum
980 2436 1087 2487 ineerta
1106 2452 1157 2487 neo
1179 2437 1261 2489 libris
1285 2438 1382 2502 seriptis

259 2522 328 2572 quae
342 2509 370 2556 in
383 2506 487 2556 aerario
502 2512 594 2555 essent
606 2505 745 2570 deposito,
764 2504 799 2555 ed
849 2505 974 2568 probata.
1002 2507 1033 2555 Id
1047 2522 1128 2556 unum
1142 2506 1287 2558 adiiciam:
1306 2510 1381 2571 ipsun

259 2593 343 2627 neres
369 2576 543 2627 fabricandus
567 2579 799 2636 consumerentur,
849 2574 1035 2638 Thucydidem
1045 2575 1204 2627 confirmare
1216 2574 1384 2643 ea,quseeb
1447 2534 1448 2615 l

259 2645 387 2711 nulleque
399 2646 483 2695 etiam
496 2646 559 2695 iude
578 2644 737 2695 distributio
753 2660 800 2709 pe·
849 2644 988 2694 Herodoto
1002 2645 1161 2708 traduntur,
1182 2662 1244 2697 uum
1259 2651 1287 2698 in
1302 2662 1385 2711 prooe-

258 2717 401 2766 ouniurunr
420 2717 491 2765 inter
502 2716 576 2764 oives
589 2714 675 2765 fieret.
704 2716 801 2765 ante·
849 2714 903 2762 mio
918 2715 946 2773 1,
960 2714 993 2764 14
1007 2714 1218 2767 Atheniensium
1235 2726 1266 2767 et
1280 2717 1384 2783 Aegine

258 2783 800 2849 rumhuuepeonnlurumemetallispro·
851 2788 940 2833 terum
966 2798 1022 2833 rem
1046 2786 1173 2836 navalem
1198 2787 1265 2837 olim
1290 2794 1386 2838 tenuem
1447 2790 1448 2877 q

259 2856 425 2905 venientium
445 2854 666 2904 distributionem
686 2855 800 2919 antiqno
851 2867 912 2903 esse
939 2854 1043 2904 scribat
1067 2860 1150 2919 atque
1173 2856 1243 2908 haee
1265 2859 1385 2907 contiuuo

259 2940 292 2975 ex
310 2940 383 2975 more
402 2924 503 2975 factem
522 2940 581 2974 esse
602 2923 708 2974 indicat
729 2924 800 2974 idem
851 2922 950 2972 addat:
971 2915 1027 2985 ὀψέ
1044 2937 1073 2973 ια
1096 2916 1151 2989 ἀφ’
1170 2913 1206 2974 οὗ
1226 2921 1386 2991 Ἀθηναίους

257 2993 378 3044 Boeolrh.
391 2992 416 3041 h.
430 2993 447 3044 l.
462 3009 487 3057 p.
503 2993 561 3043 112.
850 2988 1042 3057 Θεμιστοκλῆς
1050 2988 1338 3061 ἔπεισένΑἰγινήταις
1347 3008 1385 3043 πο

293 3053 444 3126 ἀνέγνωσε]
466 3063 483 3109 i.
505 3077 528 3110 e.
542 3061 682 3125 persuasit.
718 3059 799 3109 Cous.
850 3060 1004 3125 leperistere
1022 3059 1071 3111 nul
1091 3052 1151 3127 ἅμα
1175 3064 1229 3115 τοῦ
1249 3060 1385 3132 βαρβάρου

258 3132 281 3194 Ι,
296 3132 331 3181 68
347 3136 374 3182 et
387 3146 456 3196 quse
469 3130 610 3194 plurimae
623 3129 723 3178 Nostro
735 3145 800 3179 oon·
849 3127 1046 3195 προσδοκίμου
1058 3123 1143 3190 ὄντος
1160 3130 1212 3192 τὰς
1222 3135 1298 3193 ναῦς
1315 3126 1388 3197 παιή-

257 3202 343 3265 gessit
356 3199 472 3250 Bredov.
493 3214 555 3264 pag.
569 3200 629 3250 352.
667 3199 745 3260 Quod
763 3199 798 3249 ad
849 3198 973 3263 σασθαι,
993 3196 1095 3264 αἷσπερ
1115 3196 1385 3269 internuptiarum
1447 3220 1448 3223 ’

257 3271 346 3335 ipsam
364 3286 418 3319 reru
438 3269 553 3329 attinet,
575 3273 670 3317 narret
690 3284 798 3333 qnoque
848 3269 915 3320 Inde
936 3272 1030 3322 eodem
1049 3276 1121 3324 teste
1138 3273 1177 3338 (1,
1198 3274 1243 3340 18)
1265 3268 1298 3323 οἴ
1314 3273 1387 3336 Ἀθη·

257 3340 412 3404 Polyaenus
425 3338 448 3402 1,
458 3337 498 3388 30.
510 3341 535 3401 ξ.
547 3338 573 3399 5,
588 3337 796 3389 Themistoclem
848 3341 927 3389 ναῖοι
940 3332 1081 3391 ἐπιόντων
1090 3340 1149 3392 τῶν
1160 3340 1320 3407 Μήδων-
1329 3360 1388 3393 nun

258 3412 286 3459 in
307 3408 377 3460 hello
395 3408 527 3458 adversus
546 3407 708 3472 Aeginetae,
737 3423 798 3458 eum
847 3405 922 3459 traol
940 3400 1081 3473 ἐγένοντο.
1123 3415 1165 3463 De
1187 3416 1316 3479 genitivo
1333 3405 1387 3462 rori
1447 3432 1448 3495 q

257 3478 437 3529 Athenienses
452 3476 555 3527 reditus
573 3494 605 3528 ex
621 3478 798 3542 argentifodi-
847 3494 905 3527 τιον
925 3478 977 3543 (sio
997 3481 1072 3532 edidi
1094 3498 1144 3548 pro
1172 3480 1311 3550 τουτέων)
1337 3478 1386 3531 noir
1447 3504 1448 3517 ι

257 3551 310 3612 nis,
323 3552 432 3599 eentum
445 3547 558 3610 talenta,
571 3547 733 3597 distribuere
743 3548 798 3597 rel·
847 3546 1000 3612 χρημάτων
1019 3551 1092 3605 eoni.
1115 3553 1216 3606 Matth.
1232 3553 1283 3606 Gr.
1300 3555 1345 3604 Gr.
1364 3556 1385 3614 5.

257 3619 327 3679 lent,
344 3618 371 3667 id
385 3617 560 3682 impedirisse
570 3616 725 3681 populoque
739 3633 797 3681 per·
847 3617 907 3677 364,
924 3618 951 3668 b.

257 3690 394 3750 suasisse,
414 3693 445 3737 ut
456 3694 564 3737 eentum
574 3687 640 3736 riris
653 3686 796 3738 ditissimis
881 3680 932 3736 τὸν
950 3682 1024 3749 πρὸς
1039 3681 1190 3754 Αἰγινήτας
1209 3690 1312 3757 λέγων]
1334 3692 1351 3742 i.
1366 3704 1388 3739 e.

255 3758 369 3823 singulis
386 3756 520 3807 talentum
542 3755 654 3809 deretur
670 3755 704 3805 ed
724 3772 796 3807 sum·
845 3757 933 3809 bellum
945 3759 1085 3823 iutellipena
1096 3760 1180 3825 (quod
1195 3777 1235 3813 so.
1251 3760 1386 3821 instabat)

257 3833 318 3891 ptus
335 3829 363 3877 in
382 3827 496 3877 classem
518 3825 667 3876 faciendos.
705 3826 795 3891 Atque
845 3828 1048 3893 eumAepinetir.
1076 3831 1147 3894 Apte
1162 3830 1298 3884 Valcken.
1311 3832 1386 3881 alfort

256 3896 305 3947 lros
315 3897 387 3947 viros
396 3895 516 3961 singulos
527 3895 603 3945 addit
611 3896 744 3946 triremem
755 3896 795 3947 ei·
845 3898 961 3949 isocrat.
979 3898 1009 3946 in
1024 3898 1139 3949 Panath.
1155 3916 1182 3964 p.
1200 3902 1298 3952 2771).
1318 3901 1386 3968 [esp.

257 3967 355 4017 iecisse
371 3966 571 4030 maximumque
584 3965 636 4015 hue
648 3966 677 4015 in
690 3981 719 4015 re
736 3972 795 4016 stu-
844 3967 887 4018 85.
899 3971 923 4031 5.
935 3965 1013 4031 nlo]‚
1029 3969 1075 4018 uhi
1089 3969 1214 4020 similiter
1225 3973 1341 4021 verbnm
1351 3963 1387 4017 λα’·

255 4036 328 4086 dium
338 4035 498 4101 praebentes
508 4034 717 4086 Atheniensibus
726 4035 795 4085 olas·
844 4052 903 4100 γων
914 4042 1071 4100 usurpetur.
1109 4039 1148 4089 Ae
1164 4040 1266 4090 σίααιιίι·
1279 4042 1385 4091 verbum

256 4122 311 4156 eom
330 4120 456 4171 parasse,
479 4121 533 4171 qna
552 4120 605 4156 uon
623 4110 729 4155 tautum
750 4105 798 4155 ud·
847 4108 887 4155 ite
902 4106 1016 4156 adhibet
1029 4107 1124 4160 Cicero
1138 4110 1179 4158 De
1190 4109 1256 4159 fiun.
1272 4114 1306 4171 V,
1322 4111 1347 4161 3.
1358 4136 1386 4144 ·-

193 4217 199 4228 .
256 4191 351 4225 versus
362 4176 517 4239 Aeginetae,
530 4174 577 4228 sed
590 4180 685 4224 eontra
698 4177 796 4225 Persas
846 4177 888 4226 De
898 4177 957 4240 ipso
969 4176 1039 4226 hello
1050 4179 1208 4243 Aeginetico
1218 4180 1278 4229 rid.
1288 4178 1385 4230 Herod.

255 4246 392 4295 etiamusi
405 4246 471 4294 sint.
499 4247 575 4308 Quae
587 4244 794 4295 ahHerodoteis
846 4247 886 4307 V,
901 4247 936 4297 82
955 4260 1012 4310 seq.
1034 4249 1086 4311 vl,
1105 4249 1138 4299 87
1158 4263 1232 4316 seqq.
1249 4249 1314 4299 ooll.
1329 4247 1388 4300 Plu·

255 4314 379 4364 nonnihil
398 4315 535 4367 differunt.
572 4315 742 4365 Herodotum
766 4315 794 4365 iu
846 4315 998 4368 tarolr.l.l.

254 4384 307 4434 heo
331 4385 488 4435 narratione
512 4387 636 4450 seqnitur
653 4384 792 4434 Plutarch.
880 4372 964 4442 οὗτος
983 4377 1035 4448 γὰρ
1055 4379 1070 4434 ὁ
1089 4377 1212 4450 πόλεμος
1235 4378 1344 4443 συστὰς
1359 4399 1383 4431 α.

255 4453 454 4506 Themistocli
470 4455 531 4505 init.
542 4453 655 4504 Aristid.
669 4454 747 4503 Oret.
758 4453 791 4503 do
843 4469 867 4503 τ.
887 4452 923 4520 l.]
950 4455 991 4505 Ad
1015 4454 1179 4507 locutionem
1205 4446 1232 4521 (ὁ
1260 4448 1385 4520 πόλεμος
