2970 5128
198 361 260 423 314
630 356 897 422 HERODOTI

198 537 287 631 ρήτφ
316 537 464 619 ἐξέτισε..
494 532 716 623 ἐστρατήγησε
743 540 1039 622 Λακεδαιμονίοισι
1066 536 1099 614 ἐς
1125 538 1334 620 Θεσσαλίην·

198 638 324 728 παρεὸν
339 643 379 708 δέ
390 644 425 708 οἱ
433 633 608 726 ὑποχείρια
623 640 732 708 πάντα
745 639 968 728 ποιήσασθαι,
983 635 1214 726 ἐδωροδόκησε
1227 632 1333 723 ἀργύ-

198 772 273 832 ριον
287 742 383 812 πολύ.
419 739 472 811 ἐπ’
488 739 678 833 αὐτοφώρῳ
692 742 729 811 δέ
749 738 851 821 άλούς
870 738 975 810 αὐτοῦ
997 744 1035 810 ἐν
1050 743 1335 834 τῷστρατοπέδῳ,

198 846 439 933 ἐπικατήμενος
461 850 584 932 χειρίδι
603 850 687 933 πλέη
709 842 892 933 ἀργυρίου,
913 853 1020 931 ἔφυγε
1042 847 1079 913 ἐκ
1093 844 1252 931 Σπάρτης
1268 838 1336 910 ὑπὸ

199 949 415 1037 δικαστήριον
435 943 617 1037 ὑπαχθείς,
638 950 695 1016 καὶ
714 947 755 1017 τά
774 955 864 1018 οίκία
884 953 920 1016 ol
931 947 1139 1036 κατεσκάφη·
1176 954 1284 1034 ἐφυγε
1298 945 1335 1013 δὲ

200 1059 233 1135 ἐς
259 1057 402 1141 Τεγέην,
427 1053 483 1119 καὶ
504 1053 698 1140 ἐτελεύτησε
720 1055 758 1121 ἐν
781 1053 896 1140 ταύτῃ.
931 1057 1037 1120 ταῦτα
1059 1051 1120 1139 μὲν
1139 1048 1181 1139 δὴ
1204 1051 1336 1138 ἐγένετο

200 1155 310 1248 χρόνῳ
328 1153 480 1243 ὕστερον.
555 1205 559 1212 -

153 1277 193 1337 73
286 1260 367 1329 Τότε
388 1259 424 1327 δὲ
446 1254 490 1338 ὡς
511 1262 558 1350 τῷ
571 1257 757 1345 Κλεομένει·
775 1253 942 1346 εὐωδοάδη
961 1255 998 1325 τὸ
1012 1260 1045 1337 ἐς
1057 1254 1118 1325 τὸν
1132 1253 1338 1344 Δημάρητον

202 1368 353 1451 πρῆγμα,
377 1359 496 1430 αὐτίκα
512 1359 718 1449 παραλαβών
732 1367 940 1447 Λευτυχίδεα
956 1358 1008 1447 ἥδε
1031 1361 1084 1428 ἐπὶ
1099 1357 1175 1438 τούς
1192 1358 1335 1445 Αἰγινη-

199 1493 274 1554 τας,
298 1466 413 1535 δεινόν
433 1464 509 1535 τινά
526 1485 588 1553 σφι
614 1470 753 1551 ἔγκοτον
773 1461 829 1532 διὰ
858 1462 918 1531 τὸν
938 1460 1216 1553 προπηλακισμὸν
1238 1469 1335 1548 ἔχων.

236 1626 280 1685 ἐπ’
300 1627 460 1704 αὐτοφώρῳ
479 1630 510 1685 δὲ
524 1627 622 1700 α’λοὺς]
643 1637 661 1685 i.
677 1651 701 1686 e.
716 1606 741 1687 ίιι
792 1634 894 1686 Grccce
913 1636 949 1685 lI.
966 1651 993 1700 p.
1009 1633 1060 1685 473
1081 1631 1262 1699 (Griechiach.
1278 1632 1337 1694 My·

199 1707 333 1771 ipsosurto
343 1709 601 1771 αδείὶιιομαριααιί,
612 1708 743 1769 utaiunt,
791 1704 895 1770 tholog.
911 1711 964 1756 etc.
982 1707 1038 1755 Vou
1052 1703 1174 1755 Fischer.
1189 1703 1228 1752 11.
1241 1719 1268 1767 p.
1284 1700 1336 1751 335

202 1777 381 1840 deprehensor,
396 1783 427 1826 ut
436 1777 483 1837 IV,
498 1775 657 1838 137.V11,o.
669 1776 741 1826 Plat.
793 1774 874 1839 seq.),
888 1774 1012 1825 Gabriel:
1026 1775 1066 1824 De
1077 1771 1338 1839 magistratuum-

200 1846 315 1911 Apolog.
339 1862 364 1910 p.
383 1847 456 1898 2213.
492 1845 575 1895 Plura
593 1845 739 1909 Spauhem.

202 1917 238 1965 ad
250 1914 388 1979 Aristoph.
403 1915 478 1964 Plut.
490 1917 550 1965 455.
585 1914 627 1964 An
641 1908 740 1978 αὐτοῦ,

202 1987 248 2035 cui
266 2000 329 2034 mox
346 1984 491 2034 subiicitur
515 1976 545 2033 ἐν
570 1980 609 2049 τῷ
627 1997 742 2046 στρατο-

201 2048 288 2118 πέδῳ,
300 2053 372 2102 coni.
388 2054 435 2115 IV,
449 2054 505 2103 135.
520 2054 556 2112 ΙΙ,
567 2052 610 2105 40.
627 2053 697 2105 Add.
709 2053 743 2103 ad

200 2122 341 2174 Plutarch.
366 2122 461 2186 Pyrrh.
487 2128 586 2171 notata
610 2138 672 2188 pag.
693 2123 743 2173 141

201 2209 259 2258 aeq.
275 2190 377 2241 Herod.
388 2191 450 2253 VII,
465 2191 522 2240 124.
537 2193 629 2242 Amcis
644 2193 678 2242 ad
689 2194 744 2242 llo·

202 2264 269 2312 meri
284 2262 383 2326 Odyse.
396 2261 444 2323 IX,
458 2260 501 2311 29.

237 2323 441 2394 ἐπικατήμενος
455 2325 557 2393 χειρίδι
571 2328 640 2396 πλέη
658 2320 744 2395 ἄργυ-

203 2398 277 2466 ρίου]
299 2401 316 2450 i.
334 2416 358 2450 e.
378 2401 489 2451 iruidenr
504 2404 616 2450 ιιιααίοοε
636 2402 744 2463 pecunia

200 2474 301 2533 plenae.
337 2470 424 2535 Vulgo
444 2465 517 2534 χειρ1
544 2466 646 2535 διπλῇ,
671 2471 744 2535 qnod

202 2556 264 2590 cum
280 2541 436 2591 vissanum
451 2555 510 2589 esse
522 2541 620 2603 possit,
637 2540 745 2590 Wease-

201 2609 281 2675 lingii
291 2608 419 2674 (Dissert.
433 2609 566 2660 Herodot.
579 2609 628 2659 XI.
641 2625 667 2674 p.
683 2608 742 2672 100)

202 2681 355 2745 recepimus
375 2679 606 2739 emendationem,
631 2677 743 2744 reliquia

202 2750 285 2800 etiam
293 2748 353 2799 edd.
362 2750 505 2814 probatam
514 2745 618 2812 χειρίδι
628 2743 707 2812 πλέη,
718 2749 744 2798 si

203 2820 309 2884 quidem
322 2818 488 2883 Spartanum
505 2819 656 2884 cogitemus
671 2833 743 2868 scor-

201 2898 243 2938 tea
261 2890 290 2937 in
303 2891 416 2950 manica,
436 2902 579 2938 crumenae
596 2887 671 2951 loco,
697 2889 744 2937 ab·

202 2957 343 3008 scondiase
356 2960 485 3023 pecunias
499 2957 593 3006 furtim
603 2962 741 3022 acceptas.

200 3029 242 3078 De
254 3043 304 3077 usu
313 3024 369 3075 τῶν
381 3024 512 3090 χειρίδων
522 3026 744 3078 citantEuatath.

203 3095 239 3145 ad
257 3096 356 3161 Odyes.
371 3096 476 3156 XXIV,
493 3095 545 3145 ‘229
563 3101 590 3145 et
610 3097 645 3147 ad
661 3111 743 3160 argu-

203 3172 322 3215 mentum
333 3164 387 3213 loci
399 3165 544 3215 conferunt
555 3166 674 3218 Pausan.
688 3166 743 3225 ΙΙΙ,

202 3236 227 3287 7.
248 3237 272 3296 ἕ.
286 3236 318 3296 8,
338 3235 386 3283 ubi
399 3233 536 3285 Aleuadac
551 3235 744 3286 Thessalorum

202 3303 367 3353 nobilissimi
390 3304 547 3354 indicantur
571 3304 744 3371 corruptelae

202 3378 340 3424 auctores.

239 3434 294 3492 ὑπὸ
314 3433 499 3507 δικαστήριον
512 3435 667 3507 ὑπαχθεὶς]
691 3436 743 3492 ὑπ-

200 3507 279 3576 άγειν
296 3514 424 3563 Timaeue
445 3513 473 3560 in
485 3513 551 3563 Lex.
570 3513 640 3562 Plat.
660 3529 744 3578 espo-

202 3585 243 3632 nit
256 3576 296 3640 εἰς
309 3579 394 3644 δίκην
405 3572 532 3645 ἐνάγειν,
546 3582 582 3630 αδ
591 3584 630 3631 ius
641 3598 743 3634 vocare.

202 3652 285 3703 Plura
302 3650 446 3704 Ruhnken.
464 3652 499 3701 od
522 3651 546 3700 h.
570 3651 587 3700 l.
606 3667 670 3716 pag.
692 3652 743 3705 203

202 3738 261 3787 aeq.
285 3722 327 3771 Ex
341 3720 615 3783 Herodot.00nf.V1‚
628 3722 670 3771 82.
685 3722 744 3773 104.

204 3792 262 3842 130.
285 3792 339 3853 IX,
358 3789 392 3840 93
417 3790 483 3855 ibiq.
506 3790 638 3840 Valchcn.
671 3790 742 3842 Ado.

202 3859 340 3911 Plutarch.
348 3860 403 3911 Vit.
415 3861 484 3912 Mar.
496 3861 535 3909 14.
550 3858 684 3910 Kuehncr.
696 3860 742 3910 Gr.

203 3928 250 3978 Gr.
266 3932 290 3992 §-
304 3930 364 3979 017.
379 3928 438 3991 ΙΙΙ,
450 3944 476 3978 a.
507 3930 577 3978 Nam
591 3929 651 3979 loco
663 3944 744 3994 prac-

202 3998 349 4063 positionis
364 3989 422 4047 ὑπὸ
436 3998 518 4063 vulgo
534 3999 674 4051 invenitur
694 3992 742 4056 είς.

202 4069 296 4132 Ipsum
315 4067 443 4118 iudicium
468 4067 540 4118 hand
562 4067 635 4117 aliud
657 4069 742 4119 fnisse

793 1844 881 1894 dacin.
891 1860 953 1909 pag.
964 1846 1006 1894 57.
1030 1842 1109 1906 Quod
1120 1858 1185 1895 vcro
1201 1841 1284 1891 aedes
1297 1839 1337 1889 di-

792 1919 872 1963 rutae
886 1920 958 1977 sunt,
971 1913 1115 1963 tenendum
1126 1918 1178 1974 est,
1192 1911 1264 1961 hanc
1273 1925 1337 1976 poe-

793 1999 856 2033 nam
879 1984 1049 2049 frequentius
1075 1999 1122 2048 per
1142 1982 1336 2046 antiquitatem

793 2053 908 2118 reperiri
932 2053 1100 2117 proditorum
1125 2068 1159 2102 ac
1179 2050 1336 2100 maiestatis

794 2138 918 2185 reorum,
932 2131 977 2184 ut,
995 2123 1051 2186 ipsi
1064 2123 1088 2172 si
1099 2122 1275 2186 effugissent,
1288 2118 1336 2168 do-

794 2208 853 2241 mus
867 2197 1043 2242 everteretur.
1070 2192 1112 2242 CI.
1127 2193 1187 2241 Van
1201 2190 1337 2241 Stavcren

794 2261 828 2313 ud
841 2262 948 2313 Cornel.
959 2263 1058 2326 Nepot.
1073 2259 1223 2313 Hannibal.
1236 2262 1262 2309 7.
1271 2258 1297 2320 §.
1308 2258 1335 2306 7.

794 2359 828 2369 -
840 2332 872 2381 In
883 2348 957 2398 seqq.
971 2327 1064 2395 χρόνῳ
1074 2319 1194 2393 ὕστερον
1204 2327 1336 2392 simplici·

794 2407 836 2452 ter
852 2400 940 2452 valet:
958 2410 1064 2464 postca,
1086 2410 1190 2463 postero
1213 2407 1334 2460 tempore,

793 2478 824 2521 ut
835 2471 873 2529 Il,
891 2472 948 2522 154.
961 2471 1010 2529 lv,
1025 2470 1087 2533 100,
1102 2471 1149 2520 nbi
1160 2470 1216 2520 vid.

957 2642 1023 2694 Car.
1043 2642 1173 2692 LXXIII.

828 2738 982 2810 εδωδαίδη]
1004 2745 1126 2807 Bekker‚
1150 2759 1229 2809 quem
1247 2742 1339 2808 seqni-

791 2820 836 2864 tur
848 2814 982 2877 Dietseh,
999 2814 1074 2865 dedit
1087 2806 1248 2876 εάοδεόθη,
1264 2811 1336 2877 quod

793 2884 915 2950 praefert
939 2900 1044 2950 quoque
1062 2883 1179 2934 Bredov.
1196 2897 1258 2948 pag.
1275 2882 1335 2932 818.

793 2954 872 3016 Quod
881 2954 917 3003 ad
926 2954 1153 3019 significationem
1164 2953 1275 3013 attinet,
1285 2950 1337 3001 hoo

793 3024 905 3073 verbum
923 3024 957 3074 de
973 3038 1088 3074 enecetur
1101 3024 1189 3086 γάαειο
1206 3023 1247 3071 rei
1259 3036 1338 3071 acoe-

794 3093 836 3157 pit
857 3093 1018 3159 Wesseling.
1045 3093 1189 3145 conferens
1209 3089 1337 3155 Sophocl.

795 3162 861 3212 Oed.
877 3162 934 3214 Col.
951 3164 1018 3214 1500
1029 3168 1056 3212 et
1067 3162 1118 3212 487
1131 3161 1189 3226 (ubi
1200 3152 1253 3209 οάκ
1266 3152 1338 3208 ὀδω-

794 3224 829 3279 τά
850 3231 883 3281 dc
907 3233 1040 3297 negotiis,
1065 3247 1137 3296 quae
1156 3229 1266 3281 absolvi
1290 3244 1338 3279 ne-

795 3306 916 3366 queunt,
929 3294 983 3350 οὐκ
995 3294 1124 3365 ἀνυστά).
1149 3299 1221 3352 Phil.
1237 3301 1295 3349 lucl.
1310 3299 1338 3348 in

793 3371 903 3436 loseph.
914 3388 941 3436 p.
953 3372 1043 3422 548A.
1066 3372 1104 3420 Et
1114 3372 1208 3421 confer
1219 3371 1258 3420 sis
1270 3384 1337 3435 quo-

796 3457 850 3506 que
862 3442 916 3503 IV,
934 3440 990 3492 130.
1026 3441 1067 3491 Ad
1080 3441 1165 3490 verba
1185 3431 1216 3488 τὸ
1234 3431 1267 3495 ἐς
1285 3429 1337 3487 τὸν

795 3502 969 3574 Δημάρητον
980 3507 1339 3574 πρηγμαοου1.111,0511ιί·

813 3597 847 3632 ue
861 3585 931 3630 nott.

795 3598 812 3646 q
829 3642 874 3715 ἤϊε
890 3641 936 3698 ἐπὶ
951 3639 1018 3705 τούς
1033 3637 1195 3712 Αἰγινήτας]
1212 3648 1289 3697 Haec
1301 3646 1337 3696 ad

795 3735 828 3769 ea
845 3719 995 3785 pertinent,
1016 3731 1089 3835 {puae
1104 3717 1156 3779 VI,
1175 3716 1209 3767 50
1224 3716 1338 3766 tradun-

794 3796 847 3842 tur.
876 3790 919 3839 De
929 3802 997 3839 voce
1030 3799 1131 3850 γκοτος
1144 3786 1219 3836 conf.
1230 3785 1290 3848 111,
1301 3785 1337 3836 50

795 3865 823 3909 et
838 3859 872 3909 δε
891 3856 1033 3923 particulis
1046 3844 1112 3905 οὔτε
1124 3868 1197 3904 -sa
1211 3861 1282 3905 nott.
1301 3856 1336 3906 ad

793 3930 841 3990 VI,
856 3928 879 3981 1.
907 3928 1032 3977 Formam
1044 3917 1188 3974 ἐδικαίευν
1203 3927 1287 3991 attigi
1300 3925 1335 3975 ad

793 3999 842 4056 vl,
861 3998 905 4057 153
923 3997 957 4047 de
969 3998 1028 4061 ipso
1041 3994 1124 4045 verbo
1137 3995 1211 4044 conf.
1225 3995 1279 4055 v1,
1289 3994 1334 4047 86.

793 4067 836 4117 Ad
858 4067 942 4116 verba
968 4057 1080 4128 πλούτῳ
1103 4059 1152 4112 καὶ
1173 4059 1251 4127 γένεϊ
1276 4065 1335 4128 pari

203 4138 312 4188 videtur·
327 4143 412 4203 atque
423 4138 506 4195 illud,
526 4139 559 4189 de
575 4154 627 4204 qno
642 4140 743 4189 Noster
795 4136 874 4186 modo
899 4137 994 4186 iuncta
1012 4135 1085 4185 cont.
1104 4134 1177 4184 Plnt.
1193 4134 1294 4184 Pericl.
1308 4137 1334 4187 7.

203 4208 275 4258 infra
287 4208 407 4273 loquitur
420 4208 468 4260 VI.
485 4223 546 4272 cap.
559 4208 607 4269 85,
629 4209 674 4258 nbi
687 4208 741 4257 vid.
794 4205 884 4257 Alcib.
900 4208 925 4256 8.
945 4205 985 4255 10.
1001 4263 1007 4280 Ι
1024 4203 1102 4253 Infra
1116 4202 1190 4268 apud
1205 4206 1336 4255 Nostrum

203 4283 272 4329 nott.
292 4277 461 4342 Ephororum
472 4284 565 4341 partes
577 4277 743 4342 praecipuas
793 4276 846 4331 vl,
867 4277 916 4325 127
933 4274 1046 4340 πλοντῳ
1067 4267 1115 4321 καὶ
1135 4269 1209 4322 είδεὶ·
1229 4268 1336 4337 προφέ·

202 4347 232 4397 in
244 4347 296 4398 hoo
316 4347 523 4398 iudiciofuisse
536 4344 676 4412 probabile
688 4346 743 4395 uti·
795 4360 861 4407 ρων.
893 4344 935 4394 De
951 4345 1011 4394 On'o
1030 4341 1102 4393 coni.
1116 4343 1170 4405 VI,
1190 4341 1225 4392 50
1242 4342 1288 4392 lin.
1301 4368 1335 4379 -

203 4431 255 4483 que
275 4421 331 4478 est;
358 4417 431 4468 cons.
454 4417 554 4467 Grote:
577 4416 690 4479 History
715 4414 746 4465 oi
793 4416 858 4465 Mox
876 4428 936 4465 cum
954 4417 1070 4465 recantt.
1094 4412 1155 4463 edd.
1173 4410 1238 4463 (ledi
1255 4404 1334 4478 εἶχον
