<?xml version="1.0" encoding="UTF-8"?>
<!DOCTYPE html PUBLIC "-//W3C//DTD XHTML 1.0 Transitional//EN"
    "http://www.w3.org/TR/xhtml1/DTD/xhtml1-transitional.dtd">
<html xmlns="http://www.w3.org/1999/xhtml" xml:lang="en" lang="en">
 <head>
  <title>
</title>
<meta http-equiv="Content-Type" content="text/html;charset=utf-8" />
  <meta name='ocr-system' content='tesseract 3.04.00' />
  <meta name='ocr-capabilities' content='ocr_page ocr_carea ocr_par ocr_line ocrx_word'/>
</head>
<body>
  <div class='ocr_page' id='page_1' title='image "./herodotihalicar03bhgoog_0735.png"; bbox 0 0 2986 5130; ppageno 0'>
   <div class='ocr_carea' id='block_1_1' title="bbox 291 363 352 423">
    <p class='ocr_par' dir='ltr' id='par_1_1' title="bbox 291 363 352 423">
     <span class='ocr_line' id='line_1_1' title="bbox 291 363 352 423; baseline -0.033 0"><span class='ocrx_word' id='word_1_1' title='bbox 291 363 352 423; x_wconf 89' lang='grc'><strong>704</strong></span> 
     </span>
    </p>
   </div>
   <div class='ocr_carea' id='block_1_2' title="bbox 728 362 995 422">
    <p class='ocr_par' dir='ltr' id='par_1_2' title="bbox 728 362 995 422">
     <span class='ocr_line' id='line_1_2' title="bbox 728 362 995 422; baseline 0.004 -2"><span class='ocrx_word' id='word_1_2' title='bbox 728 362 995 422; x_wconf 84' lang='lat' dir='ltr'>HERODOTI</span> 
     </span>
    </p>
   </div>
   <div class='ocr_carea' id='block_1_3' title="bbox 227 528 1395 1037">
    <p class='ocr_par' dir='ltr' id='par_1_3' title="bbox 227 528 1395 1037">
     <span class='ocr_line' id='line_1_3' title="bbox 292 528 1390 622; baseline -0.005 -17"><span class='ocrx_word' id='word_1_3' title='bbox 292 542 411 616; x_wconf 81' lang='grc' dir='ltr'><strong><em>Μίνως</em></strong></span> <span class='ocrx_word' id='word_1_4' title='bbox 425 541 551 622; x_wconf 73' lang='grc' dir='ltr'><strong><em>ἔτεμνε</em></strong></span> <span class='ocrx_word' id='word_1_5' title='bbox 570 538 702 621; x_wconf 80' lang='grc' dir='ltr'><strong><em>μηνίων</em></strong></span> <span class='ocrx_word' id='word_1_6' title='bbox 724 532 937 621; x_wconf 76' lang='grc' dir='ltr'><strong><em>δακρύματα,</em></strong></span> <span class='ocrx_word' id='word_1_7' title='bbox 957 530 1008 602; x_wconf 84' lang='grc' dir='ltr'><strong>ὅτι</strong></span> <span class='ocrx_word' id='word_1_8' title='bbox 1029 538 1064 602; x_wconf 81' lang='lat' dir='ltr'><strong>ol</strong></span> <span class='ocrx_word' id='word_1_9' title='bbox 1080 532 1143 621; x_wconf 71' lang='grc' dir='ltr'><strong>μὲν</strong></span> <span class='ocrx_word' id='word_1_10' title='bbox 1161 528 1202 602; x_wconf 77' lang='grc' dir='ltr'><strong>οὗ</strong></span> <span class='ocrx_word' id='word_1_11' title='bbox 1223 530 1390 617; x_wconf 70' lang='grc' dir='ltr'><strong><em>συνεξεπρή-</em></strong></span> 
     </span>
     <span class='ocr_line' id='line_1_4' title="bbox 292 632 1393 730; baseline -0.007 -21"><span class='ocrx_word' id='word_1_12' title='bbox 292 644 390 723; x_wconf 84' lang='grc' dir='ltr'><strong><em>ξαντο</em></strong></span> <span class='ocrx_word' id='word_1_13' title='bbox 407 636 499 730; x_wconf 72' lang='grc' dir='ltr'><strong><em>αὐτῷ</em></strong></span> <span class='ocrx_word' id='word_1_14' title='bbox 513 635 572 705; x_wconf 84' lang='grc' dir='ltr'><strong>τὸν</strong></span> <span class='ocrx_word' id='word_1_15' title='bbox 585 640 623 705; x_wconf 73' lang='grc' dir='ltr'><strong><em>ἐν</em></strong></span> <span class='ocrx_word' id='word_1_16' title='bbox 637 643 778 728; x_wconf 78' lang='grc' dir='ltr'><strong><em>Καμίκμ</em></strong></span> <span class='ocrx_word' id='word_1_17' title='bbox 793 637 945 706; x_wconf 77' lang='grc' dir='ltr'><strong><em>θάνατον</em></strong></span> <span class='ocrx_word' id='word_1_18' title='bbox 958 634 1158 724; x_wconf 70' lang='grc' dir='ltr'><strong><em>γενόμενον,</em></strong></span> <span class='ocrx_word' id='word_1_19' title='bbox 1177 632 1270 722; x_wconf 75' lang='grc' dir='ltr'><strong><em>ὑμεῖς</em></strong></span> <span class='ocrx_word' id='word_1_20' title='bbox 1283 636 1315 703; x_wconf 71' lang='grc' dir='ltr'><strong>δὲ</strong></span> <span class='ocrx_word' id='word_1_21' title='bbox 1326 638 1393 703; x_wconf 66' lang='grc' dir='ltr'><strong><em>ι’νιίῖ</em></strong></span> 
     </span>
     <span class='ocr_line' id='line_1_5' title="bbox 294 735 1392 830; baseline -0.006 -18"><span class='ocrx_word' id='word_1_22' title='bbox 294 764 382 812; x_wconf 91' lang='grc' dir='ltr'><strong><em>ιοισι</em></strong></span> <span class='ocrx_word' id='word_1_23' title='bbox 395 741 458 830; x_wconf 79' lang='grc' dir='ltr'><strong>την</strong></span> <span class='ocrx_word' id='word_1_24' title='bbox 475 743 512 809; x_wconf 75' lang='grc' dir='ltr'><strong><em>ἐν</em></strong></span> <span class='ocrx_word' id='word_1_25' title='bbox 527 738 686 827; x_wconf 76' lang='grc' dir='ltr'><strong><em>Σπάρτης</em></strong></span> <span class='ocrx_word' id='word_1_26' title='bbox 700 737 934 829; x_wconf 79' lang='grc' dir='ltr'><strong><em>ἁρταχθεῐσαν</em></strong></span> <span class='ocrx_word' id='word_1_27' title='bbox 952 735 1012 809; x_wconf 80' lang='grc' dir='ltr'><strong>ὑπ’</strong></span> <span class='ocrx_word' id='word_1_28' title='bbox 1030 737 1154 825; x_wconf 80' lang='grc' dir='ltr'><strong><em>ἀνδρὸς</em></strong></span> <span class='ocrx_word' id='word_1_29' title='bbox 1167 740 1330 827; x_wconf 75' lang='grc' dir='ltr'><strong>βαρβάρου</strong></span> <span class='ocrx_word' id='word_1_30' title='bbox 1347 765 1392 822; x_wconf 75' lang='grc' dir='ltr'><strong><em>γν-</em></strong></span> 
     </span>
     <span class='ocr_line' id='line_1_6' title="bbox 293 840 1394 931; baseline -0.005 -17"><span class='ocrx_word' id='word_1_31' title='bbox 293 862 402 915; x_wconf 80' lang='grc' dir='ltr'><strong><em>ναῖκα.</em></strong></span> <span class='ocrx_word' id='word_1_32' title='bbox 454 847 563 912; x_wconf 80' lang='grc' dir='ltr'><strong><em>Ταῦτα</em></strong></span> <span class='ocrx_word' id='word_1_33' title='bbox 584 847 619 911; x_wconf 81' lang='lat' dir='ltr'><strong>ot</strong></span> <span class='ocrx_word' id='word_1_34' title='bbox 630 848 759 930; x_wconf 80' lang='grc' dir='ltr'><strong><em>Κρῆτες</em></strong></span> <span class='ocrx_word' id='word_1_35' title='bbox 780 840 1083 931; x_wconf 59' lang='lat' dir='ltr'><strong>decimoseptimo</strong></span> <span class='ocrx_word' id='word_1_36' title='bbox 1103 840 1268 929; x_wconf 77' lang='grc' dir='ltr'><strong><em>ἥκουσαν,</em></strong></span> <span class='ocrx_word' id='word_1_37' title='bbox 1288 847 1394 927; x_wconf 75' lang='grc' dir='ltr'><strong><em>ἔσχοντο</em></strong></span> 
     </span>
     <span class='ocr_line' id='line_1_7' title="bbox 227 943 1395 1037; baseline -0.009 -16"><span class='ocrx_word' id='word_1_38' title='bbox 227 956 351 1037; x_wconf 74' lang='grc' dir='ltr'><strong>1711τῇς</strong></span> <span class='ocrx_word' id='word_1_39' title='bbox 369 953 536 1036; x_wconf 76' lang='grc' dir='ltr'><strong><em>τιμωρίης.</em></strong></span> <span class='ocrx_word' id='word_1_40' title='bbox 582 950 723 1032; x_wconf 70' lang='grc' dir='ltr'><strong><em>Λέγεται</em></strong></span> <span class='ocrx_word' id='word_1_41' title='bbox 749 943 813 1033; x_wconf 77' lang='grc' dir='ltr'><strong>γὰρ</strong></span> <span class='ocrx_word' id='word_1_42' title='bbox 836 954 962 1016; x_wconf 86' lang='grc' dir='ltr'><strong><em>Μίνων</em></strong></span> <span class='ocrx_word' id='word_1_43' title='bbox 984 945 1067 1015; x_wconf 82' lang='grc' dir='ltr'><strong><em>κατὰ</em></strong></span> <span class='ocrx_word' id='word_1_44' title='bbox 1096 945 1232 1035; x_wconf 73' lang='grc' dir='ltr'><strong><em>ζήτησιν</em></strong></span> <span class='ocrx_word' id='word_1_45' title='bbox 1251 944 1395 1013; x_wconf 79' lang='grc' dir='ltr'><strong><em>Δαιδά1οο</em></strong></span> 
     </span>
    </p>
   </div>
   <div class='ocr_carea' id='block_1_4' title="bbox 290 1143 835 1971">
    <p class='ocr_par' dir='ltr' id='par_1_4' title="bbox 290 1143 835 1971">
     <span class='ocr_line' id='line_1_8' title="bbox 292 1143 834 1215; baseline -0.006 -16"><span class='ocrx_word' id='word_1_46' title='bbox 292 1164 341 1215; x_wconf 91' lang='lat' dir='ltr'><strong>pro</strong></span> <span class='ocrx_word' id='word_1_47' title='bbox 353 1148 433 1198; x_wconf 65' lang='lat' dir='ltr'><strong>beroe</strong></span> <span class='ocrx_word' id='word_1_48' title='bbox 441 1162 463 1197; x_wconf 89' lang='grc' dir='ltr'><strong>τ.</strong></span> <span class='ocrx_word' id='word_1_49' title='bbox 475 1145 522 1195; x_wconf 83' lang='lat' dir='ltr'><strong>deo</strong></span> <span class='ocrx_word' id='word_1_50' title='bbox 532 1143 683 1207; x_wconf 82' lang='lat' dir='ltr'><strong>habendus,</strong></span> <span class='ocrx_word' id='word_1_51' title='bbox 696 1148 743 1211; x_wconf 91' lang='lat' dir='ltr'><strong>qui</strong></span> <span class='ocrx_word' id='word_1_52' title='bbox 753 1148 781 1196; x_wconf 92' lang='lat' dir='ltr'><strong>in</strong></span> <span class='ocrx_word' id='word_1_53' title='bbox 793 1146 834 1196; x_wconf 86' lang='lat' dir='ltr'><strong>vi·</strong></span> 
     </span>
     <span class='ocr_line' id='line_1_9' title="bbox 293 1214 835 1277; baseline -0.006 -9"><span class='ocrx_word' id='word_1_54' title='bbox 293 1220 334 1269; x_wconf 84' lang='lat' dir='ltr'><strong>vis</strong></span> <span class='ocrx_word' id='word_1_55' title='bbox 347 1218 410 1267; x_wconf 89' lang='lat' dir='ltr'><strong>dum</strong></span> <span class='ocrx_word' id='word_1_56' title='bbox 427 1222 501 1277; x_wconf 82' lang='lat' dir='ltr'><strong>eret,</strong></span> <span class='ocrx_word' id='word_1_57' title='bbox 523 1214 694 1265; x_wconf 70' lang='lat' dir='ltr'>Cretensium</span> <span class='ocrx_word' id='word_1_58' title='bbox 709 1231 757 1266; x_wconf 87' lang='lat' dir='ltr'><strong>rex</strong></span> <span class='ocrx_word' id='word_1_59' title='bbox 776 1218 835 1265; x_wconf 85' lang='lat' dir='ltr'><strong>rin-</strong></span> 
     </span>
     <span class='ocr_line' id='line_1_10' title="bbox 292 1284 834 1351; baseline -0.009 -13"><span class='ocrx_word' id='word_1_60' title='bbox 292 1288 382 1338; x_wconf 86' lang='lat' dir='ltr'><strong>dictse</strong></span> <span class='ocrx_word' id='word_1_61' title='bbox 392 1292 475 1351; x_wconf 86' lang='lat' dir='ltr'><strong>etque</strong></span> <span class='ocrx_word' id='word_1_62' title='bbox 486 1284 599 1334; x_wconf 90' lang='lat' dir='ltr'><strong>ultionis</strong></span> <span class='ocrx_word' id='word_1_63' title='bbox 608 1285 668 1348; x_wconf 85' lang='lat' dir='ltr'><strong>plus</strong></span> <span class='ocrx_word' id='word_1_64' title='bbox 678 1300 767 1350; x_wconf 88' lang='lat' dir='ltr'><strong>sequo</strong></span> <span class='ocrx_word' id='word_1_65' title='bbox 777 1290 834 1334; x_wconf 91' lang='lat' dir='ltr'><strong>stu·</strong></span> 
     </span>
     <span class='ocr_line' id='line_1_11' title="bbox 293 1353 835 1420; baseline -0.007 -13"><span class='ocrx_word' id='word_1_66' title='bbox 293 1359 400 1419; x_wconf 85' lang='lat' dir='ltr'><strong>diosus,</strong></span> <span class='ocrx_word' id='word_1_67' title='bbox 415 1358 468 1405; x_wconf 83' lang='lat' dir='ltr'><strong>ism</strong></span> <span class='ocrx_word' id='word_1_68' title='bbox 482 1360 604 1404; x_wconf 89' lang='lat' dir='ltr'><strong>mortuus</strong></span> <span class='ocrx_word' id='word_1_69' title='bbox 617 1353 779 1420; x_wconf 84' lang='lat' dir='ltr'><strong>divinosque</strong></span> <span class='ocrx_word' id='word_1_70' title='bbox 792 1369 835 1404; x_wconf 88' lang='lat' dir='ltr'><strong>ss·</strong></span> 
     </span>
     <span class='ocr_line' id='line_1_12' title="bbox 293 1422 833 1486; baseline -0.013 -7"><span class='ocrx_word' id='word_1_71' title='bbox 293 1432 405 1479; x_wconf 88' lang='lat' dir='ltr'><strong>secutus</strong></span> <span class='ocrx_word' id='word_1_72' title='bbox 427 1425 543 1475; x_wconf 88' lang='lat' dir='ltr'><strong>honores</strong></span> <span class='ocrx_word' id='word_1_73' title='bbox 561 1422 674 1473; x_wconf 76' lang='lat' dir='ltr'><strong>Graecis</strong></span> <span class='ocrx_word' id='word_1_74' title='bbox 695 1425 833 1486; x_wconf 70' lang='lat' dir='ltr'><strong>irascitur,</strong></span> 
     </span>
     <span class='ocr_line' id='line_1_13' title="bbox 292 1493 831 1563; baseline -0.011 -15"><span class='ocrx_word' id='word_1_75' title='bbox 292 1497 364 1563; x_wconf 88' lang='lat' dir='ltr'><strong>quod</strong></span> <span class='ocrx_word' id='word_1_76' title='bbox 383 1496 468 1560; x_wconf 86' lang='lat' dir='ltr'><strong>ipsius</strong></span> <span class='ocrx_word' id='word_1_77' title='bbox 485 1498 595 1543; x_wconf 84' lang='lat' dir='ltr'><strong>mortem</strong></span> <span class='ocrx_word' id='word_1_78' title='bbox 616 1494 644 1543; x_wconf 92' lang='lat' dir='ltr'><strong>in</strong></span> <span class='ocrx_word' id='word_1_79' title='bbox 662 1493 759 1543; x_wconf 81' lang='lat' dir='ltr'><strong>Sicilie</strong></span> <span class='ocrx_word' id='word_1_80' title='bbox 779 1508 831 1544; x_wconf 91' lang='lat' dir='ltr'><strong>non</strong></span> 
     </span>
     <span class='ocr_line' id='line_1_14' title="bbox 292 1562 832 1630; baseline -0.009 -13"><span class='ocrx_word' id='word_1_81' title='bbox 292 1570 346 1625; x_wconf 80' lang='lat' dir='ltr'><strong>ite,</strong></span> <span class='ocrx_word' id='word_1_82' title='bbox 368 1573 399 1616; x_wconf 86' lang='lat' dir='ltr'><strong>ut</strong></span> <span class='ocrx_word' id='word_1_83' title='bbox 417 1580 467 1630; x_wconf 84' lang='lat' dir='ltr'><strong>psr</strong></span> <span class='ocrx_word' id='word_1_84' title='bbox 487 1563 586 1625; x_wconf 84' lang='lat' dir='ltr'><strong>inerit,</strong></span> <span class='ocrx_word' id='word_1_85' title='bbox 607 1565 662 1612; x_wconf 89' lang='lat' dir='ltr'><strong>sint</strong></span> <span class='ocrx_word' id='word_1_86' title='bbox 676 1562 736 1613; x_wconf 86' lang='lat' dir='ltr'><strong>ulti.</strong></span> <span class='ocrx_word' id='word_1_87' title='bbox 771 1564 832 1613; x_wconf 86' lang='lat' dir='ltr'><strong>Hes</strong></span> 
     </span>
     <span class='ocr_line' id='line_1_15' title="bbox 291 1633 832 1696; baseline -0.011 -8"><span class='ocrx_word' id='word_1_88' title='bbox 291 1652 356 1688; x_wconf 89' lang='lat' dir='ltr'><strong>vero</strong></span> <span class='ocrx_word' id='word_1_89' title='bbox 369 1636 479 1685; x_wconf 85' lang='lat' dir='ltr'><strong>deornm</strong></span> <span class='ocrx_word' id='word_1_90' title='bbox 493 1633 658 1696; x_wconf 87' lang='lat' dir='ltr'><strong>heroumqne</strong></span> <span class='ocrx_word' id='word_1_91' title='bbox 671 1633 728 1681; x_wconf 84' lang='lat' dir='ltr'><strong>ires</strong></span> <span class='ocrx_word' id='word_1_92' title='bbox 739 1635 832 1682; x_wconf 79' lang='lat' dir='ltr'><strong>soceri</strong></span> 
     </span>
     <span class='ocr_line' id='line_1_16' title="bbox 291 1699 830 1770; baseline -0.013 -16"><span class='ocrx_word' id='word_1_93' title='bbox 291 1705 435 1770; x_wconf 77' lang='grc' dir='ltr'><strong>μηνίματα</strong></span> <span class='ocrx_word' id='word_1_94' title='bbox 464 1702 591 1753; x_wconf 82' lang='lat' dir='ltr'><strong>observet</strong></span> <span class='ocrx_word' id='word_1_95' title='bbox 625 1699 830 1753; x_wconf 81' lang='lat' dir='ltr'><strong>Velclrenerius.</strong></span> 
     </span>
     <span class='ocr_line' id='line_1_17' title="bbox 291 1769 832 1839; baseline -0.015 -12"><span class='ocrx_word' id='word_1_96' title='bbox 291 1780 350 1839; x_wconf 85' lang='lat' dir='ltr'><strong>Quo</strong></span> <span class='ocrx_word' id='word_1_97' title='bbox 364 1774 447 1825; x_wconf 85' lang='lat' dir='ltr'><strong>etiem</strong></span> <span class='ocrx_word' id='word_1_98' title='bbox 458 1771 576 1837; x_wconf 77' lang='lat' dir='ltr'><strong>pertinet</strong></span> <span class='ocrx_word' id='word_1_99' title='bbox 585 1769 695 1820; x_wconf 82' lang='lat' dir='ltr'><strong>verbum</strong></span> <span class='ocrx_word' id='word_1_100' title='bbox 707 1770 832 1835; x_wconf 85' lang='grc' dir='ltr'><strong>μηνίειν,</strong></span> 
     </span>
     <span class='ocr_line' id='line_1_18' title="bbox 290 1841 833 1911; baseline -0.007 -16"><span class='ocrx_word' id='word_1_101' title='bbox 290 1861 344 1911; x_wconf 91' lang='lat' dir='ltr'><strong>qno</strong></span> <span class='ocrx_word' id='word_1_102' title='bbox 363 1847 463 1895; x_wconf 80' lang='lat' dir='ltr'><strong>Noster</strong></span> <span class='ocrx_word' id='word_1_103' title='bbox 486 1841 531 1891; x_wconf 90' lang='lat' dir='ltr'><strong>hic</strong></span> <span class='ocrx_word' id='word_1_104' title='bbox 551 1842 638 1890; x_wconf 87' lang='lat' dir='ltr'><strong>utitur</strong></span> <span class='ocrx_word' id='word_1_105' title='bbox 661 1843 833 1902; x_wconf 71' lang='lat' dir='ltr'><strong>succensendi,</strong></span> 
     </span>
     <span class='ocr_line' id='line_1_19' title="bbox 290 1910 832 1971; baseline -0.009 -7"><span class='ocrx_word' id='word_1_106' title='bbox 290 1915 421 1965; x_wconf 77' lang='lat' dir='ltr'><strong>irascendi</strong></span> <span class='ocrx_word' id='word_1_107' title='bbox 433 1912 559 1971; x_wconf 87' lang='lat' dir='ltr'><strong>notione,</strong></span> <span class='ocrx_word' id='word_1_108' title='bbox 578 1915 610 1959; x_wconf 86' lang='lat' dir='ltr'><strong>ut</strong></span> <span class='ocrx_word' id='word_1_109' title='bbox 621 1910 688 1971; x_wconf 83' lang='lat' dir='ltr'><strong>vn,</strong></span> <span class='ocrx_word' id='word_1_110' title='bbox 703 1911 763 1960; x_wconf 78' lang='lat'><strong>229.</strong></span> <span class='ocrx_word' id='word_1_111' title='bbox 783 1911 832 1971; x_wconf 81' lang='lat' dir='ltr'><strong>IX,</strong></span> 
     </span>
    </p>
   </div>
   <div class='ocr_carea' id='block_1_5' title="bbox 291 1968 858 2044">
    <p class='ocr_par' dir='ltr' id='par_1_5' title="bbox 291 1968 858 2044">
     <span class='ocr_line' id='line_1_20' title="bbox 291 1968 858 2044; baseline -0.012 -9"><span class='ocrx_word' id='word_1_112' title='bbox 291 1988 306 2035; x_wconf 79' lang='lat'><strong>7</strong></span> <span class='ocrx_word' id='word_1_113' title='bbox 320 1983 381 2034; x_wconf 90' lang='lat' dir='ltr'><strong>coll.</strong></span> <span class='ocrx_word' id='word_1_114' title='bbox 395 1983 429 2044; x_wconf 87' lang='lat' dir='ltr'><strong>V,</strong></span> <span class='ocrx_word' id='word_1_115' title='bbox 439 1982 486 2035; x_wconf 70' lang='lat'><strong>84:</strong></span> <span class='ocrx_word' id='word_1_116' title='bbox 505 1979 568 2029; x_wconf 88' lang='lat' dir='ltr'><strong>hlnc</strong></span> <span class='ocrx_word' id='word_1_117' title='bbox 581 1994 688 2044; x_wconf 88' lang='lat' dir='ltr'><strong>quoqne</strong></span> <span class='ocrx_word' id='word_1_118' title='bbox 703 1977 787 2044; x_wconf 79' lang='grc' dir='ltr'><strong><em>μῆνις</em></strong></span> <span class='ocrx_word' id='word_1_119' title='bbox 799 1979 832 2029; x_wconf 89' lang='lat' dir='ltr'><strong>de</strong></span> <span class='ocrx_word' id='word_1_120' title='bbox 851 1968 858 1977; x_wconf 77' lang='grc'><strong>’</strong></span> 
     </span>
    </p>
   </div>
   <div class='ocr_carea' id='block_1_6' title="bbox 286 2048 833 4272">
    <p class='ocr_par' dir='ltr' id='par_1_6' title="bbox 290 2048 833 2394">
     <span class='ocr_line' id='line_1_21' title="bbox 291 2048 831 2116; baseline -0.013 -13"><span class='ocrx_word' id='word_1_121' title='bbox 291 2054 401 2103; x_wconf 85' lang='lat' dir='ltr'><strong>deornm</strong></span> <span class='ocrx_word' id='word_1_122' title='bbox 416 2049 533 2116; x_wconf 81' lang='lat' dir='ltr'><strong>quedem</strong></span> <span class='ocrx_word' id='word_1_123' title='bbox 552 2051 594 2098; x_wconf 85' lang='lat' dir='ltr'><strong>ire</strong></span> <span class='ocrx_word' id='word_1_124' title='bbox 609 2049 679 2111; x_wconf 86' lang='lat' dir='ltr'><strong>Vll,</strong></span> <span class='ocrx_word' id='word_1_125' title='bbox 695 2050 753 2099; x_wconf 86' lang='grc'><strong>134.</strong></span> <span class='ocrx_word' id='word_1_126' title='bbox 773 2048 831 2099; x_wconf 82' lang='grc'><strong>131.</strong></span> 
     </span>
     <span class='ocr_line' id='line_1_22' title="bbox 290 2117 833 2182; baseline -0.011 -10"><span class='ocrx_word' id='word_1_127' title='bbox 290 2122 359 2172; x_wconf 81' lang='lat' dir='ltr'><strong>Add.</strong></span> <span class='ocrx_word' id='word_1_128' title='bbox 369 2118 499 2171; x_wconf 78' lang='lat' dir='ltr'><strong>Abresch.</strong></span> <span class='ocrx_word' id='word_1_129' title='bbox 512 2124 539 2167; x_wconf 90' lang='lat' dir='ltr'><strong>ot</strong></span> <span class='ocrx_word' id='word_1_130' title='bbox 551 2117 652 2168; x_wconf 80' lang='lat' dir='ltr'><strong>Locell</strong></span> <span class='ocrx_word' id='word_1_131' title='bbox 663 2119 699 2168; x_wconf 80' lang='lat' dir='ltr'><strong>ed</strong></span> <span class='ocrx_word' id='word_1_132' title='bbox 709 2117 833 2182; x_wconf 81' lang='lat' dir='ltr'><strong>Xenopb.</strong></span> 
     </span>
     <span class='ocr_line' id='line_1_23' title="bbox 291 2187 830 2255; baseline -0.002 -14"><span class='ocrx_word' id='word_1_133' title='bbox 291 2189 391 2255; x_wconf 85' lang='lat' dir='ltr'><strong>Ephes.</strong></span> <span class='ocrx_word' id='word_1_134' title='bbox 404 2205 428 2253; x_wconf 92' lang='lat' dir='ltr'><strong>p.</strong></span> <span class='ocrx_word' id='word_1_135' title='bbox 443 2187 500 2239; x_wconf 85' lang='grc'><strong>131.</strong></span> <span class='ocrx_word' id='word_1_136' title='bbox 518 2187 645 2252; x_wconf 87' lang='lat' dir='ltr'><strong>Sophocl.</strong></span> <span class='ocrx_word' id='word_1_137' title='bbox 656 2187 724 2241; x_wconf 83' lang='lat' dir='ltr'><strong>Oed.</strong></span> <span class='ocrx_word' id='word_1_138' title='bbox 735 2187 830 2240; x_wconf 82' lang='lat' dir='ltr'><strong>Goion.</strong></span> 
     </span>
     <span class='ocr_line' id='line_1_24' title="bbox 291 2253 832 2320; baseline -0.004 -10"><span class='ocrx_word' id='word_1_139' title='bbox 291 2262 342 2311; x_wconf 84' lang='grc'><strong>1107</strong></span> <span class='ocrx_word' id='word_1_140' title='bbox 354 2259 435 2310; x_wconf 92' lang='lat' dir='ltr'><strong>Both.</strong></span> <span class='ocrx_word' id='word_1_141' title='bbox 469 2258 521 2308; x_wconf 90' lang='lat' dir='ltr'><strong>Pro</strong></span> <span class='ocrx_word' id='word_1_142' title='bbox 536 2253 650 2320; x_wconf 68' lang='grc' dir='ltr'><strong><em>μηνίειν</em></strong></span> <span class='ocrx_word' id='word_1_143' title='bbox 667 2258 832 2308; x_wconf 66' lang='lat' dir='ltr'><strong>recentiores</strong></span> 
     </span>
     <span class='ocr_line' id='line_1_25' title="bbox 291 2324 709 2394; baseline -0.012 -14"><span class='ocrx_word' id='word_1_144' title='bbox 291 2330 441 2394; x_wconf 71' lang='lat' dir='ltr'><strong>scriptores</strong></span> <span class='ocrx_word' id='word_1_145' title='bbox 453 2327 580 2377; x_wconf 85' lang='lat' dir='ltr'><strong>dixerunt</strong></span> <span class='ocrx_word' id='word_1_146' title='bbox 593 2324 709 2389; x_wconf 79' lang='grc' dir='ltr'><strong><em>μηνιαν.</em></strong></span> 
     </span>
    </p>

    <p class='ocr_par' dir='ltr' id='par_1_7' title="bbox 289 2387 832 3294">
     <span class='ocr_line' id='line_1_26' title="bbox 332 2387 829 2461; baseline -0.01 -13"><span class='ocrx_word' id='word_1_147' title='bbox 332 2390 377 2448; x_wconf 80' lang='grc' dir='ltr'><strong>ὅτι</strong></span> <span class='ocrx_word' id='word_1_148' title='bbox 398 2391 428 2446; x_wconf 78' lang='lat' dir='ltr'><strong>oi</strong></span> <span class='ocrx_word' id='word_1_149' title='bbox 442 2389 493 2461; x_wconf 67' lang='grc' dir='ltr'><strong>μὲν</strong></span> <span class='ocrx_word' id='word_1_150' title='bbox 515 2387 550 2444; x_wconf 87' lang='lat' dir='ltr'><strong>ou&#39;</strong></span> <span class='ocrx_word' id='word_1_151' title='bbox 573 2390 829 2459; x_wconf 73' lang='grc' dir='ltr'><strong>συνεξεπρήξαντο]</strong></span> 
     </span>
     <span class='ocr_line' id='line_1_27' title="bbox 291 2462 830 2531; baseline -0.009 -13"><span class='ocrx_word' id='word_1_152' title='bbox 291 2462 322 2518; x_wconf 81' lang='grc' dir='ltr'><strong>σί</strong></span> <span class='ocrx_word' id='word_1_153' title='bbox 332 2464 383 2531; x_wconf 72' lang='grc' dir='ltr'><strong>μὲν</strong></span> <span class='ocrx_word' id='word_1_154' title='bbox 397 2465 584 2531; x_wconf 79' lang='lat' dir='ltr'><strong>intelliguntur</strong></span> <span class='ocrx_word' id='word_1_155' title='bbox 595 2464 706 2526; x_wconf 76' lang='lat' dir='ltr'><strong>Graeci,</strong></span> <span class='ocrx_word' id='word_1_156' title='bbox 719 2466 766 2529; x_wconf 89' lang='lat' dir='ltr'><strong>qui</strong></span> <span class='ocrx_word' id='word_1_157' title='bbox 777 2465 830 2516; x_wconf 85' lang='lat' dir='ltr'><strong>etsi</strong></span> 
     </span>
     <span class='ocr_line' id='line_1_28' title="bbox 290 2534 832 2589; baseline -0.011 0"><span class='ocrx_word' id='word_1_158' title='bbox 290 2537 468 2589; x_wconf 73' lang='lat' dir='ltr'><strong>Cretensibus</strong></span> <span class='ocrx_word' id='word_1_159' title='bbox 488 2534 618 2584; x_wconf 74' lang='lat' dir='ltr'><strong>auxilium</strong></span> <span class='ocrx_word' id='word_1_160' title='bbox 634 2536 663 2583; x_wconf 93' lang='lat' dir='ltr'><strong>in</strong></span> <span class='ocrx_word' id='word_1_161' title='bbox 681 2534 752 2585; x_wconf 88' lang='lat' dir='ltr'><strong>bello</strong></span> <span class='ocrx_word' id='word_1_162' title='bbox 764 2535 832 2583; x_wconf 83' lang='lat' dir='ltr'><strong>Tro·</strong></span> 
     </span>
     <span class='ocr_line' id='line_1_29' title="bbox 290 2603 830 2663; baseline -0.011 -5"><span class='ocrx_word' id='word_1_163' title='bbox 290 2609 355 2658; x_wconf 82' lang='lat' dir='ltr'><strong>leno</strong></span> <span class='ocrx_word' id='word_1_164' title='bbox 370 2611 453 2657; x_wconf 83' lang='lat' dir='ltr'><strong>antes</strong></span> <span class='ocrx_word' id='word_1_165' title='bbox 464 2604 550 2654; x_wconf 81' lang='lat' dir='ltr'><strong>letum</strong></span> <span class='ocrx_word' id='word_1_166' title='bbox 562 2603 714 2663; x_wconf 74' lang='lat' dir='ltr'><strong>debebant,</strong></span> <span class='ocrx_word' id='word_1_167' title='bbox 730 2605 830 2653; x_wconf 83' lang='lat' dir='ltr'><strong>Minois</strong></span> 
     </span>
     <span class='ocr_line' id='line_1_30' title="bbox 291 2673 830 2729; baseline -0.007 -2"><span class='ocrx_word' id='word_1_168' title='bbox 291 2685 384 2729; x_wconf 73' lang='lat' dir='ltr'><strong>tamen</strong></span> <span class='ocrx_word' id='word_1_169' title='bbox 396 2677 496 2725; x_wconf 85' lang='lat' dir='ltr'><strong>iniuste</strong></span> <span class='ocrx_word' id='word_1_170' title='bbox 508 2673 582 2724; x_wconf 79' lang='lat' dir='ltr'><strong>cessi</strong></span> <span class='ocrx_word' id='word_1_171' title='bbox 595 2678 707 2723; x_wconf 87' lang='lat' dir='ltr'><strong>mortem</strong></span> <span class='ocrx_word' id='word_1_172' title='bbox 719 2674 830 2723; x_wconf 84' lang='lat' dir='ltr'><strong>minime</strong></span> 
     </span>
     <span class='ocr_line' id='line_1_31' title="bbox 291 2742 830 2807; baseline -0.011 -10"><span class='ocrx_word' id='word_1_173' title='bbox 291 2750 347 2797; x_wconf 88' lang='lat' dir='ltr'><strong>sint</strong></span> <span class='ocrx_word' id='word_1_174' title='bbox 360 2746 426 2807; x_wconf 88' lang='lat' dir='ltr'><strong>ulti,</strong></span> <span class='ocrx_word' id='word_1_175' title='bbox 447 2744 519 2793; x_wconf 83' lang='lat' dir='ltr'><strong>bsud</strong></span> <span class='ocrx_word' id='word_1_176' title='bbox 531 2742 638 2807; x_wconf 87' lang='lat' dir='ltr'><strong>quidem</strong></span> <span class='ocrx_word' id='word_1_177' title='bbox 652 2758 701 2807; x_wconf 84' lang='lat' dir='ltr'><strong>per</strong></span> <span class='ocrx_word' id='word_1_178' title='bbox 715 2743 774 2807; x_wconf 80' lang='lat' dir='ltr'><strong>peri</strong></span> <span class='ocrx_word' id='word_1_179' title='bbox 788 2758 830 2792; x_wconf 88' lang='lat' dir='ltr'><strong>re·</strong></span> 
     </span>
     <span class='ocr_line' id='line_1_32' title="bbox 291 2807 831 2876; baseline -0.015 -9"><span class='ocrx_word' id='word_1_180' title='bbox 291 2818 418 2867; x_wconf 82' lang='lat' dir='ltr'><strong>terentes.</strong></span> <span class='ocrx_word' id='word_1_181' title='bbox 456 2814 498 2862; x_wconf 87' lang='lat' dir='ltr'><strong>De</strong></span> <span class='ocrx_word' id='word_1_182' title='bbox 519 2812 603 2862; x_wconf 81' lang='lat' dir='ltr'><strong>verbo</strong></span> <span class='ocrx_word' id='word_1_183' title='bbox 625 2807 831 2876; x_wconf 78' lang='lat' dir='ltr'><strong>eovrsrrpp&#39;soe-</strong></span> 
     </span>
     <span class='ocr_line' id='line_1_33' title="bbox 290 2880 831 2943; baseline -0.013 -7"><span class='ocrx_word' id='word_1_184' title='bbox 290 2885 361 2936; x_wconf 74' lang='grc' dir='ltr'><strong><em>σθαι</em></strong></span> <span class='ocrx_word' id='word_1_185' title='bbox 381 2884 452 2936; x_wconf 86' lang='lat' dir='ltr'><strong>coni.</strong></span> <span class='ocrx_word' id='word_1_186' title='bbox 473 2881 558 2931; x_wconf 82' lang='lat' dir='ltr'><strong>sllete</strong></span> <span class='ocrx_word' id='word_1_187' title='bbox 576 2880 611 2931; x_wconf 80' lang='lat' dir='ltr'><strong>ed</strong></span> <span class='ocrx_word' id='word_1_188' title='bbox 626 2882 665 2943; x_wconf 81' lang='lat' dir='ltr'><strong>V,</strong></span> <span class='ocrx_word' id='word_1_189' title='bbox 677 2883 711 2933; x_wconf 84' lang='grc'><strong>114</strong></span> <span class='ocrx_word' id='word_1_190' title='bbox 726 2888 753 2931; x_wconf 87' lang='lat' dir='ltr'><strong>et</strong></span> <span class='ocrx_word' id='word_1_191' title='bbox 769 2881 831 2941; x_wconf 84' lang='lat' dir='ltr'><strong>Vll,</strong></span> 
     </span>
     <span class='ocr_line' id='line_1_34' title="bbox 292 2942 831 3017; baseline -0.017 -10"><span class='ocrx_word' id='word_1_192' title='bbox 292 2956 350 3007; x_wconf 69' lang='lat'><strong>158.</strong></span> <span class='ocrx_word' id='word_1_193' title='bbox 388 2956 420 3005; x_wconf 93' lang='lat' dir='ltr'><strong>In</strong></span> <span class='ocrx_word' id='word_1_194' title='bbox 434 2967 511 3017; x_wconf 85' lang='lat' dir='ltr'><strong>seqq.</strong></span> <span class='ocrx_word' id='word_1_195' title='bbox 525 2944 579 3015; x_wconf 74' lang='grc' dir='ltr'><strong>τὴν</strong></span> <span class='ocrx_word' id='word_1_196' title='bbox 592 2944 621 2999; x_wconf 80' lang='grc' dir='ltr'><strong><em>ίιι</em></strong></span> <span class='ocrx_word' id='word_1_197' title='bbox 635 2942 769 3014; x_wconf 77' lang='grc' dir='ltr'><strong><em>Σπάρτης</em></strong></span> <span class='ocrx_word' id='word_1_198' title='bbox 781 2943 831 3011; x_wconf 82' lang='grc' dir='ltr'><strong>ἁρ-</strong></span> 
     </span>
     <span class='ocr_line' id='line_1_35' title="bbox 290 3012 831 3089; baseline -0.011 -16"><span class='ocrx_word' id='word_1_199' title='bbox 290 3023 453 3089; x_wconf 79' lang='grc' dir='ltr'><strong><em>τταχδεῖσαν</em></strong></span> <span class='ocrx_word' id='word_1_200' title='bbox 477 3015 530 3071; x_wconf 75' lang='grc' dir='ltr'><strong>ὑπ’</strong></span> <span class='ocrx_word' id='word_1_201' title='bbox 552 3012 661 3081; x_wconf 80' lang='grc' dir='ltr'><strong><em>ἀνδρὸς</em></strong></span> <span class='ocrx_word' id='word_1_202' title='bbox 684 3016 831 3086; x_wconf 76' lang='grc' dir='ltr'><strong><em>βαρβάρου</em></strong></span> 
     </span>
     <span class='ocr_line' id='line_1_36' title="bbox 289 3089 830 3157; baseline -0.007 -15"><span class='ocrx_word' id='word_1_203' title='bbox 289 3096 410 3157; x_wconf 74' lang='grc' dir='ltr'><strong><em>γυναῖκα</em></strong></span> <span class='ocrx_word' id='word_1_204' title='bbox 428 3094 497 3141; x_wconf 86' lang='lat' dir='ltr'><strong>setis</strong></span> <span class='ocrx_word' id='word_1_205' title='bbox 513 3094 592 3155; x_wconf 81' lang='lat' dir='ltr'><strong>petet</strong></span> <span class='ocrx_word' id='word_1_206' title='bbox 607 3090 730 3139; x_wconf 80' lang='lat' dir='ltr'><strong>Helenum</strong></span> <span class='ocrx_word' id='word_1_207' title='bbox 751 3089 830 3139; x_wconf 89' lang='lat' dir='ltr'><strong>intel·</strong></span> 
     </span>
     <span class='ocr_line' id='line_1_37' title="bbox 289 3158 829 3227; baseline -0.007 -15"><span class='ocrx_word' id='word_1_208' title='bbox 289 3163 338 3227; x_wconf 79' lang='lat' dir='ltr'><strong>ligi</strong></span> <span class='ocrx_word' id='word_1_209' title='bbox 362 3178 379 3212; x_wconf 87' lang='lat' dir='ltr'><strong>s</strong></span> <span class='ocrx_word' id='word_1_210' title='bbox 403 3162 512 3219; x_wconf 82' lang='lat' dir='ltr'><strong>Poride,</strong></span> <span class='ocrx_word' id='word_1_211' title='bbox 542 3160 600 3209; x_wconf 86' lang='lat' dir='ltr'><strong>viro</strong></span> <span class='ocrx_word' id='word_1_212' title='bbox 623 3158 740 3209; x_wconf 86' lang='lat' dir='ltr'><strong>bsrbero</strong></span> <span class='ocrx_word' id='word_1_213' title='bbox 764 3160 829 3223; x_wconf 80' lang='lat' dir='ltr'><strong>(non</strong></span> 
     </span>
     <span class='ocr_line' id='line_1_38' title="bbox 289 3229 537 3294; baseline -0.02 -12"><span class='ocrx_word' id='word_1_214' title='bbox 289 3229 406 3294; x_wconf 76' lang='lat' dir='ltr'><strong>Graeco)</strong></span> <span class='ocrx_word' id='word_1_215' title='bbox 420 3234 537 3293; x_wconf 76' lang='lat' dir='ltr'><strong>reptem.</strong></span> 
     </span>
    </p>

    <p class='ocr_par' dir='ltr' id='par_1_8' title="bbox 286 3292 829 4272">
     <span class='ocr_line' id='line_1_39' title="bbox 325 3292 829 3364; baseline -0.006 -15"><span class='ocrx_word' id='word_1_216' title='bbox 325 3297 440 3364; x_wconf 72' lang='grc' dir='ltr'><strong><em>ἔσχοντο</em></strong></span> <span class='ocrx_word' id='word_1_217' title='bbox 450 3296 500 3361; x_wconf 79' lang='grc' dir='ltr'><strong>τῆς</strong></span> <span class='ocrx_word' id='word_1_218' title='bbox 512 3292 655 3360; x_wconf 87' lang='grc' dir='ltr'><strong><em>τιμωρίης]</em></strong></span> <span class='ocrx_word' id='word_1_219' title='bbox 671 3296 689 3344; x_wconf 93' lang='lat' dir='ltr'><strong>i.</strong></span> <span class='ocrx_word' id='word_1_220' title='bbox 702 3311 726 3345; x_wconf 89' lang='lat' dir='ltr'><strong>e.</strong></span> <span class='ocrx_word' id='word_1_221' title='bbox 737 3295 769 3346; x_wconf 86' lang='lat' dir='ltr'><strong>ub</strong></span> <span class='ocrx_word' id='word_1_222' title='bbox 783 3312 829 3345; x_wconf 86' lang='grc' dir='ltr'><strong><em>ιιιι-</em></strong></span> 
     </span>
     <span class='ocr_line' id='line_1_40' title="bbox 288 3365 827 3432; baseline -0.007 -13"><span class='ocrx_word' id='word_1_223' title='bbox 288 3372 352 3420; x_wconf 71' lang='grc' dir='ltr'><strong><em>ττίίίο</em></strong></span> <span class='ocrx_word' id='word_1_224' title='bbox 372 3369 481 3432; x_wconf 76' lang='lat' dir='ltr'><strong>serendo</strong></span> <span class='ocrx_word' id='word_1_225' title='bbox 504 3367 685 3416; x_wconf 81' lang='lat' dir='ltr'><strong>abstinuerunt.</strong></span> <span class='ocrx_word' id='word_1_226' title='bbox 725 3365 827 3415; x_wconf 83' lang='lat' dir='ltr'><strong>Eodem</strong></span> 
     </span>
     <span class='ocr_line' id='line_1_41' title="bbox 289 3430 825 3501; baseline -0.006 -11"><span class='ocrx_word' id='word_1_227' title='bbox 289 3440 369 3490; x_wconf 86' lang='lat' dir='ltr'><strong>modo</strong></span> <span class='ocrx_word' id='word_1_228' title='bbox 383 3430 499 3501; x_wconf 75' lang='grc' dir='ltr'><strong><em>ἔσχοντο</em></strong></span> <span class='ocrx_word' id='word_1_229' title='bbox 510 3436 564 3499; x_wconf 80' lang='lat' dir='ltr'><strong>vi,</strong></span> <span class='ocrx_word' id='word_1_230' title='bbox 578 3435 612 3485; x_wconf 78' lang='lat'><strong>85</strong></span> <span class='ocrx_word' id='word_1_231' title='bbox 626 3433 687 3485; x_wconf 87' lang='lat' dir='ltr'><strong>coll.</strong></span> <span class='ocrx_word' id='word_1_232' title='bbox 703 3434 751 3497; x_wconf 81' lang='lat' dir='ltr'><strong>lx,</strong></span> <span class='ocrx_word' id='word_1_233' title='bbox 767 3434 825 3488; x_wconf 81' lang='lat'><strong>137.</strong></span> 
     </span>
     <span class='ocr_line' id='line_1_42' title="bbox 288 3504 829 3574; baseline -0.013 -14"><span class='ocrx_word' id='word_1_234' title='bbox 288 3512 349 3561; x_wconf 89' lang='lat' dir='ltr'><strong>Non</strong></span> <span class='ocrx_word' id='word_1_235' title='bbox 370 3522 480 3574; x_wconf 91' lang='lat' dir='ltr'><strong>prorsus</strong></span> <span class='ocrx_word' id='word_1_236' title='bbox 497 3521 557 3556; x_wconf 85' lang='lat' dir='ltr'><strong>cunr</strong></span> <span class='ocrx_word' id='word_1_237' title='bbox 570 3504 710 3554; x_wconf 84' lang='lat' dir='ltr'><strong>Herodoto</strong></span> <span class='ocrx_word' id='word_1_238' title='bbox 729 3520 829 3554; x_wconf 86' lang='lat' dir='ltr'><strong>eonve-</strong></span> 
     </span>
     <span class='ocr_line' id='line_1_43' title="bbox 289 3574 827 3640; baseline -0.007 -12"><span class='ocrx_word' id='word_1_239' title='bbox 289 3580 330 3629; x_wconf 89' lang='lat' dir='ltr'><strong>nit</strong></span> <span class='ocrx_word' id='word_1_240' title='bbox 348 3578 470 3639; x_wconf 73' lang='lat' dir='ltr'><strong>Ctesias,</strong></span> <span class='ocrx_word' id='word_1_241' title='bbox 496 3576 541 3640; x_wconf 89' lang='lat' dir='ltr'><strong>qui</strong></span> <span class='ocrx_word' id='word_1_242' title='bbox 567 3574 595 3624; x_wconf 93' lang='lat' dir='ltr'><strong>in</strong></span> <span class='ocrx_word' id='word_1_243' title='bbox 610 3574 729 3626; x_wconf 84' lang='lat' dir='ltr'><strong>Persice.</strong></span> <span class='ocrx_word' id='word_1_244' title='bbox 750 3576 774 3635; x_wconf 67' lang='grc' dir='ltr'><strong>ξ,</strong></span> <span class='ocrx_word' id='word_1_245' title='bbox 794 3575 827 3625; x_wconf 71' lang='grc'><strong>16</strong></span> 
     </span>
     <span class='ocr_line' id='line_1_44' title="bbox 289 3644 827 3700; baseline -0.013 0"><span class='ocrx_word' id='word_1_246' title='bbox 289 3646 481 3700; x_wconf 81' lang='lat' dir='ltr'><strong>Themistoclis</strong></span> <span class='ocrx_word' id='word_1_247' title='bbox 508 3651 536 3695; x_wconf 87' lang='lat' dir='ltr'><strong>et</strong></span> <span class='ocrx_word' id='word_1_248' title='bbox 557 3644 688 3694; x_wconf 82' lang='lat' dir='ltr'><strong>Aristidis</strong></span> <span class='ocrx_word' id='word_1_249' title='bbox 713 3644 827 3693; x_wconf 87' lang='lat' dir='ltr'><strong>oonsilio</strong></span> 
     </span>
     <span class='ocr_line' id='line_1_45' title="bbox 288 3713 829 3778; baseline -0.017 -8"><span class='ocrx_word' id='word_1_250' title='bbox 288 3723 384 3770; x_wconf 80' lang='lat' dir='ltr'><strong>nsrrst</strong></span> <span class='ocrx_word' id='word_1_251' title='bbox 397 3734 411 3768; x_wconf 91' lang='lat' dir='ltr'><strong>e</strong></span> <span class='ocrx_word' id='word_1_252' title='bbox 422 3715 505 3766; x_wconf 79' lang='lat' dir='ltr'><strong>Crete</strong></span> <span class='ocrx_word' id='word_1_253' title='bbox 514 3716 662 3778; x_wconf 70' lang='lat' dir='ltr'><strong>capitiarius</strong></span> <span class='ocrx_word' id='word_1_254' title='bbox 673 3727 733 3762; x_wconf 86' lang='lat' dir='ltr'><strong>esse</strong></span> <span class='ocrx_word' id='word_1_255' title='bbox 744 3713 829 3762; x_wconf 79' lang='lat' dir='ltr'><strong>advo·</strong></span> 
     </span>
     <span class='ocr_line' id='line_1_46' title="bbox 288 3782 826 3851; baseline -0.013 -11"><span class='ocrx_word' id='word_1_256' title='bbox 288 3793 382 3851; x_wconf 78' lang='lat' dir='ltr'><strong>cetos,</strong></span> <span class='ocrx_word' id='word_1_257' title='bbox 396 3786 558 3849; x_wconf 86' lang='lat' dir='ltr'><strong>eosdemque</strong></span> <span class='ocrx_word' id='word_1_258' title='bbox 572 3783 653 3832; x_wconf 81' lang='lat' dir='ltr'><strong>etism</strong></span> <span class='ocrx_word' id='word_1_259' title='bbox 667 3782 826 3833; x_wconf 75' lang='lat' dir='ltr'><strong>advenisse:</strong></span> 
     </span>
     <span class='ocr_line' id='line_1_47' title="bbox 288 3851 827 3924; baseline -0.017 -14"><span class='ocrx_word' id='word_1_260' title='bbox 288 3872 359 3924; x_wconf 80' lang='lat' dir='ltr'><strong>queo</strong></span> <span class='ocrx_word' id='word_1_261' title='bbox 378 3861 443 3921; x_wconf 78' lang='lat' dir='ltr'><strong>epte</strong></span> <span class='ocrx_word' id='word_1_262' title='bbox 460 3855 564 3905; x_wconf 76' lang='lat' dir='ltr'><strong>confert</strong></span> <span class='ocrx_word' id='word_1_263' title='bbox 577 3852 697 3902; x_wconf 88' lang='lat' dir='ltr'><strong>Sintenis</strong></span> <span class='ocrx_word' id='word_1_264' title='bbox 715 3851 751 3900; x_wconf 83' lang='lat' dir='ltr'><strong>sd</strong></span> <span class='ocrx_word' id='word_1_265' title='bbox 763 3852 827 3902; x_wconf 89' lang='lat' dir='ltr'><strong>Plu·</strong></span> 
     </span>
     <span class='ocr_line' id='line_1_48' title="bbox 288 3920 827 3977; baseline -0.015 0"><span class='ocrx_word' id='word_1_266' title='bbox 288 3927 375 3977; x_wconf 85' lang='lat' dir='ltr'><strong>tsrch.</strong></span> <span class='ocrx_word' id='word_1_267' title='bbox 387 3923 564 3976; x_wconf 83' lang='lat' dir='ltr'><strong>Themistocl.</strong></span> <span class='ocrx_word' id='word_1_268' title='bbox 578 3921 608 3973; x_wconf 81' lang='lat'><strong>14</strong></span> <span class='ocrx_word' id='word_1_269' title='bbox 621 3921 698 3977; x_wconf 82' lang='lat' dir='ltr'><strong>init..</strong></span> <span class='ocrx_word' id='word_1_270' title='bbox 712 3920 760 3970; x_wconf 92' lang='lat' dir='ltr'><strong>nbi</strong></span> <span class='ocrx_word' id='word_1_271' title='bbox 773 3934 827 3972; x_wconf 80' lang='lat' dir='ltr'><strong>tre·</strong></span> 
     </span>
     <span class='ocr_line' id='line_1_49' title="bbox 288 3991 826 4059; baseline -0.011 -12"><span class='ocrx_word' id='word_1_272' title='bbox 288 3997 375 4058; x_wconf 86' lang='lat' dir='ltr'><strong>ditur,</strong></span> <span class='ocrx_word' id='word_1_273' title='bbox 396 3997 424 4045; x_wconf 90' lang='lat' dir='ltr'><strong>in</strong></span> <span class='ocrx_word' id='word_1_274' title='bbox 442 3993 539 4059; x_wconf 83' lang='lat' dir='ltr'><strong>quevis</strong></span> <span class='ocrx_word' id='word_1_275' title='bbox 557 3991 731 4043; x_wconf 79' lang='lat' dir='ltr'><strong>neveAttios</strong></span> <span class='ocrx_word' id='word_1_276' title='bbox 751 3995 826 4041; x_wconf 89' lang='lat' dir='ltr'><strong>octo-</strong></span> 
     </span>
     <span class='ocr_line' id='line_1_50' title="bbox 287 4061 827 4131; baseline -0.011 -14"><span class='ocrx_word' id='word_1_277' title='bbox 287 4069 365 4131; x_wconf 78' lang='lat' dir='ltr'><strong>ginis</strong></span> <span class='ocrx_word' id='word_1_278' title='bbox 376 4066 460 4116; x_wconf 82' lang='lat' dir='ltr'><strong>tuisse</strong></span> <span class='ocrx_word' id='word_1_279' title='bbox 474 4062 588 4123; x_wconf 81' lang='lat' dir='ltr'><strong>milites,</strong></span> <span class='ocrx_word' id='word_1_280' title='bbox 604 4064 631 4111; x_wconf 91' lang='lat' dir='ltr'><strong>in</strong></span> <span class='ocrx_word' id='word_1_281' title='bbox 644 4061 743 4126; x_wconf 86' lang='lat' dir='ltr'><strong>quibus</strong></span> <span class='ocrx_word' id='word_1_282' title='bbox 755 4068 827 4125; x_wconf 85' lang='lat' dir='ltr'><strong>quat·</strong></span> 
     </span>
     <span class='ocr_line' id='line_1_51' title="bbox 287 4124 825 4198; baseline -0.009 -12"><span class='ocrx_word' id='word_1_283' title='bbox 287 4147 346 4186; x_wconf 82' lang='lat' dir='ltr'><strong>tuor·</strong></span> <span class='ocrx_word' id='word_1_284' title='bbox 359 4137 462 4187; x_wconf 82' lang='lat' dir='ltr'><strong>tuerint</strong></span> <span class='ocrx_word' id='word_1_285' title='bbox 474 4132 603 4198; x_wconf 72' lang='lat' dir='ltr'><strong>snpittnrii</strong></span> <span class='ocrx_word' id='word_1_286' title='bbox 615 4124 769 4196; x_wconf 85' lang='grc' dir='ltr'><strong><em>(τοξόται),</em></strong></span> <span class='ocrx_word' id='word_1_287' title='bbox 785 4146 825 4181; x_wconf 89' lang='lat' dir='ltr'><strong>re-</strong></span> 
     </span>
     <span class='ocr_line' id='line_1_52' title="bbox 286 4203 503 4272; baseline -0.023 -15"><span class='ocrx_word' id='word_1_288' title='bbox 286 4207 355 4272; x_wconf 88' lang='lat' dir='ltr'><strong>liqui</strong></span> <span class='ocrx_word' id='word_1_289' title='bbox 372 4203 503 4270; x_wconf 81' lang='lat' dir='ltr'><strong>hoplites.</strong></span> 
     </span>
    </p>
   </div>
   <div class='ocr_carea' id='block_1_7' title="bbox 321 4322 823 4475">
    <p class='ocr_par' dir='ltr' id='par_1_9' title="bbox 321 4322 823 4475">
     <span class='ocr_line' id='line_1_53' title="bbox 464 4322 650 4373; baseline -0.022 0"><span class='ocrx_word' id='word_1_290' title='bbox 464 4323 530 4373; x_wconf 74' lang='lat' dir='ltr'><strong>Cir.</strong></span> <span class='ocrx_word' id='word_1_291' title='bbox 544 4322 650 4373; x_wconf 83' lang='lat' dir='ltr'>CLXX.</span> 
     </span>
     <span class='ocr_line' id='line_1_54' title="bbox 321 4403 823 4475; baseline -0.006 -16"><span class='ocrx_word' id='word_1_292' title='bbox 321 4404 435 4474; x_wconf 73' lang='grc' dir='ltr'><strong><em>Λέγεται</em></strong></span> <span class='ocrx_word' id='word_1_293' title='bbox 451 4403 505 4475; x_wconf 80' lang='grc' dir='ltr'><strong>γὰρ</strong></span> <span class='ocrx_word' id='word_1_294' title='bbox 518 4408 624 4457; x_wconf 88' lang='grc' dir='ltr'><strong><em>Μίνων</em></strong></span> <span class='ocrx_word' id='word_1_295' title='bbox 636 4423 663 4459; x_wconf 84' lang='grc' dir='ltr'><strong>ιι.</strong></span> <span class='ocrx_word' id='word_1_296' title='bbox 672 4423 695 4461; x_wconf 90' lang='grc' dir='ltr'><strong>τ,</strong></span> <span class='ocrx_word' id='word_1_297' title='bbox 709 4406 745 4474; x_wconf 67' lang='lat' dir='ltr'><strong>t]</strong></span> <span class='ocrx_word' id='word_1_298' title='bbox 766 4405 823 4457; x_wconf 90' lang='grc' dir='ltr'><strong>Μί-</strong></span> 
     </span>
    </p>
   </div>
   <div class='ocr_carea' id='block_1_8' title="bbox 883 1142 1398 1627">
    <p class='ocr_par' dir='ltr' id='par_1_10' title="bbox 883 1142 1398 1627">
     <span class='ocr_line' id='line_1_55' title="bbox 886 1142 1396 1211; baseline -0.006 -19"><span class='ocrx_word' id='word_1_299' title='bbox 886 1160 945 1194; x_wconf 85' lang='grc' dir='ltr'><strong>νων</strong></span> <span class='ocrx_word' id='word_1_300' title='bbox 965 1145 1115 1197; x_wconf 79' lang='lat' dir='ltr'><strong>eFlorent.</strong></span> <span class='ocrx_word' id='word_1_301' title='bbox 1136 1145 1246 1211; x_wconf 84' lang='lat' dir='ltr'><strong>slioqns</strong></span> <span class='ocrx_word' id='word_1_302' title='bbox 1266 1143 1330 1193; x_wconf 88' lang='lat' dir='ltr'><strong>libro</strong></span> <span class='ocrx_word' id='word_1_303' title='bbox 1341 1142 1396 1192; x_wconf 79' lang='lat' dir='ltr'><strong>dedit</strong></span> 
     </span>
     <span class='ocr_line' id='line_1_56' title="bbox 884 1213 1396 1280; baseline -0.014 -15"><span class='ocrx_word' id='word_1_304' title='bbox 884 1213 1047 1280; x_wconf 80' lang='lat' dir='ltr'><strong>Schweigb.,</strong></span> <span class='ocrx_word' id='word_1_305' title='bbox 1070 1231 1147 1280; x_wconf 88' lang='lat' dir='ltr'><strong>quern</strong></span> <span class='ocrx_word' id='word_1_306' title='bbox 1167 1222 1315 1280; x_wconf 88' lang='lat' dir='ltr'><strong>sequuntur</strong></span> <span class='ocrx_word' id='word_1_307' title='bbox 1330 1214 1396 1263; x_wconf 73' lang='lat' dir='ltr'><strong>usur.</strong></span> 
     </span>
     <span class='ocr_line' id='line_1_57' title="bbox 885 1283 1396 1349; baseline -0.008 -15"><span class='ocrx_word' id='word_1_308' title='bbox 885 1292 913 1334; x_wconf 87' lang='lat' dir='ltr'><strong>et</strong></span> <span class='ocrx_word' id='word_1_309' title='bbox 928 1284 1046 1347; x_wconf 82' lang='lat' dir='ltr'><strong>Bekker,</strong></span> <span class='ocrx_word' id='word_1_310' title='bbox 1059 1300 1107 1349; x_wconf 88' lang='lat' dir='ltr'><strong>pro</strong></span> <span class='ocrx_word' id='word_1_311' title='bbox 1120 1284 1196 1349; x_wconf 74' lang='lat' dir='ltr'><strong>vulg.</strong></span> <span class='ocrx_word' id='word_1_312' title='bbox 1210 1283 1304 1345; x_wconf 76' lang='grc' dir='ltr'><strong><em>Μίνω,</em></strong></span> <span class='ocrx_word' id='word_1_313' title='bbox 1317 1292 1340 1333; x_wconf 83' lang='lat' dir='ltr'><strong>et</strong></span> <span class='ocrx_word' id='word_1_314' title='bbox 1351 1283 1396 1339; x_wconf 80' lang='lat' dir='ltr'><strong>vll,</strong></span> 
     </span>
     <span class='ocr_line' id='line_1_58' title="bbox 885 1351 1398 1416; baseline -0.01 -13"><span class='ocrx_word' id='word_1_315' title='bbox 885 1354 934 1404; x_wconf 86' lang='grc'><strong>171</strong></span> <span class='ocrx_word' id='word_1_316' title='bbox 957 1352 1074 1416; x_wconf 88' lang='grc' dir='ltr'><strong><em>Μίνωα,</em></strong></span> <span class='ocrx_word' id='word_1_317' title='bbox 1095 1359 1126 1403; x_wconf 88' lang='lat' dir='ltr'><strong>nt</strong></span> <span class='ocrx_word' id='word_1_318' title='bbox 1149 1353 1214 1403; x_wconf 90' lang='lat' dir='ltr'><strong>libri</strong></span> <span class='ocrx_word' id='word_1_319' title='bbox 1237 1353 1336 1404; x_wconf 82' lang='lat' dir='ltr'><strong>vetusti</strong></span> <span class='ocrx_word' id='word_1_320' title='bbox 1351 1351 1398 1400; x_wconf 81' lang='lat' dir='ltr'><strong>stle-</strong></span> 
     </span>
     <span class='ocr_line' id='line_1_59' title="bbox 883 1418 1398 1486; baseline -0.012 -13"><span class='ocrx_word' id='word_1_321' title='bbox 883 1431 956 1486; x_wconf 86' lang='lat' dir='ltr'><strong>runt‚</strong></span> <span class='ocrx_word' id='word_1_322' title='bbox 976 1438 993 1472; x_wconf 85' lang='lat' dir='ltr'><strong>e</strong></span> <span class='ocrx_word' id='word_1_323' title='bbox 1006 1423 1154 1473; x_wconf 83' lang='lat' dir='ltr'><strong>Scbsstero</strong></span> <span class='ocrx_word' id='word_1_324' title='bbox 1170 1430 1303 1473; x_wconf 85' lang='lat' dir='ltr'><strong>mntstum</strong></span> <span class='ocrx_word' id='word_1_325' title='bbox 1321 1424 1345 1472; x_wconf 85' lang='lat' dir='ltr'><strong>in</strong></span> <span class='ocrx_word' id='word_1_326' title='bbox 1356 1418 1398 1470; x_wconf 81' lang='lat' dir='ltr'><strong>Mi-</strong></span> 
     </span>
     <span class='ocr_line' id='line_1_60' title="bbox 884 1489 1397 1555; baseline -0.002 -15"><span class='ocrx_word' id='word_1_327' title='bbox 884 1507 934 1555; x_wconf 85' lang='grc' dir='ltr'><strong>νω,</strong></span> <span class='ocrx_word' id='word_1_328' title='bbox 950 1507 967 1541; x_wconf 85' lang='lat' dir='ltr'><strong>s</strong></span> <span class='ocrx_word' id='word_1_329' title='bbox 978 1491 1103 1543; x_wconf 80' lang='lat' dir='ltr'><strong>Bekkero</strong></span> <span class='ocrx_word' id='word_1_330' title='bbox 1118 1496 1146 1541; x_wconf 90' lang='lat' dir='ltr'><strong>in</strong></span> <span class='ocrx_word' id='word_1_331' title='bbox 1158 1491 1287 1543; x_wconf 86' lang='grc' dir='ltr'><strong><em>Μίνων.</em></strong></span> <span class='ocrx_word' id='word_1_332' title='bbox 1311 1489 1397 1541; x_wconf 83' lang='lat' dir='ltr'><strong>anid</strong></span> 
     </span>
     <span class='ocr_line' id='line_1_61' title="bbox 884 1561 1397 1627; baseline -0.004 -15"><span class='ocrx_word' id='word_1_333' title='bbox 884 1563 918 1612; x_wconf 90' lang='lat' dir='ltr'><strong>de</strong></span> <span class='ocrx_word' id='word_1_334' title='bbox 930 1561 974 1611; x_wconf 89' lang='lat' dir='ltr'><strong>his</strong></span> <span class='ocrx_word' id='word_1_335' title='bbox 989 1562 1083 1611; x_wconf 82' lang='lat' dir='ltr'><strong>formis</strong></span> <span class='ocrx_word' id='word_1_336' title='bbox 1096 1562 1213 1612; x_wconf 81' lang='lat' dir='ltr'><strong>Bredov.</strong></span> <span class='ocrx_word' id='word_1_337' title='bbox 1230 1562 1345 1627; x_wconf 58' lang='lat' dir='ltr'><strong>pugeio</strong></span> <span class='ocrx_word' id='word_1_338' title='bbox 1355 1575 1397 1623; x_wconf 83' lang='lat' dir='ltr'><strong>seq.</strong></span> 
     </span>
    </p>
   </div>
   <div class='ocr_carea' id='block_1_9' title="bbox 868 1628 1398 1695">
    <p class='ocr_par' dir='ltr' id='par_1_11' title="bbox 868 1628 1398 1695">
     <span class='ocr_line' id='line_1_62' title="bbox 868 1628 1398 1695; baseline -0.008 -13"><span class='ocrx_word' id='word_1_339' title='bbox 868 1631 925 1682; x_wconf 64' lang='lat' dir='ltr'><strong>nd</strong></span> <span class='ocrx_word' id='word_1_340' title='bbox 938 1638 1128 1695; x_wconf 75' lang='lat' dir='ltr'><strong>argumentum</strong></span> <span class='ocrx_word' id='word_1_341' title='bbox 1147 1631 1200 1680; x_wconf 83' lang='lat' dir='ltr'><strong>vid.</strong></span> <span class='ocrx_word' id='word_1_342' title='bbox 1216 1630 1315 1681; x_wconf 85' lang='lat' dir='ltr'><strong>Zenob.</strong></span> <span class='ocrx_word' id='word_1_343' title='bbox 1329 1628 1398 1689; x_wconf 75' lang='lat' dir='ltr'><strong>il&#39;‚lt</strong></span> 
     </span>
    </p>
   </div>
   <div class='ocr_carea' id='block_1_10' title="bbox 872 1698 1399 4474">
    <p class='ocr_par' dir='ltr' id='par_1_12' title="bbox 876 1698 1399 4127">
     <span class='ocr_line' id='line_1_63' title="bbox 883 1698 1397 1760; baseline -0.01 -9"><span class='ocrx_word' id='word_1_344' title='bbox 883 1701 944 1751; x_wconf 86' lang='lat' dir='ltr'><strong>coll.</strong></span> <span class='ocrx_word' id='word_1_345' title='bbox 958 1700 1074 1753; x_wconf 83' lang='lat' dir='ltr'><strong>Diodor.</strong></span> <span class='ocrx_word' id='word_1_346' title='bbox 1090 1701 1138 1760; x_wconf 80' lang='lat' dir='ltr'><strong>lv,</strong></span> <span class='ocrx_word' id='word_1_347' title='bbox 1152 1701 1196 1751; x_wconf 78' lang='lat'><strong>79.</strong></span> <span class='ocrx_word' id='word_1_348' title='bbox 1225 1702 1339 1751; x_wconf 75' lang='lat' dir='ltr'><strong>Penssn.</strong></span> <span class='ocrx_word' id='word_1_349' title='bbox 1351 1698 1397 1756; x_wconf 84' lang='lat' dir='ltr'><strong>llll,</strong></span> 
     </span>
     <span class='ocr_line' id='line_1_64' title="bbox 881 1766 1398 1833; baseline -0.006 -13"><span class='ocrx_word' id='word_1_350' title='bbox 881 1772 907 1822; x_wconf 86' lang='grc'><strong>4.</strong></span> <span class='ocrx_word' id='word_1_351' title='bbox 923 1772 947 1833; x_wconf 69' lang='grc' dir='ltr'><strong>ξ.</strong></span> <span class='ocrx_word' id='word_1_352' title='bbox 964 1772 990 1820; x_wconf 79' lang='grc'><strong>5.</strong></span> <span class='ocrx_word' id='word_1_353' title='bbox 1010 1770 1114 1820; x_wconf 85' lang='lat' dir='ltr'><strong>Conon.</strong></span> <span class='ocrx_word' id='word_1_354' title='bbox 1131 1770 1245 1820; x_wconf 80' lang='lat' dir='ltr'><strong>Nurrst.</strong></span> <span class='ocrx_word' id='word_1_355' title='bbox 1258 1771 1299 1820; x_wconf 78' lang='lat'><strong>25.</strong></span> <span class='ocrx_word' id='word_1_356' title='bbox 1315 1766 1398 1817; x_wconf 73' lang='lat' dir='ltr'><strong>Hoeck</strong></span> 
     </span>
     <span class='ocr_line' id='line_1_65' title="bbox 882 1839 1398 1904; baseline -0.008 -14"><span class='ocrx_word' id='word_1_357' title='bbox 882 1840 955 1890; x_wconf 84' lang='lat' dir='ltr'><strong>Cret.</strong></span> <span class='ocrx_word' id='word_1_358' title='bbox 967 1841 1002 1889; x_wconf 92' lang='grc'><strong>11.</strong></span> <span class='ocrx_word' id='word_1_359' title='bbox 1015 1855 1042 1904; x_wconf 89' lang='lat' dir='ltr'><strong>p.</strong></span> <span class='ocrx_word' id='word_1_360' title='bbox 1051 1839 1101 1890; x_wconf 73' lang='lat'><strong>377</strong></span> <span class='ocrx_word' id='word_1_361' title='bbox 1112 1845 1181 1899; x_wconf 77' lang='lat' dir='ltr'><strong>not,</strong></span> <span class='ocrx_word' id='word_1_362' title='bbox 1196 1841 1294 1890; x_wconf 84' lang='lat' dir='ltr'><strong>Grote:</strong></span> <span class='ocrx_word' id='word_1_363' title='bbox 1307 1839 1398 1899; x_wconf 78' lang='lat' dir='ltr'><strong>Histoq</strong></span> 
     </span>
     <span class='ocr_line' id='line_1_66' title="bbox 881 1906 1398 1974; baseline -0.014 -14"><span class='ocrx_word' id='word_1_364' title='bbox 881 1910 912 1960; x_wconf 81' lang='lat' dir='ltr'><strong>oi</strong></span> <span class='ocrx_word' id='word_1_365' title='bbox 920 1912 1021 1959; x_wconf 83' lang='lat' dir='ltr'><strong>Grseoe</strong></span> <span class='ocrx_word' id='word_1_366' title='bbox 1035 1909 1058 1962; x_wconf 89' lang='lat'><strong>1.</strong></span> <span class='ocrx_word' id='word_1_367' title='bbox 1071 1924 1134 1974; x_wconf 67' lang='grc' dir='ltr'><strong><em>μσς.</em></strong></span> <span class='ocrx_word' id='word_1_368' title='bbox 1147 1908 1196 1960; x_wconf 83' lang='grc'><strong>311</strong></span> <span class='ocrx_word' id='word_1_369' title='bbox 1215 1925 1273 1974; x_wconf 86' lang='lat' dir='ltr'><strong>seq.</strong></span> <span class='ocrx_word' id='word_1_370' title='bbox 1292 1908 1370 1958; x_wconf 80' lang='lat' dir='ltr'><strong>llinos</strong></span> <span class='ocrx_word' id='word_1_371' title='bbox 1380 1906 1398 1953; x_wconf 87' lang='lat' dir='ltr'><strong>ir</strong></span> 
     </span>
     <span class='ocr_line' id='line_1_67' title="bbox 882 1974 1399 2030; baseline -0.012 0"><span class='ocrx_word' id='word_1_372' title='bbox 882 1979 1005 2030; x_wconf 81' lang='lat' dir='ltr'><strong>Siciliam</strong></span> <span class='ocrx_word' id='word_1_373' title='bbox 1022 1994 1082 2028; x_wconf 88' lang='lat' dir='ltr'><strong>curn</strong></span> <span class='ocrx_word' id='word_1_374' title='bbox 1097 1979 1222 2029; x_wconf 83' lang='lat' dir='ltr'><strong>venisset</strong></span> <span class='ocrx_word' id='word_1_375' title='bbox 1236 1974 1399 2027; x_wconf 74' lang='lat' dir='ltr'><strong>Conriennsi</strong></span> 
     </span>
     <span class='ocr_line' id='line_1_68' title="bbox 882 2048 1398 2114; baseline -0.008 -16"><span class='ocrx_word' id='word_1_376' title='bbox 882 2048 1065 2114; x_wconf 75' lang='lat' dir='ltr'><strong>quaerendum</strong></span> <span class='ocrx_word' id='word_1_377' title='bbox 1081 2048 1398 2113; x_wconf 75' lang='lat' dir='ltr'><strong>exposcendumqncllse</strong></span> 
     </span>
     <span class='ocr_line' id='line_1_69' title="bbox 881 2116 1399 2182; baseline -0.008 -15"><span class='ocrx_word' id='word_1_378' title='bbox 881 2117 982 2181; x_wconf 77' lang='lat' dir='ltr'><strong>delum,</strong></span> <span class='ocrx_word' id='word_1_379' title='bbox 1002 2117 1117 2182; x_wconf 86' lang='lat' dir='ltr'><strong>periisse</strong></span> <span class='ocrx_word' id='word_1_380' title='bbox 1135 2116 1224 2167; x_wconf 81' lang='lat' dir='ltr'><strong>fertur</strong></span> <span class='ocrx_word' id='word_1_381' title='bbox 1244 2124 1327 2167; x_wconf 86' lang='lat' dir='ltr'><strong>morte</strong></span> <span class='ocrx_word' id='word_1_382' title='bbox 1340 2116 1399 2165; x_wconf 75' lang='lat' dir='ltr'><strong>iube</strong></span> 
     </span>
     <span class='ocr_line' id='line_1_70' title="bbox 880 2185 1398 2252; baseline -0.008 -15"><span class='ocrx_word' id='word_1_383' title='bbox 880 2191 971 2249; x_wconf 78' lang='lat' dir='ltr'><strong>noste,</strong></span> <span class='ocrx_word' id='word_1_384' title='bbox 988 2187 1089 2252; x_wconf 86' lang='lat' dir='ltr'><strong>quippe</strong></span> <span class='ocrx_word' id='word_1_385' title='bbox 1106 2188 1177 2237; x_wconf 86' lang='lat' dir='ltr'><strong>inter</strong></span> <span class='ocrx_word' id='word_1_386' title='bbox 1194 2186 1340 2237; x_wconf 70' lang='lat' dir='ltr'><strong>lavandum</strong></span> <span class='ocrx_word' id='word_1_387' title='bbox 1354 2185 1398 2251; x_wconf 79' lang='lat' dir='ltr'><strong>pise</strong></span> 
     </span>
     <span class='ocr_line' id='line_1_71' title="bbox 880 2254 1398 2307; baseline -0.004 -1"><span class='ocrx_word' id='word_1_388' title='bbox 880 2257 1004 2307; x_wconf 78' lang='lat' dir='ltr'><strong>terrente</strong></span> <span class='ocrx_word' id='word_1_389' title='bbox 1018 2257 1141 2306; x_wconf 79' lang='lat' dir='ltr'><strong>immisse</strong></span> <span class='ocrx_word' id='word_1_390' title='bbox 1156 2257 1322 2307; x_wconf 81' lang='lat' dir='ltr'><strong>interiectus</strong></span> <span class='ocrx_word' id='word_1_391' title='bbox 1338 2254 1398 2304; x_wconf 78' lang='lat' dir='ltr'><strong>sco</strong></span> 
     </span>
     <span class='ocr_line' id='line_1_72' title="bbox 881 2322 1397 2377; baseline -0.01 0"><span class='ocrx_word' id='word_1_392' title='bbox 881 2326 936 2377; x_wconf 80' lang='lat' dir='ltr'><strong>celi</strong></span> <span class='ocrx_word' id='word_1_393' title='bbox 947 2325 1020 2376; x_wconf 85' lang='lat' dir='ltr'><strong>tiliis.</strong></span> <span class='ocrx_word' id='word_1_394' title='bbox 1054 2324 1193 2376; x_wconf 83' lang='lat' dir='ltr'><strong>Obserrst</strong></span> <span class='ocrx_word' id='word_1_395' title='bbox 1212 2331 1305 2376; x_wconf 79' lang='lat' dir='ltr'><strong>sutem</strong></span> <span class='ocrx_word' id='word_1_396' title='bbox 1316 2322 1397 2373; x_wconf 73' lang='lat' dir='ltr'><strong>lloeeb</strong></span> 
     </span>
     <span class='ocr_line' id='line_1_73' title="bbox 882 2395 1398 2461; baseline -0.01 -16"><span class='ocrx_word' id='word_1_397' title='bbox 882 2395 898 2446; x_wconf 92' lang='grc'><strong>1.</strong></span> <span class='ocrx_word' id='word_1_398' title='bbox 915 2395 933 2450; x_wconf 82' lang='lat' dir='ltr'><strong>l.</strong></span> <span class='ocrx_word' id='word_1_399' title='bbox 949 2410 1011 2461; x_wconf 71' lang='grc' dir='ltr'><strong><em>μσς.</em></strong></span> <span class='ocrx_word' id='word_1_400' title='bbox 1023 2395 1075 2445; x_wconf 75' lang='grc'><strong>312</strong></span> <span class='ocrx_word' id='word_1_401' title='bbox 1088 2409 1160 2461; x_wconf 88' lang='lat' dir='ltr'><strong>sqq.‚</strong></span> <span class='ocrx_word' id='word_1_402' title='bbox 1173 2395 1225 2445; x_wconf 89' lang='lat' dir='ltr'><strong>nbi</strong></span> <span class='ocrx_word' id='word_1_403' title='bbox 1237 2397 1266 2445; x_wconf 91' lang='lat' dir='ltr'><strong>in</strong></span> <span class='ocrx_word' id='word_1_404' title='bbox 1276 2396 1329 2445; x_wconf 85' lang='lat' dir='ltr'><strong>ists</strong></span> <span class='ocrx_word' id='word_1_405' title='bbox 1337 2408 1398 2443; x_wconf 83' lang='lat' dir='ltr'><strong>sern-</strong></span> 
     </span>
     <span class='ocr_line' id='line_1_74' title="bbox 880 2461 1398 2530; baseline -0.01 -16"><span class='ocrx_word' id='word_1_406' title='bbox 880 2466 968 2515; x_wconf 82' lang='lat' dir='ltr'><strong>resins</strong></span> <span class='ocrx_word' id='word_1_407' title='bbox 990 2465 1120 2529; x_wconf 85' lang='lat' dir='ltr'><strong>inquirit,</strong></span> <span class='ocrx_word' id='word_1_408' title='bbox 1146 2480 1220 2530; x_wconf 80' lang='lat' dir='ltr'><strong>quse</strong></span> <span class='ocrx_word' id='word_1_409' title='bbox 1247 2464 1281 2514; x_wconf 88' lang='lat' dir='ltr'><strong>de</strong></span> <span class='ocrx_word' id='word_1_410' title='bbox 1297 2461 1398 2514; x_wconf 77' lang='lat' dir='ltr'><strong>Dsedsb</strong></span> 
     </span>
     <span class='ocr_line' id='line_1_75' title="bbox 881 2532 1398 2598; baseline -0.008 -14"><span class='ocrx_word' id='word_1_411' title='bbox 881 2540 909 2584; x_wconf 89' lang='lat' dir='ltr'><strong>et</strong></span> <span class='ocrx_word' id='word_1_412' title='bbox 923 2532 1023 2585; x_wconf 77' lang='lat' dir='ltr'><strong>Cocalo</strong></span> <span class='ocrx_word' id='word_1_413' title='bbox 1041 2534 1128 2598; x_wconf 86' lang='lat' dir='ltr'><strong>deque</strong></span> <span class='ocrx_word' id='word_1_414' title='bbox 1138 2536 1235 2586; x_wconf 73' lang='lat' dir='ltr'><strong>Minoe</strong></span> <span class='ocrx_word' id='word_1_415' title='bbox 1253 2535 1280 2583; x_wconf 90' lang='lat' dir='ltr'><strong>in</strong></span> <span class='ocrx_word' id='word_1_416' title='bbox 1296 2532 1398 2584; x_wconf 78' lang='lat' dir='ltr'><strong>Sicilisn</strong></span> 
     </span>
     <span class='ocr_line' id='line_1_76' title="bbox 880 2600 1399 2667; baseline -0.01 -14"><span class='ocrx_word' id='word_1_417' title='bbox 880 2603 972 2654; x_wconf 84' lang='lat' dir='ltr'><strong>delsto</strong></span> <span class='ocrx_word' id='word_1_418' title='bbox 985 2611 1141 2663; x_wconf 65' lang='lat' dir='ltr'><strong>narentur,</strong></span> <span class='ocrx_word' id='word_1_419' title='bbox 1154 2619 1186 2652; x_wconf 83' lang='lat' dir='ltr'><strong>es</strong></span> <span class='ocrx_word' id='word_1_420' title='bbox 1207 2604 1318 2654; x_wconf 84' lang='lat' dir='ltr'><strong>minime</strong></span> <span class='ocrx_word' id='word_1_421' title='bbox 1328 2618 1370 2667; x_wconf 89' lang='lat' dir='ltr'><strong>pro</strong></span> <span class='ocrx_word' id='word_1_422' title='bbox 1380 2600 1399 2648; x_wconf 84' lang='lat' dir='ltr'><strong>i-</strong></span> 
     </span>
     <span class='ocr_line' id='line_1_77' title="bbox 879 2668 1399 2737; baseline -0.013 -13"><span class='ocrx_word' id='word_1_423' title='bbox 879 2674 966 2724; x_wconf 90' lang='lat' dir='ltr'><strong>ctitiis</strong></span> <span class='ocrx_word' id='word_1_424' title='bbox 978 2671 1104 2723; x_wconf 76' lang='lat' dir='ltr'><strong>habende</strong></span> <span class='ocrx_word' id='word_1_425' title='bbox 1117 2668 1399 2737; x_wconf 77' lang='lat' dir='ltr'><strong>stetimquerciieiends</strong></span> 
     </span>
     <span class='ocr_line' id='line_1_78' title="bbox 880 2738 1399 2807; baseline -0.013 -13"><span class='ocrx_word' id='word_1_426' title='bbox 880 2758 953 2803; x_wconf 85' lang='lat' dir='ltr'><strong>esse;</strong></span> <span class='ocrx_word' id='word_1_427' title='bbox 972 2741 1081 2807; x_wconf 85' lang='lat' dir='ltr'><strong>slioqns</strong></span> <span class='ocrx_word' id='word_1_428' title='bbox 1095 2743 1165 2793; x_wconf 86' lang='lat' dir='ltr'><strong>eninr</strong></span> <span class='ocrx_word' id='word_1_429' title='bbox 1180 2742 1309 2807; x_wconf 74' lang='lat' dir='ltr'><strong>Pythium</strong></span> <span class='ocrx_word' id='word_1_430' title='bbox 1322 2740 1354 2790; x_wconf 88' lang='lat' dir='ltr'><strong>sd</strong></span> <span class='ocrx_word' id='word_1_431' title='bbox 1366 2738 1399 2787; x_wconf 85' lang='lat' dir='ltr'><strong>ills</strong></span> 
     </span>
     <span class='ocr_line' id='line_1_79' title="bbox 878 2812 1399 2878; baseline -0.006 -16"><span class='ocrx_word' id='word_1_432' title='bbox 878 2813 1015 2878; x_wconf 82' lang='lat' dir='ltr'><strong>respicere</strong></span> <span class='ocrx_word' id='word_1_433' title='bbox 1040 2812 1112 2861; x_wconf 84' lang='lat' dir='ltr'><strong>hsud</strong></span> <span class='ocrx_word' id='word_1_434' title='bbox 1130 2813 1274 2877; x_wconf 82' lang='lat' dir='ltr'><strong>potuisse,</strong></span> <span class='ocrx_word' id='word_1_435' title='bbox 1297 2812 1348 2861; x_wconf 89' lang='lat' dir='ltr'><strong>nisi</strong></span> <span class='ocrx_word' id='word_1_436' title='bbox 1364 2823 1399 2874; x_wconf 84' lang='lat' dir='ltr'><strong>pro</strong></span> 
     </span>
     <span class='ocr_line' id='line_1_80' title="bbox 879 2880 1398 2946; baseline -0.004 -15"><span class='ocrx_word' id='word_1_437' title='bbox 879 2882 964 2932; x_wconf 86' lang='lat' dir='ltr'><strong>certis</strong></span> <span class='ocrx_word' id='word_1_438' title='bbox 977 2897 1011 2931; x_wconf 87' lang='lat' dir='ltr'><strong>sc</strong></span> <span class='ocrx_word' id='word_1_439' title='bbox 1025 2881 1302 2946; x_wconf 78' lang='lat' dir='ltr'><strong>verisvulgoiueriut</strong></span> <span class='ocrx_word' id='word_1_440' title='bbox 1311 2880 1398 2929; x_wconf 69' lang='lat' dir='ltr'><strong>bsbitsz</strong></span> 
     </span>
     <span class='ocr_line' id='line_1_81' title="bbox 879 2951 1399 3016; baseline -0.006 -16"><span class='ocrx_word' id='word_1_441' title='bbox 879 2966 968 3016; x_wconf 86' lang='lat' dir='ltr'><strong>neque</strong></span> <span class='ocrx_word' id='word_1_442' title='bbox 987 2951 1069 3001; x_wconf 83' lang='lat' dir='ltr'><strong>etium</strong></span> <span class='ocrx_word' id='word_1_443' title='bbox 1088 2951 1156 3002; x_wconf 86' lang='lat' dir='ltr'><strong>bsec</strong></span> <span class='ocrx_word' id='word_1_444' title='bbox 1184 2969 1201 3001; x_wconf 82' lang='lat' dir='ltr'><strong>e</strong></span> <span class='ocrx_word' id='word_1_445' title='bbox 1223 2966 1290 3002; x_wconf 84' lang='lat' dir='ltr'><strong>vero</strong></span> <span class='ocrx_word' id='word_1_446' title='bbox 1311 2961 1399 3015; x_wconf 81' lang='lat' dir='ltr'><strong>prorsus</strong></span> 
     </span>
     <span class='ocr_line' id='line_1_82' title="bbox 880 3014 1399 3082; baseline -0.006 -13"><span class='ocrx_word' id='word_1_447' title='bbox 880 3021 1037 3082; x_wconf 70' lang='lat' dir='ltr'><strong>abhorrere,</strong></span> <span class='ocrx_word' id='word_1_448' title='bbox 1052 3036 1113 3071; x_wconf 84' lang='lat' dir='ltr'><strong>cum</strong></span> <span class='ocrx_word' id='word_1_449' title='bbox 1124 3020 1274 3071; x_wconf 78' lang='lat' dir='ltr'><strong>Cretenses</strong></span> <span class='ocrx_word' id='word_1_450' title='bbox 1286 3036 1314 3070; x_wconf 86' lang='lat' dir='ltr'><strong>re</strong></span> <span class='ocrx_word' id='word_1_451' title='bbox 1326 3014 1399 3068; x_wconf 78' lang='lat' dir='ltr'><strong>nsrsli</strong></span> 
     </span>
     <span class='ocr_line' id='line_1_83' title="bbox 878 3088 1399 3155; baseline -0.008 -15"><span class='ocrx_word' id='word_1_452' title='bbox 878 3096 945 3141; x_wconf 89' lang='lat' dir='ltr'><strong>tnnc</strong></span> <span class='ocrx_word' id='word_1_453' title='bbox 957 3092 1088 3155; x_wconf 86' lang='lat' dir='ltr'><strong>temporis</strong></span> <span class='ocrx_word' id='word_1_454' title='bbox 1098 3088 1265 3142; x_wconf 81' lang='lat' dir='ltr'><strong>excellentes</strong></span> <span class='ocrx_word' id='word_1_455' title='bbox 1274 3096 1302 3139; x_wconf 87' lang='lat' dir='ltr'><strong>et</strong></span> <span class='ocrx_word' id='word_1_456' title='bbox 1310 3103 1353 3153; x_wconf 88' lang='lat' dir='ltr'><strong>per</strong></span> <span class='ocrx_word' id='word_1_457' title='bbox 1358 3100 1399 3135; x_wconf 79' lang='lat' dir='ltr'><strong>ns·</strong></span> 
     </span>
     <span class='ocr_line' id='line_1_84' title="bbox 878 3158 1398 3224; baseline -0.01 -16"><span class='ocrx_word' id='word_1_458' title='bbox 878 3160 920 3209; x_wconf 87' lang='lat' dir='ltr'><strong>ris</strong></span> <span class='ocrx_word' id='word_1_459' title='bbox 927 3158 1040 3209; x_wconf 89' lang='lat' dir='ltr'><strong>multum</strong></span> <span class='ocrx_word' id='word_1_460' title='bbox 1048 3164 1180 3224; x_wconf 77' lang='lat' dir='ltr'><strong>regentes</strong></span> <span class='ocrx_word' id='word_1_461' title='bbox 1191 3159 1398 3220; x_wconf 79' lang='lat' dir='ltr'><strong>dominentesqne</strong></span> 
     </span>
     <span class='ocr_line' id='line_1_85' title="bbox 878 3227 1397 3293; baseline -0.01 -16"><span class='ocrx_word' id='word_1_462' title='bbox 878 3229 907 3278; x_wconf 90' lang='lat' dir='ltr'><strong>in</strong></span> <span class='ocrx_word' id='word_1_463' title='bbox 926 3227 1048 3279; x_wconf 73' lang='lat' dir='ltr'><strong>Sieiliem</strong></span> <span class='ocrx_word' id='word_1_464' title='bbox 1071 3243 1181 3293; x_wconf 89' lang='lat' dir='ltr'><strong>quoque</strong></span> <span class='ocrx_word' id='word_1_465' title='bbox 1201 3230 1313 3280; x_wconf 86' lang='lat' dir='ltr'><strong>venisse</strong></span> <span class='ocrx_word' id='word_1_466' title='bbox 1333 3232 1397 3289; x_wconf 76' lang='lat' dir='ltr'><strong>etque</strong></span> 
     </span>
     <span class='ocr_line' id='line_1_86' title="bbox 877 3296 1397 3363; baseline -0.017 -15"><span class='ocrx_word' id='word_1_467' title='bbox 877 3296 990 3348; x_wconf 88' lang='lat' dir='ltr'><strong>Itslism</strong></span> <span class='ocrx_word' id='word_1_468' title='bbox 1009 3298 1138 3349; x_wconf 85' lang='lat' dir='ltr'><strong>credibile</strong></span> <span class='ocrx_word' id='word_1_469' title='bbox 1153 3298 1199 3359; x_wconf 86' lang='lat' dir='ltr'><strong>sit,</strong></span> <span class='ocrx_word' id='word_1_470' title='bbox 1222 3296 1397 3363; x_wconf 81' lang='lat' dir='ltr'><strong>praeeuntibus</strong></span> 
     </span>
     <span class='ocr_line' id='line_1_87' title="bbox 879 3366 1397 3432; baseline -0.008 -16"><span class='ocrx_word' id='word_1_471' title='bbox 879 3367 1038 3432; x_wconf 75' lang='lat' dir='ltr'><strong>praesertim</strong></span> <span class='ocrx_word' id='word_1_472' title='bbox 1083 3368 1285 3428; x_wconf 82' lang='lat' dir='ltr'><strong>Phoenicibus,</strong></span> <span class='ocrx_word' id='word_1_473' title='bbox 1324 3366 1397 3428; x_wconf 79' lang='lat' dir='ltr'><strong>ibique</strong></span> 
     </span>
     <span class='ocr_line' id='line_1_88' title="bbox 878 3435 1397 3501; baseline -0.01 -13"><span class='ocrx_word' id='word_1_474' title='bbox 878 3438 961 3489; x_wconf 87' lang='lat' dir='ltr'><strong>etism</strong></span> <span class='ocrx_word' id='word_1_475' title='bbox 973 3435 1397 3501; x_wconf 77' lang='lat' dir='ltr'><strong>colonisss.emporiscondidisrs</strong></span> 
     </span>
     <span class='ocr_line' id='line_1_89' title="bbox 877 3502 1397 3572; baseline -0.004 -15"><span class='ocrx_word' id='word_1_476' title='bbox 877 3522 911 3557; x_wconf 84' lang='lat' dir='ltr'><strong>sc</strong></span> <span class='ocrx_word' id='word_1_477' title='bbox 926 3505 998 3557; x_wconf 82' lang='lat' dir='ltr'><strong>belle</strong></span> <span class='ocrx_word' id='word_1_478' title='bbox 1013 3510 1131 3570; x_wconf 81' lang='lat' dir='ltr'><strong>gessisse</strong></span> <span class='ocrx_word' id='word_1_479' title='bbox 1142 3506 1351 3572; x_wconf 78' lang='lat' dir='ltr'><strong>cumindigeuis.</strong></span> <span class='ocrx_word' id='word_1_480' title='bbox 1365 3502 1397 3549; x_wconf 68' lang='lat' dir='ltr'><strong>W·</strong></span> 
     </span>
     <span class='ocr_line' id='line_1_90' title="bbox 878 3570 1396 3640; baseline -0.01 -14"><span class='ocrx_word' id='word_1_481' title='bbox 878 3577 939 3626; x_wconf 89' lang='lat' dir='ltr'><strong>deri</strong></span> <span class='ocrx_word' id='word_1_482' title='bbox 951 3582 1042 3627; x_wconf 82' lang='lat' dir='ltr'><strong>entem</strong></span> <span class='ocrx_word' id='word_1_483' title='bbox 1056 3575 1109 3626; x_wconf 81' lang='lat' dir='ltr'><strong>lise</strong></span> <span class='ocrx_word' id='word_1_484' title='bbox 1120 3576 1294 3640; x_wconf 84' lang='lat' dir='ltr'><strong>potissimum</strong></span> <span class='ocrx_word' id='word_1_485' title='bbox 1312 3570 1396 3624; x_wconf 77' lang='lat' dir='ltr'><strong>infelici</strong></span> 
     </span>
     <span class='ocr_line' id='line_1_91' title="bbox 878 3642 1396 3696; baseline -0.008 -2"><span class='ocrx_word' id='word_1_486' title='bbox 878 3646 978 3695; x_wconf 90' lang='lat' dir='ltr'><strong>Minois</strong></span> <span class='ocrx_word' id='word_1_487' title='bbox 999 3651 1028 3696; x_wconf 87' lang='lat' dir='ltr'><strong>et</strong></span> <span class='ocrx_word' id='word_1_488' title='bbox 1046 3645 1216 3696; x_wconf 80' lang='lat' dir='ltr'><strong>Cretensium</strong></span> <span class='ocrx_word' id='word_1_489' title='bbox 1241 3646 1271 3695; x_wconf 91' lang='lat' dir='ltr'><strong>in</strong></span> <span class='ocrx_word' id='word_1_490' title='bbox 1294 3642 1396 3694; x_wconf 80' lang='lat' dir='ltr'><strong>Sieilisn</strong></span> 
     </span>
     <span class='ocr_line' id='line_1_92' title="bbox 878 3711 1395 3780; baseline -0.006 -16"><span class='ocrx_word' id='word_1_491' title='bbox 878 3715 1053 3780; x_wconf 85' lang='lat' dir='ltr'><strong>expeditione</strong></span> <span class='ocrx_word' id='word_1_492' title='bbox 1075 3713 1325 3777; x_wconf 78' lang='grc' dir='ltr'><strong><em>θαλασσοκρατίαν</em></strong></span> <span class='ocrx_word' id='word_1_493' title='bbox 1348 3711 1395 3761; x_wconf 67' lang='lat' dir='ltr'><strong>Cre</strong></span> 
     </span>
     <span class='ocr_line' id='line_1_93' title="bbox 879 3780 1394 3835; baseline -0.006 -1"><span class='ocrx_word' id='word_1_494' title='bbox 879 3785 996 3834; x_wconf 87' lang='lat' dir='ltr'><strong>tensium</strong></span> <span class='ocrx_word' id='word_1_495' title='bbox 1009 3785 1115 3834; x_wconf 78' lang='lat' dir='ltr'><strong>linitum</strong></span> <span class='ocrx_word' id='word_1_496' title='bbox 1129 3784 1202 3835; x_wconf 85' lang='lat' dir='ltr'><strong>idem</strong></span> <span class='ocrx_word' id='word_1_497' title='bbox 1208 3783 1314 3835; x_wconf 81' lang='lat' dir='ltr'><strong>Hoeck.</strong></span> <span class='ocrx_word' id='word_1_498' title='bbox 1327 3780 1394 3832; x_wconf 82' lang='lat' dir='ltr'><strong>sddit</strong></span> 
     </span>
     <span class='ocr_line' id='line_1_94' title="bbox 877 3850 1394 3918; baseline -0.015 -13"><span class='ocrx_word' id='word_1_499' title='bbox 877 3869 937 3905; x_wconf 86' lang='lat' dir='ltr'><strong>eum</strong></span> <span class='ocrx_word' id='word_1_500' title='bbox 954 3853 990 3904; x_wconf 82' lang='lat' dir='ltr'><strong>nd</strong></span> <span class='ocrx_word' id='word_1_501' title='bbox 1002 3855 1130 3905; x_wconf 71' lang='lat' dir='ltr'><strong>Troicum</strong></span> <span class='ocrx_word' id='word_1_502' title='bbox 1152 3853 1349 3918; x_wconf 79' lang='lat' dir='ltr'><strong>expeditionem</strong></span> <span class='ocrx_word' id='word_1_503' title='bbox 1360 3850 1394 3898; x_wconf 84' lang='lat' dir='ltr'><strong>rix</strong></span> 
     </span>
     <span class='ocr_line' id='line_1_95' title="bbox 876 3921 1394 3987; baseline -0.01 -12"><span class='ocrx_word' id='word_1_504' title='bbox 876 3924 1018 3987; x_wconf 72' lang='lat' dir='ltr'><strong>octogiuta</strong></span> <span class='ocrx_word' id='word_1_505' title='bbox 1042 3938 1128 3973; x_wconf 79' lang='lat' dir='ltr'><strong>naves</strong></span> <span class='ocrx_word' id='word_1_506' title='bbox 1151 3923 1283 3987; x_wconf 71' lang='lat' dir='ltr'><strong>praebere</strong></span> <span class='ocrx_word' id='word_1_507' title='bbox 1308 3921 1344 3971; x_wconf 89' lang='lat' dir='ltr'><strong>illi</strong></span> <span class='ocrx_word' id='word_1_508' title='bbox 1360 3933 1394 3983; x_wconf 71' lang='lat' dir='ltr'><strong>pe</strong></span> 
     </span>
     <span class='ocr_line' id='line_1_96' title="bbox 876 3991 1393 4044; baseline -0.004 -2"><span class='ocrx_word' id='word_1_509' title='bbox 876 3995 980 4044; x_wconf 86' lang='lat' dir='ltr'><strong>tuerint</strong></span> <span class='ocrx_word' id='word_1_510' title='bbox 992 4008 1042 4043; x_wconf 85' lang='lat' dir='ltr'><strong>nse</strong></span> <span class='ocrx_word' id='word_1_511' title='bbox 1056 3991 1113 4042; x_wconf 83' lang='lat' dir='ltr'><strong>ulls</strong></span> <span class='ocrx_word' id='word_1_512' title='bbox 1126 3992 1182 4043; x_wconf 82' lang='lat' dir='ltr'><strong>elie</strong></span> <span class='ocrx_word' id='word_1_513' title='bbox 1192 4008 1285 4044; x_wconf 86' lang='lat' dir='ltr'><strong>eorum</strong></span> <span class='ocrx_word' id='word_1_514' title='bbox 1298 4002 1393 4042; x_wconf 65' lang='lat' dir='ltr'><strong>cossus</strong></span> 
     </span>
     <span class='ocr_line' id='line_1_97' title="bbox 877 4062 1308 4127; baseline -0.002 -15"><span class='ocrx_word' id='word_1_515' title='bbox 877 4068 997 4114; x_wconf 87' lang='lat' dir='ltr'><strong>moretur</strong></span> <span class='ocrx_word' id='word_1_516' title='bbox 1008 4062 1146 4127; x_wconf 84' lang='lat' dir='ltr'><strong>expeditio</strong></span> <span class='ocrx_word' id='word_1_517' title='bbox 1160 4064 1308 4112; x_wconf 77' lang='lat' dir='ltr'><strong>meritisne.</strong></span> 
     </span>
    </p>

    <p class='ocr_par' dir='ltr' id='par_1_13' title="bbox 872 4124 1391 4474">
     <span class='ocr_line' id='line_1_98' title="bbox 912 4124 1391 4196; baseline -0.01 -16"><span class='ocrx_word' id='word_1_518' title='bbox 912 4128 983 4181; x_wconf 80' lang='grc' dir='ltr'><strong><em>κατὰ</em></strong></span> <span class='ocrx_word' id='word_1_519' title='bbox 993 4125 1109 4196; x_wconf 77' lang='grc' dir='ltr'><strong><em>ζήτησιν</em></strong></span> <span class='ocrx_word' id='word_1_520' title='bbox 1125 4124 1285 4196; x_wconf 76' lang='grc' dir='ltr'><strong><em>Δαιδάλου]</em></strong></span> <span class='ocrx_word' id='word_1_521' title='bbox 1308 4126 1391 4179; x_wconf 82' lang='lat' dir='ltr'><strong>Esden</strong></span> 
     </span>
     <span class='ocr_line' id='line_1_99' title="bbox 874 4197 1391 4266; baseline -0.012 -15"><span class='ocrx_word' id='word_1_522' title='bbox 874 4201 978 4252; x_wconf 89' lang='lat' dir='ltr'><strong>locutio</strong></span> <span class='ocrx_word' id='word_1_523' title='bbox 993 4201 1128 4266; x_wconf 86' lang='lat' dir='ltr'><strong>reperitur</strong></span> <span class='ocrx_word' id='word_1_524' title='bbox 1143 4202 1182 4263; x_wconf 88' lang='grc' dir='ltr'><strong>ΙΙ,</strong></span> <span class='ocrx_word' id='word_1_525' title='bbox 1202 4203 1246 4251; x_wconf 82' lang='grc'><strong>41.</strong></span> <span class='ocrx_word' id='word_1_526' title='bbox 1273 4197 1391 4249; x_wconf 74' lang='lat' dir='ltr'><strong>Diodorus</strong></span> 
     </span>
     <span class='ocr_line' id='line_1_100' title="bbox 873 4261 1391 4327; baseline -0.008 -6"><span class='ocrx_word' id='word_1_527' title='bbox 873 4272 902 4321; x_wconf 89' lang='lat' dir='ltr'><strong>in</strong></span> <span class='ocrx_word' id='word_1_528' title='bbox 915 4271 1034 4321; x_wconf 87' lang='lat' dir='ltr'><strong>eiusdem</strong></span> <span class='ocrx_word' id='word_1_529' title='bbox 1046 4272 1086 4322; x_wconf 92' lang='lat' dir='ltr'><strong>rei</strong></span> <span class='ocrx_word' id='word_1_530' title='bbox 1100 4271 1258 4321; x_wconf 77' lang='lat' dir='ltr'><strong>narratione</strong></span> <span class='ocrx_word' id='word_1_531' title='bbox 1269 4269 1317 4327; x_wconf 86' lang='lat' dir='ltr'><strong>IV,</strong></span> <span class='ocrx_word' id='word_1_532' title='bbox 1328 4261 1391 4317; x_wconf 71' lang='grc'><strong>7941</strong></span> 
     </span>
     <span class='ocr_line' id='line_1_101' title="bbox 874 4330 1391 4404; baseline -0.008 -14"><span class='ocrx_word' id='word_1_533' title='bbox 874 4340 980 4391; x_wconf 64' lang='lat' dir='ltr'><strong>Minoe:</strong></span> <span class='ocrx_word' id='word_1_534' title='bbox 998 4331 1085 4404; x_wconf 74' lang='grc' dir='ltr'><strong><em>ἐζήτει</em></strong></span> <span class='ocrx_word' id='word_1_535' title='bbox 1098 4334 1149 4390; x_wconf 87' lang='grc' dir='ltr'><strong><em>τόν</em></strong></span> <span class='ocrx_word' id='word_1_536' title='bbox 1160 4337 1306 4389; x_wconf 69' lang='grc' dir='ltr'><strong><em>Δαίδαλον</em></strong></span> <span class='ocrx_word' id='word_1_537' title='bbox 1316 4330 1352 4392; x_wconf 76' lang='grc' dir='ltr'><strong>τίς</strong></span> <span class='ocrx_word' id='word_1_538' title='bbox 1362 4348 1391 4379; x_wconf 71' lang='lat'><strong>¹1-</strong></span> 
     </span>
     <span class='ocr_line' id='line_1_102' title="bbox 872 4404 1389 4474; baseline -0.01 -16"><span class='ocrx_word' id='word_1_539' title='bbox 872 4404 1389 4474; x_wconf 65' lang='lat' dir='ltr'><strong>pupinuorruercbaeblinosDaedslnm,</strong></span> 
     </span>
    </p>
   </div>
   <div class='ocr_carea' id='block_1_11' title="bbox 0 0 1498 5130">
    <p class='ocr_par' dir='ltr' id='par_1_14' title="bbox 0 0 1498 5130">
     <span class='ocr_line' id='line_1_103' title="bbox 0 0 1498 5130; baseline 0 2"><span class='ocrx_word' id='word_1_540' title='bbox 0 0 1498 5130; x_wconf 95' lang='lat' dir='ltr'><strong> </strong></span> 
     </span>
    </p>
   </div>
  </div>
 </body>
</html>
