2998 5138
233 381 274 442 22
664 379 932 441 HERODO'PI

233 583 325 642 ιιεον,
348 557 405 625 καὶ
425 552 465 623 τὰ
485 549 585 633 αὐτὸς
607 551 693 642 ὥρα,
714 551 810 642 ἄγειν
831 551 937 644 αὐτὴν
951 557 1084 625 ἐκέλευε
1103 557 1218 647 ἑωυτῷ
1231 557 1265 636 ἐς
1281 553 1370 636 ὄψιν.

233 657 278 741 ὡς
303 659 340 729 δὲ
367 657 473 747 ἤχθη,
502 662 657 747 παρῆσαν
678 660 735 727 καὶ
756 662 790 727 ol
807 654 965 746 ἀδελφεοὶ
986 655 1105 747 αὐτῆς,
1133 657 1174 727 οὔ
1194 686 1238 749 κη
1257 658 1370 747 πρόσω

233 761 376 851 σκοπιὴν
402 770 532 850 ἔχοντες
554 761 691 832 τούτων.
729 766 941 851 είρωτίονιος
965 761 1002 830 dl
1022 766 1082 831 τοῦ
1101 771 1269 850 Δαρείου,
1291 758 1370 832 cirro-

235 865 324 955 δαπὴ
339 876 406 954 riq,
430 872 560 952 ἔφασαν
573 871 607 935 οἱ
623 873 793 954 νεηνίσκοι
814 865 902 936 εἶναι
916 873 1080 951 Παίονες,
1099 869 1156 935 καὶ
1175 868 1308 954 ἐκείνην
1326 866 1371 936 εἷ-

233 1000 290 1040 ναι
310 980 425 1056 σφέων
446 965 624 1058 ἀδελφεήν.
658 966 676 1038 ὁ
699 967 731 1038 δ’
748 966 921 1059 ἀμείβετο,
944 978 1033 1049 τίνες
1054 970 1091 1040 dl
1109 974 1144 1039 οί
1155 976 1300 1050 Παίονες
1314 967 1372 1039 ἆν-

233 1080 371 1162 euenor
388 1079 451 1142 είσι
476 1075 533 1142 καὶ
553 1077 615 1142 κοῦ
635 1078 695 1162 γῆς
721 1076 908 1162 οἰκημένοι,
935 1075 991 1143 καὶ
1013 1082 1047 1143 τί
1059 1077 1180 1145 ἐκείνοι
1201 1077 1375 1154 ἐθέλοντες

234 1186 367 1248 ἔλθοιεν
389 1179 422 1255 ἐς
435 1176 573 1264 Σάρδις.
608 1182 643 1246 ολ
661 1179 701 1246 δέ
718 1184 754 1246 οἱ
770 1184 931 1265 ἔφραζον,
952 1173 996 1257 ὥς
1018 1184 1153 1247 ἔλθοιεν
1173 1176 1236 1266 μὲν
1255 1180 1374 1270 ε’κείνῳ

235 1280 397 1359 δώσοντες
411 1284 515 1367 σφέας
528 1275 668 1366 αὐτοὺς,
683 1289 734 1368 ελη
750 1280 788 1348 δὲ
803 1277 822 1368 ἡ
837 1289 982 1369 Παιονίη
997 1283 1051 1351 ἐπὶ
1065 1285 1112 1372 τῷ
1125 1279 1299 1370 Στρυμόνι
1313 1306 1372 1350 πο-

234 1388 328 1476 ταμῷ
348 1385 591 1473 πεπολισμένη·
621 1379 638 1451 ὁ
661 1384 697 1453 δὲ
712 1383 880 1474 Στρυμὼν
901 1381 942 1454 οὐ
964 1383 1078 1474 πρόσω
1099 1388 1160 1453 τοῦ
1172 1382 1372 1474 Ἑλλησπόν-

233 1595 265 1643 ut
276 1591 329 1655 ΙΙΙ,
346 1590 402 1651 145,
413 1586 523 1640 abivid.
536 1592 606 1638 nott.
631 1588 663 1638 ln
675 1600 778 1651 seqqe
830 1604 883 1639 νον
906 1606 922 1640 e
941 1588 1018 1641 libris
1037 1590 1148 1655 seriptis
1165 1590 1295 1640 revocari
1312 1605 1375 1640 curn

231 1660 391 1712 Florentino
401 1676 462 1709 oum
472 1664 586 1708 recente.
595 1656 655 1710 edd.
665 1656 777 1733 scripsi:
829 1659 972 1711 Dietsobio
989 1650 1113 1725 ἐκεῖνον,
1134 1659 1259 1725 idemque
1270 1660 1326 1710 feei
1339 1661 1374 1724 V,

233 1721 273 1780 οὔ
291 1746 332 1796 κη
347 1723 444 1793 πρόσω
460 1724 583 1793 σκοπιὴν
595 1721 705 1791 ἔχοντες
715 1741 777 1775 του-
829 1733 860 1782 21
875 1736 904 1781 ot
914 1730 957 1782 23,

232 1815 288 1849 τιον
302 1802 332 1865 (i.
343 1816 366 1849 e.
377 1802 420 1865 qui
433 1799 503 1848 laud
510 1800 601 1861 procat
611 1804 709 1846 stantes
719 1796 778 1845 iude
862 1798 907 1865 είη
924 1791 956 1847 dl
976 1788 994 1862 ἡ
1015 1795 1141 1861 Παιονίη
1159 1789 1205 1846 ἐπὶ
1227 1798 1267 1862 τῷ
1283 1795 1375 1859 Erpa.

232 1871 295 1920 loeo
313 1868 539 1933 speculabuntur),
561 1867 609 1917 ubi
626 1865 777 1916 ll'esselin-
827 1865 894 1932 μόνι
920 1865 1040 1933 ποταμῷ
1066 1859 1269 1931 πεπολισμένη]
1297 1867 1375 1916 Citst

233 1941 295 2004 gius
314 1937 429 1990 dederst
455 1931 533 1986 ov‘rl
556 1936 641 2002 (quod
662 1935 777 1985 retinuit
827 1939 896 1990 haec
913 1939 1041 1990 Eustath.
1058 1938 1094 1988 nd
1108 1938 1188 1987 lliad.
1211 1953 1237 2001 p.
1253 1936 1320 1998 339,
1340 1935 1374 1987 31

232 2006 363 2072 Bekkor.)
379 2014 407 2058 et
419 2004 577 2069 τουτέων,
592 2020 720 2065 monens,
738 2005 777 2053 vi-
827 2026 849 2063 s.
863 2011 928 2069 272,
944 2011 986 2062 22.
1017 2007 1179 2072 wesseling.
1192 2005 1238 2056 lrio
1249 2006 1374 2057 reateiu·

232 2079 291 2128 deri
299 2077 463 2127 locutionem
471 2076 506 2126 ad
516 2075 687 2126 Homericum
696 2073 776 2123 illud:
827 2079 929 2144 telligit
943 2079 1092 2129 Paeoniam
1108 2076 1291 2142 Strymonism
1305 2076 1374 2126 urbi-

227 2137 335 2204 Ἢὲλῑθς
351 2141 403 2211 γάρ
423 2139 452 2195 οἶ
463 2139 587 2209 σκοπιὴν
600 2137 662 2208 lgm
676 2143 777 2207 Odytt·
827 2149 873 2199 bus
896 2151 1041 2199 instructam
1066 2155 1091 2197 et
1110 2148 1265 2206 monacum,
1285 2147 1375 2196 oitsns

232 2217 371 2277 vl11‚302
383 2229 548 2280 ⁰¹P10888m·
586 2214 651 2264 M01
664 2229 724 2264 cum
736 2229 776 2261 te·
827 2214 922 2283 χώραν
934 2216 1058 2277 norsum
1071 2217 1143 2282 apud
1154 2216 1282 2267 strabon.
1294 2216 1374 2267 Vlll.

233 2292 316 2337 oentt.
330 2286 391 2339 edd.
402 2285 502 2349 scripsi
512 2278 634 2349 είριοτέο
644 2297 715 2340 νιος
727 2297 776 2347 pro
828 2304 855 2353 p,
868 2290 917 2339 364
926 2289 960 2337 D.
977 2304 999 2337 s.
1015 2303 1079 2352 paq.
1094 2286 1154 2337 560.
1181 2287 1223 2335 Tu
1234 2286 1290 2336 rid.
1302 2291 1373 2335 nott.

233 2350 535 2420 verecundaretur,
559 2354 596 2405 el.
616 2353 732 2403 Bredov·
747 2369 774 2417 p.
827 2360 862 2408 sd
886 2358 1018 2409 Herodes.
1042 2358 1095 2419 lv,
1122 2356 1170 2407 108
1192 2360 1220 2406 et
1243 2354 1314 2407 sude
1340 2356 1374 2418 v,

232 2426 297 2485 383;
316 2425 363 2477 sed
382 2426 517 2476 intentum
530 2423 628 2488 reliqui
643 2424 676 2474 ab
693 2423 776 2473 omni-

232 2498 282 2546 bus
294 2495 371 2547 libris
383 2494 495 2546 allatum
509 2484 662 2558 ὁποδαπή,
679 2509 696 2543 a
706 2493 776 2543 Bek-

232 2567 298 2616 kero
308 2571 442 2616 mutatum
453 2567 481 2614 in
494 2555 631 2628 ὁκοδακη,
644 2564 713 2629 quod
724 2579 777 2612 me·

231 2634 543 2700 ritoreprobutBredov.
552 2635 628 2698 pth.
641 2632 776 2694 Conilx,

231 2706 248 2758 6
264 2710 292 2757 et
305 2706 445 2768 V11,218.
480 2705 522 2754 De
541 2704 603 2768 ipsa
619 2718 687 2754 voce
705 2706 777 2752 eius·

231 2790 267 2893 tl
268 2775 433 2895 41λὶ11011
440 2772 703 2907 1551111311
705 2772 775 2892 ‘ill'

232 2926 347 3030 ullu
365 2907 779 3045 ἶξιῗιῗέίῖἕλὲιῖἴῗίλῗῖί

232 3043 336 3100 ἐκείνοι
356 3066 381 3103 κ,
396 3066 420 3101 τ.
439 3048 475 3114 λ.]
498 3051 605 3100 Similes
622 3050 678 3101 fere
695 3052 776 3100 inter·

231 3120 388 3185 rogationes
410 3125 520 3171 exstsnt
535 3121 561 3182 1,
582 3120 624 3172 35.
643 3120 699 3179 ΙΙΙ,
717 3120 775 3181 156,

232 3191 279 3240 ubi
302 3191 376 3243 eous.
397 3195 467 3240 nott.
503 3191 598 3255 Neque
621 3191 776 3255 infrequens

230 3262 259 3309 in
273 3259 428 3310 huiusmodi
439 3258 563 3309 formulis
577 3261 718 3322 transitus,
731 3262 776 3325 qui

231 3330 266 3379 ab
288 3329 439 3380 indicativo
466 3322 544 3393 (elul)
568 3329 599 3379 fit
622 3330 656 3379 sd
675 3331 776 3395 optati-

230 3415 294 3449 rnm
314 3393 471 3463 (ἔλθοιεν),
494 3404 525 3448 ut
542 3400 597 3463 ΙΙΙ,
616 3400 678 3451 tut:
698 3392 777 3460 εἰρώ-

230 3481 296 3517 reor
310 3463 340 3518 οἱ
351 3458 499 3532 ἑρμηνέες,
521 3466 564 3524 τίς
575 3483 604 3517 τε
617 3466 653 3518 εί
656 3486 673 3533 η
686 3466 734 3517 καὶ
748 3467 778 3517 τί

231 3530 354 3662 iiii?
365 3531 776 3659 1111115111,11111·

231 3679 269 3738 11,
284 3679 326 3728 41.
342 3678 394 3743 ΙΙΙ,
406 3678 449 3728 43.
460 3678 503 3728 61.
517 3679 551 3741 V,
561 3678 605 3730 97.
621 3680 669 3742 VI,
680 3680 704 3729 3.
729 3679 775 3727 Li-

230 3752 274 3798 eet
288 3764 353 3799 rero
371 3747 406 3798 ad
420 3739 550 3812 cipridem
564 3764 596 3798 ex
613 3749 776 3799 anteceden—

230 3818 304 3867 tibus
323 3822 445 3882 repetere
458 3812 610 3882 eloorr'orv,
629 3820 700 3870 unde
713 3818 776 3868 reli-

230 3903 285 3953 qua
299 3888 384 3938 rerba
395 3886 471 3944 τίνες
488 3879 525 3935 dl
546 3881 575 3935 oi
587 3885 709 3946 Παίονες
723 3896 774 3939 ete.

230 3957 271 4007 ita
289 3958 421 4022 pendent,
442 3963 474 4008 ut
493 3957 593 4008 vocula
610 3951 641 4007 dl
660 3959 695 4009 ad
712 3975 776 4009 oon-

229 4028 391 4077 tinuaudarn
415 4027 529 4078 alteram
551 4029 775 4093 interrogationis

228 4102 334 4162 partem
344 4097 439 4148 addita
447 4098 581 4149 videatur.
589 4125 623 4134 -
635 4101 687 4150 Pro
700 4100 773 4164 vulg.

228 4167 319 4217 κεῖνοι
338 4168 401 4218 dedi
414 4184 476 4218 oum
494 4173 609 4218 receutt.
631 4170 692 4219 edd.
707 4159 775 4218 ἐκεί-

228 4251 288 4300 νοι,
304 4237 416 4289 iubente
427 4238 541 4287 Bredor.
555 4255 581 4302 p.
598 4239 647 4290 ltu
662 4255 729 4304 seq..
743 4239 776 4288 li-

228 4312 273 4358 eet
290 4308 401 4372 plurimi
419 4307 482 4358 libri
504 4310 594 4357 κεῖνοι
614 4309 774 4370 exbibesnt;

228 4377 309 4441 vulgo
326 4379 397 4427 euim
410 4377 568 4441 legebatur:
588 4376 617 4425 τί
626 4372 662 4438 δὴ
674 4380 774 4428 κεῖνοι.

229 4447 326 4512 Itaque
347 4450 430 4499 etiam
447 4449 485 4508 V,
504 4447 533 4499 17
552 4463 601 4514 pro
622 4447 697 4515 vulg.
718 4451 775 4498 κεί-

827 2430 869 2479 52.
891 2429 960 2486 Vll,
976 2427 1018 2478 59.
1044 2428 1099 2478 108.
1118 2425 1175 2478 lut.
1212 2426 1307 2491 Neque
1321 2424 1375 2475 bue

827 2498 909 2560 facit,
924 2496 997 2560 quod
1012 2498 1154 2562 Appianas
1169 2494 1244 2559 Illyr.
1261 2496 1294 2545 22
1305 2498 1374 2546 seri·

827 2568 880 2617 bit:
905 2563 939 2615 οὐ
958 2558 1054 2619 πόλεις
1075 2555 1170 2631 ᾤκουν
1195 2558 1225 2613 ol
1239 2563 1375 2623 Παίονες,

828 2627 891 2686 ἀλλ’
910 2627 1016 2701 ἀγροὺς
1037 2628 1168 2699 ῆκοίμας
1190 2626 1262 2684 κατὰ
1278 2630 1374 2699 συμμέ-

828 2721 923 2767 νειαν,
945 2722 1022 2766 oum,
1043 2710 1169 2756 monente
1183 2704 1374 2770 Wesseliugio,

826 2777 882 2826 ista
895 2792 962 2841 gens
974 2779 1099 2826 Paeonum
1112 2774 1156 2824 rel
1170 2775 1263 2839 potius
1272 2776 1375 2825 Porno-

826 2851 921 2897 m'oruru
942 2847 1061 2896 Drsrnm
1082 2846 1153 2894 inter
1169 2846 1324 2909 Serumque
1347 2848 1376 2894 et

826 2916 982 2966 Danubium
997 2916 1075 2965 sedes
1096 2930 1161 2965 sues
1180 2914 1309 2976 haberet,
1333 2913 1375 2963 di·

826 3001 920 3036 verses
930 2986 1026 3051 utique
1036 3001 1052 3034 a
1060 2984 1202 3034 Paeonibus
1208 2984 1375 3035 Herodoteis

828 3056 862 3106 ud
885 3054 1039 3119 Strymonem
1059 3054 1257 3104 habitantibus.
1298 3055 1374 3116 Quos

827 3124 935 3176 eosdem
945 3126 1067 3175 Paeones
1078 3124 1111 3173 ad
1122 3123 1299 3187 Pelasgorum
1311 3124 1376 3172 stir-

826 3210 887 3260 pem
899 3196 994 3245 rslerri
1003 3195 1063 3243 vult
1073 3194 1202 3244 Niebuhr.
1212 3194 1284 3243 llist.
1294 3194 1374 3244 Rom.

826 3266 848 3315 1.
858 3281 921 3329 pug.
929 3266 971 3327 53,
984 3264 1062 3314 ruodo
1075 3264 1249 3314 deToucrios
1259 3264 1373 3313 istorum

827 3336 933 3399 origine
947 3336 983 3383 sit
995 3340 1174 3398 compertum:
1198 3334 1231 3383 do
1244 3349 1299 3399 qua
1312 3336 1374 3397 ipsa

826 3406 867 3453 its
884 3409 987 3454 eertum
1003 3403 1110 3453 videtur
1122 3403 1326 3468 Sengebusobio
1345 3404 1373 3452 in

826 3475 973 3524 Dissertst.
987 3474 1124 3524 Homeris.
1140 3474 1225 3538 prior.
1235 3488 1299 3538 pag.
1314 3473 1373 3535 145,

827 3548 871 3605 ut,
890 3545 961 3609 quod
973 3545 1097 3593 Paeones
1114 3558 1130 3591 a
1142 3543 1270 3592 Troianis
1287 3557 1373 3606 genas

825 3628 903 3663 suurn
917 3613 1027 3663 duxisse
1044 3618 1190 3663 narrentur
1204 3611 1272 3676 (rid.
1288 3627 1372 3676 supra

825 3685 857 3739 V,
871 3682 922 3747 13),
937 3683 998 3733 inde
1008 3684 1099 3733 doceri
1109 3682 1257 3741 existimet,
1271 3682 1374 3745 „Olyn-

825 3752 911 3813 thios,
929 3753 1074 3804 Abderitas
1087 3753 1198 3803 Homeri
1217 3752 1304 3801 fuisse
1316 3757 1374 3802 stu-

825 3821 995 3873 diosissimos
1029 3829 1112 3888 etque
1146 3822 1373 3885 circumspexisse

824 3891 925 3956 ubique
938 3892 1113 3943 llomeriea.⁸‘
1141 3892 1219 3955 Quod
1232 3907 1295 3941 nuru
1308 3892 1372 3943 iude

826 3961 919 4027 colligi
937 3968 1035 4026 quent,
1060 3962 1183 4027 equidem
1204 3961 1276 4012 bend
1300 3961 1372 4011 asur-

826 4047 904 4084 mem.
948 4032 1081 4082 Herodoti
1101 4033 1216 4082 Paeones
1236 4032 1270 4080 sd
1288 4031 1372 4096 Pbry-

825 4103 898 4165 giam
916 4101 1028 4166 stirpem
1047 4102 1182 4166 pertinere
1201 4102 1319 4152 diximus
1337 4102 1372 4151 sd

825 4174 860 4229 V,
876 4173 905 4221 l:
931 4188 1013 4237 quare
1028 4188 1044 4221 a
1058 4173 1208 4231 Pannoniis,
1227 4171 1274 4235 qui
1288 4170 1322 4220 sd
1336 4171 1373 4221 Il·

826 4240 939 4304 lyricam
950 4243 1062 4306 stirpem
1074 4242 1212 4305 pertinent
1224 4240 1272 4304 (ef.
1286 4243 1370 4290 etiarn

826 4311 973 4372 Czoornie:
985 4311 1171 4375 Etbnograph.
1180 4310 1371 4360 diisterreiub.

825 4380 965 4431 Monarch.
980 4382 1018 4430 11.
1031 4397 1057 4446 p.
1071 4382 1095 4430 ’1.
1111 4380 1148 4445 3.)
1167 4394 1276 4444 prorsus
1292 4384 1373 4430 erunt

825 4450 986 4516 seiungeudi
998 4453 1128 4515 Paeones,
1139 4451 1186 4516 qui
1195 4464 1255 4500 oum
1266 4449 1322 4501 illis
1332 4450 1373 4500 ni·
