3046 5134
514 412 787 474 POLYMNIA.
810 412 881 472 vll.
903 421 946 473 60.
1234 411 1296 471 543

163 591 264 670 πεζοῦ
290 584 328 655 τό
355 592 485 674 πλῆθος
505 585 612 673 ἐφάνη
638 583 866 673 ἑβδομήκοντα
892 585 948 651 καὶ
976 579 1094 652 ἑκατὸν
1124 586 1294 670 μυριάδες.

158 687 405 779 Ἐξηρίθμησαν
426 689 463 759 δὲ
483 688 581 758 τόνδε
602 687 660 757 τὸν
672 689 807 776 τρόπον.
842 686 1090 775 συναγαγόντες
1107 687 1141 765 ἐς
1156 688 1216 754 ἕνα
1229 693 1294 774 χοῖ-

163 822 225 881 ρον
238 793 386 881 μυριάδα
400 791 612 879 ἀνθρώπων,
639 793 694 860 καὶ
714 789 938 885 συννάξαντες
956 790 1081 878 ταύτην
1096 784 1141 868 ὠς
1154 787 1295 877 μάλιστα

163 895 273 983 εἶχον,
301 898 531 985 περιέγραψαν
556 899 684 977 ἔξωθεν
712 891 854 963 κύκλον·
890 893 1156 981 περιγράψαντες
1180 892 1217 961 δὲ
1239 896 1295 961 καὶ

162 997 302 1079 ἀπέντες
321 998 400 1079 τούς
418 1005 560 1087 μυρίους
581 997 741 1087 αἱμασιὴν
761 999 962 1086 περιέβαλον
981 995 1064 1065 κατά
1078 993 1138 1065 τόν
1157 994 1293 1083 κύκλον,

162 1199 267 1249 Greeoe
281 1199 319 1249 11.
334 1213 362 1265 p.
382 1197 417 1249 49
434 1197 503 1263 seq.)
523 1197 703 1259 Herodotum,

163 1270 255 1334 quiin
274 1270 348 1318 omni
367 1267 446 1317 liuius
464 1266 528 1316 beili
546 1269 703 1317 narratione

162 1354 192 1387 se
206 1344 234 1387 et
247 1338 484 1389 accuratissimum
499 1342 526 1386 et
538 1336 590 1385 fide
605 1337 705 1419 dignis·

163 1410 260 1458 simum
283 1407 450 1467 exhibuerit,
471 1407 498 1456 in
517 1406 592 1456 hisce
612 1409 704 1471 copia-

161 1493 220 1527 rum
246 1478 363 1526 numeris
394 1476 471 1525 fidem
502 1477 598 1525 mereri
630 1474 701 1526 haud

162 1562 243 1611 posse
253 1547 373 1596 iudicat:
393 1560 446 1610 quo
460 1544 554 1595 eodem
568 1546 652 1605 inme
664 1560 705 1594 re-

162 1617 204 1665 dit
224 1615 375 1680 disputatio
400 1616 433 1665 de
455 1614 498 1663 his
520 1616 649 1664 instituta
668 1614 703 1663 ab

162 1684 217 1734 alio
224 1685 312 1750 Auglo
319 1687 378 1734 viro
388 1684 478 1745 docto,
485 1683 581 1734 Grotet
592 1685 706 1748 History

161 1754 192 1803 oi
199 1753 302 1804 Greece
311 1754 341 1804 V.
356 1769 383 1819 p.
397 1753 441 1805 46.
452 1753 487 1803 50
499 1766 575 1818 seqq.
602 1753 705 1802 Contra

160 1822 208 1873 ille
225 1838 353 1874 numerus
368 1839 385 1872 a
401 1837 466 1873 vero
477 1824 588 1871 minime
609 1823 705 1872 abhor-

161 1909 222 1943 rere
246 1894 355 1943 videtur
376 1893 525 1943 Heerenio:
550 1891 632 1942 Ideeu
649 1898 702 1942 eto.

160 1962 190 2022 1,
213 1963 237 2011 1.
265 1978 326 2028 pag.
355 1963 420 2025 517,
451 1961 521 2011 bene
546 1962 704 2026 respicienti

160 2046 288 2096 magnum
312 2032 423 2096 iateque
447 2035 588 2082 extensum
606 2032 704 2081 Persa·

160 2117 219 2151 rum
234 2117 345 2167 regnum
359 2115 538 2167 magnumque
555 2102 705 2165 expeditio·

159 2173 204 2220 nis
217 2177 380 2236 apparatum
395 2171 484 2236 plures
499 2186 647 2235 perennes
661 2171 703 2219 la-

161 2245 233 2291 etum
249 2256 281 2290 ac
297 2241 413 2304 denique
426 2242 509 2290 etiam
529 2239 703 2290 orientalium

160 2325 254 2374 regum
276 2311 304 2360 in
325 2310 480 2360 huiuamodi
507 2309 587 2360 rebus
617 2310 704 2360 susci-

160 2380 267 2445 piendis
291 2374 393 2429 fastum
417 2378 633 2444 superbiamque.
670 2380 702 2429 lu

160 2463 214 2514 quo
230 2450 283 2499 viri
302 2449 480 2499 illustrissimi
499 2448 598 2498 iudicio
620 2447 701 2513 plane

161 2517 227 2567 mihi
250 2518 477 2583 acquiescendum
501 2517 620 2567 videtur.
660 2518 699 2567 Ac

159 2588 229 2637 bene
241 2588 310 2637 idem
324 2588 483 2638 recentioris
497 2590 598 2637 aetatis
614 2603 703 2638 exam-

160 2657 234 2722 plnm
247 2657 326 2707 affert
339 2657 424 2708 Gallis
439 2655 506 2707 illud
523 2658 629 2722 quidem
644 2671 702 2706 ma·

159 2728 232 2776 xime
247 2728 400 2790 funestum,
423 2741 537 2791 quorum
553 2725 597 2775 vel
609 2726 700 2777 decies

159 2802 277 2847 centena
294 2797 379 2846 millia
400 2797 494 2847 ducem
511 2795 679 2846 Corsicum
672 2811 700 2845 ττι

159 2866 346 2917 Ruthenorum
367 2873 454 2916 terras
474 2870 570 2915 secuta
587 2881 648 2916 esse
661 2865 702 2914 di·

160 2940 267 2986 cuntur.
298 2934 339 2986 Α(
351 2952 419 3001 qnae
434 2935 572 2985 Gallorum
588 2939 661 2984 terra
677 2935 700 2985 si

158 3020 220 3054 eum
244 3006 349 3069 ingenti
366 3007 507 3055 Persarum
528 3020 610 3069 regno
628 3020 699 3054 com·

159 3076 285 3138 paretur!
305 3075 421 3125 Unicum
434 3089 498 3123 vero
509 3074 560 3124 hoc
571 3076 599 3123 in
613 3089 701 3124 rerum

158 3143 291 3204 historia,
314 3145 385 3209 quod
406 3146 434 3193 iu
451 3159 532 3193 unum
550 3144 639 3194 locum
658 3149 701 3192 tot

157 3218 253 3278 gentes
272 3219 382 3279 tamque
400 3212 526 3263 diversae
551 3230 584 3263 ac
604 3213 701 3262 veria'e

158 3283 261 3334 fuerint
288 3288 415 3347 coactae,
442 3287 509 3348 quot
537 3283 564 3332 in
590 3283 701 3333 Dorisci

158 3352 262 3435 campis
275 3354 373 3403 Xerxis
387 3355 461 3403 iussu
478 3357 640 3404 convenisse
657 3367 702 3402 ac·

159 3424 288 3488 cepimus

197 3522 250 3574 τοῦ
268 3522 352 3585 πεζοῦ
370 3517 401 3574 τό
422 3522 536 3591 πλῆθος
559 3513 651 3587 ἐφάνη
666 3552 699 3559 -

157 3589 304 3661 μυριάδες]
332 3597 374 3646 De
400 3600 538 3646 structura
563 3594 618 3645 loci
642 3594 697 3644 vid.

158 3665 258 3715 Matth
278 3664 324 3715 Gr.
340 3665 386 3716 Gr.
402 3668 426 3727 ἕ.
442 3666 502 3716 428.
518 3681 559 3715 nr.
572 3667 596 3715 5.

754 1212 818 1261 pag.
836 1193 990 1260 47411(ουί
1007 1189 1206 1261 συνηγμένον),
1240 1196 1293 1247 Sed

755 1281 812 1315 cum
826 1264 946 1315 eiusdem
961 1257 1079 1315 verbim
1090 1266 1199 1317 diversa
1210 1270 1294 1331 signi·
1337 1327 1342 1335 ⁵

753 1335 878 1385 ficatione
899 1335 983 1398 positi
1001 1337 1131 1400 repetitio
1150 1336 1211 1386 duri
1229 1337 1294 1401 quid

753 1404 867 1463 habeat,
896 1403 991 1454 Reisk.
1019 1410 1047 1454 et
1073 1405 1292 1470 Schweighaeua.

755 1473 834 1539 (quos
852 1468 1001 1536 sequuntur
1015 1474 1085 1523 Miot
1098 1478 1126 1523 et
1140 1475 1293 1555 Bekkerus)

754 1559 803 1608 pro
823 1539 995 1603 συνείξαντες
1014 1542 1170 1594 ιιιειΙυετοιι1
1190 1539 1293 1594 συννά-

756 1611 853 1674 ξαντες
868 1628 885 1662 a
898 1612 981 1662 verbo
997 1603 1182 1695 συντάττειν,
1202 1618 1293 1665 conati·

752 1698 832 1746 ματε,
852 1683 1027 1764 συνομνίιιτιτι,
1048 1683 1127 1732 cuiue
1141 1683 1229 1733 simile
1244 1698 1293 1731 κα·

753 1748 941 1812 τανάξαντες’
934 1753 1087 1801 invenimus
1101 1752 1166 1815 Vll,
1181 1752 1230 1815 36,
1246 1754 1294 1803 ubi

753 1822 808 1875 vid.
822 1825 892 1873 nott.
916 1819 970 1870 Sed
982 1819 1034 1871 hoc
1049 1823 1090 1870 nti
1101 1836 1154 1870 non
1166 1838 1294 1874 necessa-

753 1892 838 1955 rium,
857 1892 897 1940 ita
913 1890 994 1939 nimis
1008 1891 1171 1955 exquisitum
1184 1892 1293 1942 videtur

753 1961 901 2011 Letronnio
911 1962 953 2009 iu:
973 1959 1090 2010 Journal
1100 1960 1125 2009 d.
1138 1960 1202 2011 Sar.
1215 1962 1291 2013 1847.

753 2045 816 2095 pag.
827 2030 877 2093 414,
892 2030 952 2095 qui,
966 2030 1020 2077 nisi
1032 2029 1059 2078 in
1072 2028 1186 2095 vulgata
1200 2032 1294 2096 acqui-

754 2099 913 2162 escendam,
926 2099 953 2148 id
965 2113 1047 2149 nuum
1058 2098 1117 2149 fieri
1124 2114 1207 2180 posse
1219 2102 1291 2151 arbi

753 2175 857 2230 tratur,
875 2174 907 2246 ut
926 2184 975 2245 pro
989 2167 1194 2236 συναγαγόντες
1208 2185 1291 2235 pona-

752 2244 797 2289 tur
809 2229 970 2301 σννήγαγόν
980 2251 1017 2288 τε.
1044 2239 1139 2305 Neque
1153 2255 1218 2290 vero
1228 2239 1291 2290 hnic

752 2307 952 2360 emendationi
944 2322 1003 2371 ipse
1014 2308 1126 2358 multum
1136 2310 1221 2359 tribui
1231 2309 1292 2359 vult

751 2379 795 2428 vir
812 2377 1001 2438 doctissimus,
1028 2377 1111 2442 idque
1131 2379 1242 2441 merito,
1266 2380 1290 2428 si

752 2446 817 2512 quid
836 2447 945 2496 video
961 2446 1095 2496 Matthiae
1111 2446 1200 2514 (quem
1215 2449 1289 2502 conf.

751 2519 779 2565 in
801 2511 918 2566 Gramm
940 2514 986 2565 Gr.
1009 2515 1034 2577 §-
1052 2515 1154 2582 222)p
1156 2532 1186 2567 ro
1204 2511 1290 2565 συνά·

751 2582 849 2645 ξαντες
874 2587 995 2648 reposuit
1022 2533 1223 2647 συντάξαντες,
1251 2586 1291 2635 id·

750 2670 802 2720 que
817 2658 899 2705 etiam
915 2654 943 2702 in
955 2653 1017 2703 aliis
1033 2656 1199 2706 editionibus
1216 2671 1290 2706 com-

749 2729 841 2789 paret,
859 2738 1023 2789 quamquam
1041 2727 1128 2776 minus
1145 2726 1290 2776 convenire

749 2795 889 2850 videntur,
912 2809 981 2857 quae
998 2794 1127 2845 continuo
1144 2794 1290 2845 subiiciun-

751 2855 872 2919 1υτεοὸς
892 2862 1010 2924 μα1ιστα
1033 2855 1125 2927 εἶχον
1151 2862 1236 2914 allata
1255 2863 1304 2913 ab·

751 2932 844 2983 eodem
859 2932 956 2983 Mutth.
970 2931 988 2985 1
1003 2931 1021 2983 4,
1038 2935 1136 2995 §.lou
1164 2934 1291 2983 Neoma-

750 3004 792 3068 gis
804 3003 985 3064 conveniunt,
1001 3018 1071 3081 quae
1083 3004 1111 3052 in
1124 3001 1203 3053 huius
1217 3004 1291 3067 capi-

750 3074 787 3122 tis
799 3071 850 3121 fine
863 3072 906 3136 leg
909 3076 991 3121 untur
1003 3086 1074 3120 κατα
1065 3067 1172 3122 ἔθνεα
1183 3068 1291 3121 διέτασ-

752 3155 812 3191 σον
852 3140 989 3222 “Equidem
1011 3157 1070 3191 cum
1091 3147 1206 3194 recentt.
1228 3142 1289 3193 edd.

751 3212 859 3274 reposui
879 3204 1083 3275 συννάξαντες,
1101 3212 1243 3263 Reiakium
1263 3218 1291 3261 et

751 3279 1036 3345 Schweighaeuserum
1050 3288 1161 3332 secutus
1168 3283 1290 3348 ‚quibus

751 3351 860 3400 accedit
880 3350 996 3401 Bredov.
1009 3366 1037 3433 p
1051 3351 1094 3402 80.
1108 3351 1171 3413 sol,
1198 3353 1291 3402 huius-

751 3421 824 3470 modi
848 3422 967 3470 uoristos
990 3421 1092 3485 primos
1114 3390 1229 3471 ueriti*
1209 3434 1290 3484 αγειυ

749 3490 890 3540 Herodoto
910 3490 995 3539 tribui
1005 3506 1086 3554 posse
1099 3506 1216 3555 negaus3
1237 3494 1288 3540 ita-

750 3575 801 3624 que
813 3559 900 3609 nostri
910 3558 964 3609 ioci
974 3558 1019 3608 hic
1031 3559 1097 3609 mihi
1108 3560 1216 3611 videtur
1230 3576 1290 3611 esse

749 3643 861 3679 sensus.
883 3629 1029 3690 „Coactis
1018 3645 1044 3679 ιττ
1064 3645 1135 3678 rsuram
1149 3633 1227 3679 ἱοοανι
1245 3632 1290 3678 de-

748 3713 799 3747 cem
809 3667 928 3748 Ιιυντ1άάυτ
937 3699 1041 3748 millibus
1051 3707 1075 3748 et
1078 3715 1171 3763 ,qaam
1183 3702 1290 3749 momiano

192 3762 241 3816 sal
263 3761 453 3828 συννάξαντες
471 3761 591 3847 ταυτην]
615 3766 700 3818 Pleri—
745 3768 807 3831 fieri
827 3776 944 3851 poterat,
968 3770 1114 3831 constipatis
1137 3769 1221 3818 orbem
1243 3784 1289 3817 eu·-

157 3852 211 3903 que
225 3837 288 3887 iibri
304 3838 399 3902 scripti
417 3830 603 3915 συνάξαυτες,
624 3837 699 3902 quod

156 3908 203 3973 qui
222 3912 329 3969 tenent,
353 3924 370 3957 a
385 3906 468 3959 verbo
483 3898 616 3971 συνάγειν
630 3907 700 3957 deri-

156 3983 264 4039 vantes,
272 3972 699 4042 comparticipiumoovayotyoa-

155 4060 201 4102 τες
229 4047 350 4112 proxime
376 4047 541 4097 antecedens
567 4047 702 4125 colmenar

155 4115 258 4166 haheat
284 4116 437 4174 notionem,
468 4116 552 4166 verbo
579 4109 699 4177 συνάξαι

156 4187 332 4248 constipatum,
356 4187 504 4247 evertendi,
525 4186 702 4248 comprimendi

158 4256 297 4305 notionem
307 4255 445 4315 tribuunt,
458 4260 489 4305 nt
499 4255 572 4320 apud
582 4255 699 4319 Longin.

158 4324 201 4373 De
215 4325 285 4375 subl.
305 4341 332 4390 p.
346 4325 398 4375 232
416 4294 489 4390 [c'ap.
502 4326 546 4377 42.
559 4327 584 4387 §-
602 4324 626 4390 l]
646 4326 700 4375 Xe-

159 4393 241 4458 uoph.
256 4393 356 4459 [Anah.
370 4396 400 4457 1,
419 4396 444 4445 5.
458 4398 482 4456 ξ,
502 4394 550 4456 10,
569 4393 618 4444 ubi
635 4407 701 4442 ονν·

157 4463 230 4529 ἦγον
245 4460 294 4512 καὶ
317 4462 477 4529 συνέσπων]
499 4468 526 4514 et
541 4462 638 4513 Athen.
652 4464 700 4515 xl.

749 3840 872 3887 trinsecus
890 3840 1126 3901 circuirereripaere5
1147 3854 1195 3904 quo
1216 3840 1290 3887 ducto

749 3908 879 3971 decemque
898 3908 1003 3957 τα11114ιιιτ
1027 3909 1085 3957 iude
1109 3910 1215 3958 diruisaia
1237 3923 1291 3957 mu-

749 3979 842 4027 ceriam
852 3979 944 4025 circum
956 3981 1025 4025 circa
1034 3977 1099 4026 lroc
1088 3994 1113 4027 νι
1125 3979 1187 4028 orbe
1199 3992 1291 4027 ereme-

749 4052 808 4094 τοτα
823 4061 855 4095 ea
875 4048 1016 4108 altimdiue,
1035 4056 1062 4096 at
1076 4047 1179 4097 Ιιονιίιτίι
1197 4047 1291 4096 sambili-

749 4131 803 4166 συντ
814 4118 859 4165 111α
863 4118 1011 4194 attingeret.
1016 4116 1033 4142 ‘¹
1059 4117 1136 4179 Quod
1149 4115 1289 4165 Herodoto

751 4177 977 4246 περιγράψαντες
988 4190 1040 4246 est,
1054 4184 1207 4237 aCurtiol.
1218 4183 1237 4236 4.
1249 4187 1289 4232 sie

751 4255 913 4316 redditum,
918 4253 1099 4315 circumdato
1113 4254 1199 4311 uallo
1217 4254 1289 4318 qnod

751 4324 843 4374 decem
859 4291 970 4374 ττι1444ιτττι
988 4331 1154 4373 armatorum
1169 4321 1291 4373 multitu·

752 4394 841 4444 dinem
856 4399 981 4457 cuperet,
996 4394 1094 4443 Xerxis
1106 4392 1228 4457 exemplo
1241 4408 1290 4442 nu-

752 4478 856 4516 merum
887 4463 1025 4528 copiarum
1055 4463 1118 4512 luiit
1145 4462 1290 4529 (Darius).
