3048 5130
213 411 275 472 246

650 410 915 473 HERODO'PI

366 576 424 640 Καὶ
442 571 504 642 τότε
519 571 574 659 δὴ,
591 583 721 660 Μίλητε,
739 581 841 641 κακῶν
857 572 1018 659 ἐπιμήχανε
1033 576 1145 658 ἔργον,

364 686 497 746 πολλοῖσι
512 675 633 745 δεῖπνόν
650 681 746 744 τεκαὶ
761 673 858 763 ἆμλαᾶ
873 683 955 761 δῶρα
969 675 1096 765 γενήσῃ·

366 783 415 844 σαὶ
432 777 459 844 d'
477 777 576 865 ἄλοχοι
590 789 724 846 πολλοῖσι
738 776 831 859 πόδας
847 786 970 861 νίψουσι
988 776 1148 862 κομήταις·

366 889 442 966 νηοῦ
456 880 483 947 δ’
501 877 642 966 ἡμετέρου
658 881 804 966 Διδύμοις
816 879 931 946 ἄλλοισι
946 879 1074 963 μελήσει.

220 1016 300 1089 Τότε
321 1013 363 1105 δὴ
383 1018 487 1084 ταῦτα
511 1010 588 1093 τούς
607 1020 797 1102 Μιλησίους
816 1012 1063 1100 κατελάμβανε,
1093 1007 1146 1082 ὅτε
1166 1036 1204 1099 γε
1229 1008 1354 1099 ἄνδρες

216 1208 344 1270 spectans
365 1198 487 1250 affertur.
517 1199 585 1250 Cum
602 1217 668 1252 vero
681 1199 760 1266 Argi·

215 1287 310 1325 vorum
324 1287 367 1322 res
382 1269 455 1319 nullo
470 1273 552 1335 pacto
564 1286 626 1321 cum
640 1271 760 1321 Milesio·

216 1359 275 1395 rum
284 1342 364 1392 rebus
375 1340 540 1391 cohaereant
552 1341 759 1407 necquidquam

217 1426 357 1465 commune
369 1409 490 1460 habeant
501 1411 556 1461 nisi
566 1410 665 1463 bellum
680 1412 761 1460 utris·

218 1498 271 1550 que
287 1482 389 1546 pariter
404 1478 476 1529 mals
489 1480 615 1541 afferens,
629 1481 690 1531 inde
705 1480 760 1531 col-

218 1553 269 1618 ligi
281 1551 340 1602 vult
353 1547 469 1601 Schoell,
485 1547 596 1614 (Philol.
611 1550 645 1602 X.
663 1566 690 1614 p.
703 1549 759 1615 ol),

218 1621 388 1672 Herodotum
408 1619 460 1668 hoc
480 1618 633 1682 oraculum,
660 1621 760 1685 inquo

219 1692 334 1743 duarum
344 1689 465 1756 gentium
476 1694 531 1739 tam
542 1689 708 1742 diversarum
717 1705 761 1740 res

218 1764 249 1813 in
260 1775 342 1812 unum
352 1760 515 1810 coniunctae
526 1759 642 1818 luerint,
655 1759 762 1811 desum-

220 1831 309 1898 psisse
321 1844 335 1880 e
346 1827 507 1880 collectione
517 1828 634 1894 quadem
646 1829 762 1895 Pythiae

221 1898 334 1952 oracula
349 1897 555 1962 complectente,
571 1898 678 1964 qualem
691 1898 762 1949 scili-

220 1975 265 2021 oet
275 1967 499 2019 comminiscitur.
520 1968 573 2017 Sed
583 1967 649 2018 haec
660 1974 687 2018 et
697 1968 761 2027 alio,

220 2053 292 2106 quae
311 2037 345 2087 da
365 2036 470 2086 oraculi
497 2041 597 2088 natura
620 2045 648 2089 et
672 2037 762 2087 indole

219 2108 335 2174 profert,
349 2104 419 2156 talia
430 2110 503 2171 suut,
517 2122 586 2173 qnae
600 2109 674 2156 omni
684 2122 764 2172 argu·

220 2180 312 2229 mento
332 2174 466 2226 destituta
483 2191 544 2226 cum
564 2177 632 2237 sint,
653 2177 763 2243 probari

221 2249 368 2312 nequeant.

255 2309 312 2366 Kal
324 2307 388 2365 τότε
400 2305 448 2378 δὴ,
459 2311 571 2376 Μίλητε
583 2328 608 2363 κ.
619 2331 643 2369 τ,
656 2314 691 2382 λ]
711 2317 764 2365 Vo-

221 2386 284 2438 cula
300 2380 349 2434 aul
368 2384 483 2450 respicit
500 2399 567 2433 saue
591 2386 627 2436 ad
649 2386 763 2436 alteram

222 2455 326 2508 oraculi
338 2459 442 2520 partem
463 2469 664 2519 praegressum,
684 2471 763 2522 quem

220 2526 330 2591 Argivis
343 2524 436 2574 datam
448 2526 549 2575 Noster
562 2524 633 2576 inira
648 2541 764 2576 comme-

222 2599 313 2647 morat
324 2595 378 2651 Vl,
394 2596 436 2647 λλ.
462 2594 495 2644 In
508 2592 575 2658 ipsis
588 2596 690 2646 oraculi
703 2611 764 2646 ver-

223 2665 299 2718 sibus
315 2655 490 2728 ἐπιμήχαυος
503 2663 584 2729 (quae
596 2681 665 2729 vox,
681 2680 765 2729 quan-

222 2740 278 2785 tum
291 2733 371 2796 novi,
391 2734 518 2797 nuspiam
532 2736 603 2797 apud
617 2736 686 2785 alios
701 2736 765 2784 scri-

222 2810 314 2872 ptores
340 2802 490 2868 rcperltur)
519 2803 621 2855 dicitnr
643 2804 765 2866 Miletus,

223 2890 288 2941 quoe
299 2875 366 2922 molo
377 2889 456 2936 opero
465 2874 571 2931 molitur,
583 2875 694 2925 aPersis
706 2874 765 2925 scil.

222 2943 349 2996 deficiens
363 2943 451 3008 iisqne
463 2942 610 2995 obsistens.
629 2945 708 3006 Quod
722 2960 767 2993 ve·

223 3030 252 3064 re
275 3028 308 3062 ao
328 3012 475 3076 prudenter
491 3012 617 3075 Pythiam
637 3013 765 3075 edixisse,

223 3081 347 3133 Milesios
364 3097 381 3130 a
401 3081 552 3131 defectione
569 3089 601 3132 ut
619 3088 764 3145 averteret,

223 3150 307 3202 facila
318 3149 494 3215 intelligitur:
512 3166 596 3212 quere
606 3150 658 3201 hoc
671 3169 766 3203 orucu-

222 3221 278 3271 lum
299 3219 371 3269 baud
390 3220 447 3271 scio
462 3234 498 3268 an
514 3221 549 3270 iis
567 3223 765 3273 accensendum

223 3291 270 3351 sit,
284 3304 355 3354 quea
373 3303 503 3339 summam
519 3291 691 3340 sacerdotum
705 3307 767 3354 prn-

224 3359 345 3410 dantiam
356 3357 505 3421 declarant,
520 3359 636 3411 inrebus
647 3360 765 3426 publicis

224 3428 389 3479 Graecorum
418 3428 592 3492 conspicuam
621 3446 766 3496 eorumque

224 3497 308 3550 saluti
329 3497 546 3563 prospicientem:
564 3500 658 3564 probis
676 3503 766 3551 conei-

224 3568 285 3631 liIs,
308 3583 378 3633 quae
400 3567 605 3620 sciscitantibus
627 3571 766 3622 darentur.

225 3638 312 3701 Quam
329 3635 499 3702 prudentiam
520 3654 553 3688 ox
570 3646 702 3691 accurata
723 3657 765 3692 re·

224 3722 283 3757 rum
297 3723 330 3757 ac
342 3707 427 3757 totius
441 3711 532 3758 status
543 3710 708 3762 Graecorum
721 3727 766 3761 co·

224 3776 346 3841 gnitione
363 3776 474 3827 fluxisse
492 3784 703 3831 consentaneum
725 3785 767 3831 est

225 3860 311 3910 eoque
323 3845 436 3909 facturn,
449 3852 480 3897 nt
490 3863 533 3900 res
542 3854 689 3902 eventuras
703 3868 766 3917 quo·

225 3914 368 3965 dammodo
394 3916 554 3980 praevidere
583 3927 665 3984 etque
694 3922 765 3971 bono

225 3983 340 4035 consilio
362 3999 410 4048 per
441 3987 579 4038 oraculum
606 3989 671 4039 dato
694 3990 767 4040 mala

225 4054 395 4104 imminentia
411 4060 533 4108 evertere
544 4060 697 4123 potuerint,
711 4076 767 4110 mo-

226 4124 261 4174 do
273 4125 392 4189 ipsorum
402 4126 516 4177 consilio
524 4128 698 4179 sciscitantes
706 4131 767 4180 obe·

226 4193 330 4245 ditent:
343 4193 371 4243 id
381 4195 539 4259 quodIones
550 4198 702 4263 neglexisse
710 4215 767 4249 ma-

227 4263 355 4315 nifestum
368 4269 418 4315 est.
443 4266 524 4316 Iones
537 4269 678 4318 enimcum
695 4269 742 4320 dei
759 4299 767 4309 ·

226 4334 329 4384 cissent
343 4338 427 4399 atque
441 4336 565 4400 inprimis
579 4338 693 4400 Milesii,
706 4354 767 4391 cnm

227 4402 376 4455 soliPersis
388 4405 515 4457 resistere
524 4406 632 4472 vellent,
642 4406 714 4458 baud
725 4425 768 4459 sa-

227 4472 264 4522 tis
280 4474 432 4539 respexisse
442 4474 569 4527 videntur
585 4476 620 4526 ad
635 4479 768 4544 magnitu-

809 1200 899 1250 dinem
919 1203 947 1249 et
964 1198 1114 1262 potentiam
1134 1198 1296 1255 Persarum,
1318 1197 1354 1248 ed

809 1284 942 1320 summam
954 1268 1093 1329 copiarum
1108 1267 1172 1329 rim,
1188 1267 1288 1332 quibus
1301 1267 1353 1331 ipsi

809 1339 974 1405 reliquorum
981 1338 1145 1388 Graecorum
1155 1335 1258 1388 auxilio
1272 1336 1355 1386 desti·

810 1411 865 1463 tuti
880 1409 1009 1459 resistere
1023 1423 1077 1458 non
1090 1407 1239 1473 potnerInt.
1262 1408 1354 1472 Atque

810 1485 841 1532 ut
854 1484 960 1529 taceam
974 1478 1007 1528 de
1024 1477 1178 1539 discordia,
1197 1492 1268 1545 quae
1281 1477 1356 1528 iuter

811 1552 930 1603 Graecos
945 1554 1041 1598 exorta
1055 1552 1112 1611 eet,
1134 1562 1195 1596 cum
1207 1547 1354 1597 Persarum

811 1620 908 1684 copiae
925 1618 1089 1668 coniunctae
1105 1616 1188 1667 unius
1206 1617 1284 1667 ducis
1306 1618 1356 1667 im-

812 1690 914 1757 perium
927 1694 1111 1753 sequerentur,
1125 1688 1199 1750 ipsos
1209 1687 1356 1737 Persarum

812 1759 914 1811 milites
928 1762 1054 1809 strennos
1066 1771 1099 1805 ac
1115 1756 1200 1806 fortes
1214 1756 1309 1820 fnisse,
1326 1756 1354 1806 in

813 1829 890 1879 bellis
902 1828 1026 1893 gerendis
1038 1827 1212 1886 exercitatos,
1228 1829 1288 1891 quis
1303 1831 1356 1888 est,

812 1901 859 1966 qui
872 1899 972 1962 neget?
992 1897 1072 1947 Iones
1083 1899 1179 1946 contra
1194 1896 1228 1945 ob
1240 1896 1356 1948 divitias

813 1972 841 2020 in
860 1967 995 2019 luxuriam
1014 1967 1151 2032 prolapsi,
1176 1965 1291 2017 mollitie
1310 1967 1356 2018 de-

813 2039 922 2105 pravati
941 2042 969 2087 et
986 2052 1003 2085 a
1015 2036 1180 2101 gravissimo
1193 2036 1258 2086 belli
1273 2052 1356 2101 opere

813 2107 966 2159 abalienati
979 2106 1065 2157 fnisse
1081 2104 1217 2164 ridentur,
1229 2106 1253 2156 si
1266 2107 1355 2172 respi-

813 2179 916 2228 ciamus
930 2193 972 2238 ea,
984 2192 1055 2242 quae
1065 2191 1125 2238 cap.
1140 2177 1170 2225 ΙΙ
1183 2182 1356 2227 enarrantur.

814 2250 890 2311 Quae
902 2248 993 2296 omnia
1010 2245 1115 2296 oraculi
1129 2245 1272 2296 consilinm
1285 2246 1357 2296 satis

814 2317 931 2382 probent
940 2315 1073 2381 simulque
1085 2316 1189 2367 tristem
1198 2316 1286 2367 Mileti
1297 2331 1357 2367 sor·

814 2393 868 2439 tem
883 2387 951 2436 satis
965 2386 1111 2450 explicant.

849 2449 941 2513 πόδας
957 2453 1075 2516 νίψουσι
1089 2448 1237 2518 κομήταις]
1265 2454 1356 2521 Signi-

813 2528 877 2578 ficat
901 2526 1053 2589 oraculum,
1072 2524 1194 2575 Milesios
1214 2526 1305 2575 victos
1327 2526 1357 2574 in

813 2598 972 2647 servitutem
985 2595 1133 2645 abductum
1146 2595 1188 2657 iri,
1204 2593 1244 2643 ita
1254 2598 1286 2643 nt
1299 2610 1358 2644 mn·

814 2668 894 2717 lieres
913 2681 1052 2715 servarum
1069 2663 1283 2728 ancillarumque
1299 2680 1360 2715 mu·

815 2738 860 2787 nia
885 2734 1008 2800 vulgaria
1034 2737 1177 2798 praestent
1203 2733 1359 2785 victoribus

815 2807 921 2867 Persis,
943 2805 1040 2871 quibus
1059 2802 1198 2854 lavacrum
1219 2808 1282 2854 ante
1296 2819 1358 2854 coe·

814 2892 878 2926 nam
890 2891 937 2941 pro
947 2891 1021 2925 more
1032 2873 1201 2924 sumentibus
1215 2872 1296 2936 pedes
1309 2873 1359 2924 ab·

815 2946 902 2997 luant.
936 2945 968 2994 ld
987 2943 1060 3008 quod
1076 2942 1121 2994 vel
1141 2958 1174 2993 ex
1192 2943 1304 2993 Homeri
1321 2944 1359 2994 Ο·

816 3016 890 3081 dyas.
908 3016 962 3075 IV,
980 3014 1014 3066 48
1034 3028 1110 3078 seqq.
1127 3018 1231 3063 notum.
1251 3040 1285 3050 -
1302 3014 1359 3063 Pro

815 3077 953 3148 κομήταις
964 3083 1036 3149 apud
1048 3085 1142 3133 Tzetz.
1157 3082 1226 3133 Chii.
1236 3083 1314 3133 VIII.
1330 3099 1358 3147 p.

816 3153 868 3206 360
888 3153 959 3204 male
980 3144 1145 3218 κοσμήταις.
1191 3155 1262 3204 Nam
1286 3153 1361 3202 iudi·

816 3228 914 3275 centur
928 3223 1065 3284 homines,
1084 3223 1130 3288 qui
1150 3238 1255 3273 comam
1271 3238 1292 3274 e.
1310 3238 1360 3272 ca-

816 3293 896 3359 pillos
923 3292 1015 3351 ulnnt3
1040 3292 1095 3342 vid.
1121 3292 1200 3343 modo
1225 3292 1360 3342 Tbesnnr.

815 3364 895 3427 Ling.
912 3363 1009 3414 Graec.
1022 3364 1068 3412 IV.
1081 3379 1145 3428 pag.
1163 3362 1229 3413 1776
1242 3378 1298 3427 seq.
1315 3361 1359 3412 ed.

816 3433 944 3486 Dindors,
987 3433 1054 3484 Inde
1077 3429 1199 3495 κομῆται
1225 3437 1362 3482 vocantur

816 3506 916 3555 Persae
929 3518 949 3552 s.
965 3505 1060 3565 eriuili,
1074 3502 1165 3565 utqui
1181 3501 1361 3552 barbarorum

817 3588 891 3623 more
908 3572 997 3624 crines
1021 3571 1099 3621 alant
1120 3571 1287 3636 barbamque
1311 3570 1361 3620 ha-

816 3645 899 3693 beant
927 3642 1075 3706 prolixam,
1105 3640 1198 3707 qualee
1225 3640 1362 3706 hodieque

817 3716 976 3777 comparent
993 3712 1021 3760 in
1034 3710 1214 3761 monumentis
1228 3711 1363 3775 Persepo-

817 3783 922 3834 litanis.
958 3783 1070 3832 Praeter
1090 3781 1213 3833 Brisson.
1236 3781 1278 3829 De
1301 3796 1360 3844 reg.

817 3855 892 3903 Pers.
905 3851 1018 3916 princip.
1029 3851 1065 3913 ll,
1080 3850 1125 3899 llll
1137 3849 1302 3913 Weseeling.
1316 3864 1363 3900 ex-

817 3924 886 3973 citat
915 3920 1008 3971 eadem
1038 3924 1196 3984 tangentem
1226 3919 1359 3973 Bochart.

817 3991 970 4043 Hierozoio.
985 3990 1008 4041 Ι.
1023 3985 1071 4040 lib.
1085 3990 1142 4050 111,
1161 3990 1187 4041 9.
1206 4005 1232 4054 p.
1245 3989 1306 4039 816.
1326 4016 1362 4025 -

817 4054 958 4123 Διδύμοις
977 4059 1057 4124 plane
1073 4059 1143 4109 idern
1161 4065 1244 4124 atque
1261 4047 1298 4106 ἐν
1310 4061 1361 4108 Δι-

818 4123 935 4194 δύμοις,
948 4134 979 4179 ut
992 4145 1053 4180 mox
1065 4129 1123 4194 ipse
1138 4130 1237 4179 Noster
1249 4119 1315 4191 [μὸν
1329 4121 1363 4176 dl

818 4192 850 4249 τὸ
870 4189 901 4247 ἐν
916 4190 1062 4263 Διδύμοις.
1094 4200 1156 4253 Vid.
1180 4203 1250 4248 nott.
1273 4197 1362 4260 adv,

818 4270 852 4321 59
870 4273 899 4319 et
918 4268 950 4320 de
965 4269 1026 4331 ipso
1045 4267 1145 4333 templo
1161 4267 1295 4332 apollinis
1313 4268 1363 4316 Di·

819 4338 927 4406 dymaei
941 4338 997 4391 vid.
1015 4342 1085 4389 nott.
1098 4338 1135 4388 ad
1147 4338 1171 4401 Ι,
1182 4338 1226 4388 46.

852 4399 1056 4474 κατελάμβανε]
1072 4408 1089 4462 ἱ.
1104 4425 1128 4461 e.
1140 4408 1200 4457 Tum
1212 4408 1290 4472 igitur
1298 4405 1363 4456 llaec

819 4478 929 4530 Milesiis
938 4479 1091 4529 aeciderunt.
1115 4478 1156 4529 De
1168 4477 1219 4528 hoc
1228 4476 1312 4526 verbo
1323 4475 1361 4526 cl.
