2998 5138
401 425 762 503 TERPSICHORE.
785 425 822 489 V.
846 435 966 493 39241.
1206 425 1246 489 63

127 600 291 692 α’ντίβαινε
302 601 464 691 τούτοισι,
482 609 540 673 ἵνα
559 601 604 691 μή
619 631 651 672 τι
676 596 812 672 ἀλλοῖον
826 603 902 690 περὶ
916 606 978 671 σεῦ
990 606 1026 674 ολ
1036 604 1245 690 Σπαρτιῆται

123 707 373 798 βουλεύσωνται.
396 705 556 796 γυναικὸς
569 706 631 795 μὲν
644 709 701 793 τῆς
715 712 799 794 ἔχεις
812 702 854 774 οὐ
868 705 1101 795 προσδεόμεθά
1115 727 1175 773 σεο
1189 710 1246 792 τῆς

121 815 251 896 ἐξέσιος·
265 810 308 880 σύ
322 812 359 881 δὲ
372 811 476 900 ταύτῃ
490 838 525 879 τε
534 810 653 897 πάντα,
660 806 723 878 ὅσα
731 814 796 879 νῦν
805 814 968 898 παρέχεις,
977 808 1111 898 πάρεχε,
1124 805 1245 877 καὶᾶλ-

121 912 265 1004 ληνπρδς
275 914 380 1004 ταύτῃ
388 914 528 1003 ἐσάγαγε
536 914 891 1002 γυναῖκατειινοποιόν.
911 911 1247 1002 Ταῦτάκηλεγόντων

119 1019 323 1107 συνεχώρησε
335 1013 353 1087 δ
366 1016 641 1107 Ἀναξανδρίδης,
654 1015 736 1106 μετὰ
752 1018 788 1088 δὲ
804 1033 966 1106 γυναῖκας
981 1026 1065 1107 ἔχων
1078 1016 1139 1085 δύο
1155 1015 1246 1099 διξὰς

120 1127 217 1202 ἱστίας
240 1132 346 1210 oense,
373 1124 498 1191 ποιέων
523 1119 678 1211 οὐδαμοῖς
697 1120 935 1210 Σπαρτιητικά.
978 1121 1112 1212 Χρόνον
1139 1120 1177 1189 δὲ
1202 1118 1290 1189 oili

120 1230 236 1294 πολλοῦ
258 1222 488 1315 διελθόντοςὴ
509 1230 542 1306 ἐς
555 1223 697 1314 ὕστερον
711 1229 900 1295 ἐπελθοῦσα
914 1223 999 1314 γυνὴ
1013 1234 1115 1295 τίκτει
1129 1222 1188 1292 τὸν
1204 1222 1246 1313 δὴ

119 1331 305 1417 Κλεομένεα
318 1334 447 1399 τοῦτον.
480 1331 536 1399 καὶ
554 1327 639 1419 αὕτη
659 1357 695 1398 τε
708 1334 850 1420 ἔπεδρον
863 1331 1002 1418 βασιλέα
1015 1326 1245 1416 Σπαρτιήτῃσι

707 1496 796 1558 elren,
807 1498 908 1547 Noster
921 1497 974 1546 ait:
993 1491 1099 1545 ποιέων
1114 1486 1247 1560 οὐδαμῶς

708 1566 1001 1632 (itaenimelibrorum
1008 1571 1176 1616 vetustorum
1184 1581 1247 1616 con·

707 1652 789 1688 sensu
804 1635 926 1686 dedimus
939 1652 987 1702 pro
997 1627 1121 1699 ον’δαμά)
1137 1634 1247 1699 Σπαρ-

707 1698 859 1769 τιητικὰ,
871 1696 1248 1771 ηααοαεἙλληνικαηαί-

707 1776 768 1827 dem
781 1782 867 1827 erent.
883 1776 992 1827 Etenim
1006 1776 1106 1826 Graeci
1118 1789 1248 1840 monoga-

118 1494 147 1547 31
163 1500 190 1547 et
205 1495 301 1547 confer
321 1511 390 1562 quae
411 1512 465 1547 non
479 1512 590 1562 prorsus
603 1496 657 1546 dis-

119 1563 210 1616 similis
226 1566 310 1617 affert
328 1565 449 1618 Elmslei.
468 1565 503 1617 ad
527 1567 563 1618 So
584 1565 654 1616 hoel.

118 1635 207 1701 Oedip.
228 1634 289 1686 Col.
310 1651 355 1687 vs.
374 1636 436 1688 507.
463 1635 534 1690 sdd.
552 1581 655 1687 sderad.

119 1703 437 1769 mmmmm

149 1768 282 1838 ineptire
296 1765 416 1824 ἀλλοῖον
431 1801 467 1811 -
482 1765 656 1840 βουλεύσοιν-

118 1841 169 1910 ται]
186 1845 204 1894 i.
218 1860 242 1895 e.
256 1860 290 1894 ne
309 1845 382 1894 aliud
393 1845 455 1910 quid
471 1843 546 1908 (mali
557 1843 617 1898 seil.
632 1859 654 1895 s.

119 1912 288 1980 incommodi)
310 1916 344 1964 de
359 1922 384 1964 te
396 1916 522 1978 Spartani
538 1917 657 1965 corstitu-

119 1991 283 2048 sstqnorum
294 1983 357 2034 scil.
365 1985 570 2049 quammaxime
578 1984 606 2033 id
616 1985 657 2033 in-

119 2058 205 2116 terest,
218 2069 252 2105 ne
265 2052 558 2119 regisHeraelidarum
571 2056 656 2118 stirps

120 2126 242 2186 intereat,
268 2123 322 2175 sed
343 2129 375 2173 nt
397 2124 473 2173 firma
492 2139 525 2174 ae
546 2124 658 2174 robusta

119 2198 288 2245 conservetur
308 2199 539 2260 propagetnrque.
570 2194 659 2244 Vocu-

119 2262 168 2313 lsm
180 2260 209 2313 oi
222 2281 240 2314 s
258 2263 401 2329 plerisque
414 2263 470 2315 iere
486 2263 564 2314 cedd.
580 2263 658 2314 omis·

120 2332 658 2399 ssmuncisinelusempraebetDietsch.,

119 2403 208 2470 quibus
216 2419 267 2470 ego
277 2403 409 2467 liberavi,
419 2419 480 2454 eum
491 2402 606 2453 srtienlo
616 2417 659 2452 sa·
694 2452 697 2457 .

120 2489 151 2525 ne
168 2473 212 2524 liic
226 2489 297 2542 opus
315 2488 377 2524 esse
392 2474 528 2524 videatur.
554 2473 586 2523 In
599 2488 659 2522 vor-

120 2543 158 2593 bis
165 2534 198 2592 οὗ
210 2535 419 2609 προσδεόμεθά
432 2557 481 2592 σεο
490 2541 542 2607 τῆς
554 2534 659 2603 ἐξέσιος

120 2610 148 2674 (i.
162 2630 185 2665 c.
203 2630 252 2665 son
264 2616 376 2677 πατρίδα
385 2616 538 2676 porturianus
548 2630 565 2662 α
579 2621 603 2662 ic
621 2613 661 2661 di-

121 2686 251 2735 missionem
268 2686 365 2735 σπανία
379 2692 453 2741 tune,
465 2684 514 2734 nbi
525 2682 660 2748 duplicem

122 2752 214 2805 Noster
227 2755 384 2821 genitivum
394 2754 478 2804 verbe
488 2745 661 2817 προσδεόμε·

122 2820 316 2886 inusserunt,
325 2823 438 2886 usvnl,
449 2824 511 2873 144:
520 2823 555 2872 ei.
562 2821 660 2873 Matth.

123 2892 163 2945 Gr.
176 2894 222 2946 Gr.
236 2899 263 2957 ᾖ.
274 2893 340 2946 355.
356 2898 412 2945 not.
427 2891 455 2957 2)
466 2892 591 2957 equidem
605 2883 662 2951 iei-

123 2972 176 3019 σιος
186 2966 336 3016 tenuieuru
346 2962 473 3013 Restatis.
487 2962 521 3013 ed
534 2963 584 3012 Od.
599 2977 660 3027 pag.

125 3032 192 3095 1867,
208 3033 242 3083 31
255 3049 278 3085 s.
298 3032 431 3094 41⁰‚det
443 3048 506 3098 pag.
519 3031 594 3095 1900,
610 3033 658 3081 2s.

124 3101 182 3160 tto,
198 3104 242 3154 22.
271 3104 318 3154 De
336 3103 398 3167 ipss
414 3117 481 3154 soce
495 3103 613 3152 diximus
625 3100 660 3151 ad

124 3169 153 3232 V,
164 3170 208 3233 303
225 3172 258 3223 de
272 3188 344 3224 voce
357 3162 525 3229 τεκνοποιὸς
537 3171 573 3224 ci.
591 3176 660 3221 nott.

124 3239 154 3288 sd
169 3240 191 3301 1,
205 3240 248 3293 59.

154 3301 233 3370 διξὰς
245 3302 342 3367 λασίας
356 3305 443 3377 oinos]
461 3309 480 3360 i.
494 3325 518 3363 e.
532 3308 601 3359 duas
613 3308 663 3359 ha-

125 3377 219 3430 bitsvit
239 3381 329 3431 domos
352 3397 376 3432 s.
401 3381 522 3445 duplicem
541 3380 662 3443 familiam

125 3451 253 3502 messis.
278 3451 336 3502 Ubi
357 3443 448 3506 ἴστίας
462 3443 553 3499 οίκείν
567 3448 661 3500 eodem

126 3515 177 3568 iere
191 3519 286 3585 modo,
302 3535 357 3585 quo
369 3519 437 3570 alibi
451 3513 545 3575 οἰκίας
560 3512 661 3583 οίιιεῖν,

707 1848 789 1896 mium
804 1851 859 1896 tans
873 1851 1031 1896 constanter
1045 1849 1201 1906 tenuerunt,
1217 1849 1249 1895 ut

708 1920 818 1982 prester
830 1915 880 1966 hoc
893 1930 974 1966 unum
987 1914 1135 1981 exemplum
1148 1916 1196 1967 six
1209 1913 1248 1965 al-

708 1992 797 2035 terum
810 1986 899 2036 simile
915 1986 1053 2049 invenias,
1076 1984 1157 2051 quale
1172 2001 1248 2051 prse-

707 2056 920 2119 betDionysius‚
929 2055 1041 2106 Siciliae
1052 2061 1193 2119 tyrannus.
1201 2056 1249 2121 qui

709 2115 738 2174 ίν
754 2120 806 2194 μιᾷ
818 2116 908 2193 ἡμέρᾳ
922 2122 975 2175 δύο
992 2129 1129 2190 γυναῖκας
1149 2115 1248 2189 ἠγάγε-

708 2209 755 2255 το,
774 2201 805 2246 ut
823 2196 920 2245 scribit
939 2195 1070 2247 Aelianus
1091 2198 1155 2249 Ver.
1173 2196 1247 2245 Hist.

708 2263 819 2327 xills.
835 2264 1080 2316 TusidLssaulr:
1090 2264 1248 2315 ZurGeseh.

709 2350 735 2388 α,
749 2333 906 2398 Philosoph.
923 2335 949 2385 d.
966 2335 1023 2385 Ehe
1036 2335 1080 2385 bei
1098 2335 1124 2384 d.
1140 2334 1249 2385 Griech.

710 2403 1139 2470 p.15(Alrademisch.Abhaudll.
1152 2420 1178 2468 p.
1187 2404 1248 2468 385)

710 2481 738 2525 et
755 2473 827 2525 coni.
840 2474 943 2523 Jacobs
957 2474 1118 2524 Vermischt.
1136 2473 1248 2524 schrift.

709 2544 756 2594 IV.
773 2559 798 2608 p.
817 2543 868 2594 218
884 2559 941 2609 seq.
968 2542 1036 2592 Sunt
1048 2560 1112 2595 vero
1127 2543 1195 2592 talia
1211 2540 1253 2591 di·

709 2611 897 2664 iudicandaex
907 2618 1066 2663 esveterum
1074 2612 1250 2675 Graecorum,

711 2684 813 2733 Dorum
826 2683 958 2748 imprimis
974 2683 1126 2746 sententia,
1142 2697 1197 2748 qua
1213 2682 1251 2730 ci·

711 2753 809 2804 vitatis
822 2752 913 2816 sulus,
928 2767 998 2818 quae
1018 2754 1046 2802 iu
1063 2751 1251 2803 conservanda

713 2839 746 2874 sc
773 2822 951 2888 propaganda
978 2825 1107 2888 progenie
1134 2822 1252 2872 maxime

712 2895 844 2957 cernitur,
860 2893 978 2943 emnium
1002 2894 1089 2956 prims
1107 2892 1252 2944 haberetur

712 2964 769 3027 lex,
794 2964 841 3014 eui
860 2967 1092 3028 postponerentur
1112 2963 1157 3014 vel
1181 2977 1253 3028 quae

710 3033 781 3084 alias
795 3033 970 3084 sanctissima
992 3038 1083 3084 essent
1098 3038 1125 3084 et
1146 3031 1252 3099 legibus

712 3104 901 3169 institutisque
919 3103 1074 3155 firmissime
1091 3105 1251 3154 constituta.

712 3173 754 3224 Cf.
766 3174 796 3225 C.
809 3174 843 3223 Ο.
855 3172 984 3224 Mueller:
1001 3173 1089 3225 Dorer
1101 3174 1138 3225 Il.
1151 3190 1178 3239 p.
1190 3172 1251 3227 285.

908 3346 974 3397 (λιν.
989 3347 1062 3398 XLI.

748 3442 796 3496 καὶ
818 3438 890 3515 αὕτη
911 3464 941 3500 τε
965 3442 1120 3513 ἔπεδρον
1141 3441 1256 3515 βασιλέα

714 3511 911 3587 Σπαρτιήτῃσι
924 3510 1077 3583 ἀπέφαινε]
1098 3520 1118 3570 i.
1135 3535 1160 3570 s.
1180 3527 1256 3584 οίριιι

127 3585 176 3637 alia
190 3589 217 3639 id
229 3605 331 3655 genus3
344 3589 378 3640 de
393 3590 491 3655 quibus
503 3588 576 3639 eous.
585 3591 663 3639 Wes·
713 3594 737 3637 et
746 3587 809 3638 lesse
818 3605 900 3654 repom
909 3589 1220 3652 successoremSpertsuis
1229 3592 1255 3638 in

126 3656 603 3723 ssliug.sdDieder.Sicul.1V,24.
620 3658 662 3712 ef.
713 3659 790 3708 lucem
808 3660 888 3710 edidit
908 3668 933 3711 et
947 3662 1023 3723 prior
1041 3675 1110 3710 uxor
1128 3668 1176 3710 isus
1188 3661 1256 3719 sorte

128 3727 204 3777 etism
215 3728 320 3781 Herod,
337 3730 390 3793 vl,
407 3728 450 3780 86.
473 3731 529 3792 §.4
548 3728 581 3779 de
597 3744 663 3780 voce
710 3728 959 3793 presidusecinesi.
984 3728 1119 3795 Provulg.
1133 3723 1256 3791 ἔφεδρον

129 3788 208 3861 ίστίη.
226 3799 447 3861 Pausaniaslll,
460 3798 485 3849 3.
499 3802 523 3863 §-
536 3799 664 3850 ihocite
714 3799 813 3863 scripsi
831 3815 892 3850 curn
910 3804 1026 3850 reeentt.
1051 3800 1112 3849 edd.
1134 3791 1256 3861 ἔπεδρσν

129 3868 270 3931 expressit:
301 3860 390 3932 μόνος
408 3861 546 3933 γυναῖκάς
562 3883 591 3918 τε
609 3858 663 3917 δύο
713 3869 824 3920 iubente
838 3869 955 3921 Bredov.
970 3885 996 3935 p.
1010 3868 1053 3919 93.
1072 3868 1134 3920 Vid.
1152 3867 1254 3921 Herod.

128 3923 181 3998 ἅμα
191 3930 271 4001 ἔσχεν
285 3932 334 3986 κα1
347 3931 439 3995 οἰκίας
453 3935 506 3987 δύο
522 3928 580 4002 ἅμα
589 3926 664 4008 ιβιιη-
714 3938 738 3999 Ι,
753 3939 794 3988 17.
810 3940 844 4002 V,
856 3939 899 3992 65.
926 3939 1004 4002 Quod
1016 3938 1052 3988 ad
1063 3940 1140 3990 vocis
1155 3935 1256 4003 signifi·

131 4016 165 4057 σε.
191 4008 287 4072 lisque
301 4008 373 4058 enim
391 4007 443 4059 hoc
460 4009 533 4074 apud
545 4009 664 4060 Graecos
715 4008 852 4059 ostionem
870 4010 985 4074 attinet,
1005 4009 1105 4059 Noster
1128 4008 1258 4073 intelligit

130 4088 251 4140 unquam
264 4077 295 4126 in
306 4094 380 4128 more
393 4078 460 4141 fuit,
477 4078 588 4129 ntduas
602 4079 664 4146 quis
714 4093 892 4130 seccoesorem.
927 4081 968 4130 Ac
992 4080 1061 4129 satis
1087 4084 1180 4128 netum
1204 4081 1256 4140 est,

131 4143 203 4195 simul
216 4161 314 4199 uxores
323 4147 446 4211 haberet,
457 4148 511 4199 nisi
523 4153 612 4200 certas
624 4149 665 4198 in·
714 4149 826 4213 propris
835 4141 957 4213 ἔφεδρον
968 4149 1022 4199 dici
1028 4149 1194 4214 gladiatorem
1206 4155 1259 4197 ter—

133 4214 233 4265 tsrdnm
245 4217 281 4267 ob
290 4220 420 4282 rationes,
432 4219 456 4268 si
467 4221 601 4284 permissu
611 4234 666 4269 ms·
713 4220 813 4269 derium
825 4227 1002 4277 sseeutorem,
1012 4220 1058 4283 qui
1069 4225 1133 4284 post
1143 4218 1259 4268 eliorum

134 4284 292 4345 gistrstuunr
312 4287 357 4338 vel
379 4287 474 4354 populi
495 4288 546 4340 hoc
572 4287 665 4352 debet,
716 4288 830 4340 duorum
841 4304 960 4356 pugnam
972 4286 1258 4355 tertiusprogreditur,

135 4356 289 4415 praesertim
305 4353 353 4407 διὰ
368 4353 476 4409 σπαίνιν
488 4347 666 4422 ἀνθρώπων,
715 4358 822 4410 viribus
834 4374 930 4410 reeens
943 4376 1002 4411 cum
1013 4359 1119 4409 victore
1127 4357 1261 4423 defetige-

135 4423 202 4485 quod
223 4426 304 4478 semel
335 4429 471 4481 accidisse
501 4429 666 4494 occepimus.
717 4431 746 4479 to
760 4445 966 4497 congressurus·
997 4428 1078 4480 Unde
1098 4444 1161 4479 mox
1177 4427 1260 4479 letius

135 4488 203 4544 Hine
218 4500 305 4564 reete,
320 4503 351 4549 ut
363 4500 398 4549 sd
412 4497 440 4555 h.
454 4498 474 4552 1.
487 4501 592 4551 monuit
603 4499 668 4554 Vel·
718 4501 818 4566 serpsit
836 4499 965 4552 vocabuli
983 4500 1040 4563 vis,
1059 4496 1094 4550 ad
1109 4498 1180 4550 alias
1194 4513 1261 4564 quo-
