3046 5134
247 422 309 487 494
684 416 950 483 HERODOTI

247 594 346 667 πόλιν
367 593 516 683 μεγάλην
530 596 698 681 Φρυγίης,
727 593 765 663 ἐν
782 596 824 681 τῇ
843 590 955 671 Λύκος
977 591 1123 683 ποταμὸς
1144 594 1179 673 ίς
1195 591 1303 681 χάσμα
1321 596 1376 679 γῆς

247 699 421 787 ἐσβάλλων
440 695 651 785 ἀφανίζεται,
680 702 793 769 ἔπειτα
815 694 870 765 διά
893 700 1041 766 σταδίαν
1061 692 1106 776 uic
1125 699 1225 767 πέντε
1242 692 1378 783 μάλιστά

247 830 289 890 ιιη
301 799 573 891 ἀναφαινόμενος
588 803 720 871 ἐκδιδοῖ
737 800 794 869 uni
807 788 905 879 οὗτος
921 801 954 879 ἐς
974 797 1033 869 τὸν
1046 805 1262 886 Μαίανδρον.
1292 801 1329 868 ἐκ
1342 797 1377 866 δὲ

248 908 448 979 Κολοσσέων
460 901 672 994 ὁρμισάμενος
691 899 709 972 ὁ
730 901 869 992 στρατὸς
890 903 946 973 ἐπὶ
967 901 1046 982 τούς
1063 900 1188 991 οὔρους
1208 907 1276 972 τάν
1290 910 1376 988 Φρυ-

148 1014 154 1023 ’
248 1013 319 1099 μάν
338 1012 394 1079 καὶ
412 1013 482 1078 τῶν
494 1012 620 1079 Λυδῶν
641 1004 779 1079 ἀπίκετο
799 1009 833 1087 ἐς
847 1006 1010 1094 Κύδραρα
1029 1006 1144 1092 πάλιν,
1172 1013 1259 1077 ἔνθα
1279 1005 1377 1093 στήλη

249 1127 521 1200 καταπεπηγυῖα,
548 1122 711 1180 σταθεῖσα
739 1111 777 1180 δὲ
803 1107 873 1179 dui·
895 1115 1062 1199 Κροίσου,
1092 1109 1301 1200 καταμηνύει
1326 1107 1378 1178 διά

203 1217 454 1306 31γραμμάταα
474 1215 552 1296 τούς
571 1211 703 1301 οὔρους.
744 1211 801 1293 Ὡς
822 1215 861 1284 dt
880 1216 917 1285 ἐκ
941 1219 998 1302 τῆς
1016 1221 1170 1303 Φρυγίης
1191 1216 1329 1301 ἐσέβαλε
1349 1215 1378 1290 ἐς

249 1321 315 1411 τὴν,
325 1326 473 1408 Λυδίην,
496 1321 687 1408 σχιζομένης
705 1323 763 1407 τῆς
782 1314 881 1403 ὁδοῦ,
909 1319 966 1389 καί
985 1323 1043 1406 τῆς
1061 1318 1126 1408 μὲν
1145 1321 1180 1398 ἐς
1204 1314 1379 1405 ἀριστερὴν

249 1428 303 1497 ἐπὶ
317 1431 445 1513 Καρίης
458 1424 644 1514 φερούσης,
669 1426 727 1510 τῆς
745 1423 781 1492 δὲ
795 1425 828 1509 ἐς
843 1419 956 1510 δεξιὴν
974 1423 1007 1502 ἐς
1021 1421 1166 1512 Σάρδις,
1187 1427 1229 1511 τῇ
1250 1422 1309 1493 καὶ
1323 1446 1377 1493 πο-

841 1624 929 1680 oner.
946 1630 975 1679 ει
985 1641 1057 1678 nee.
1072 1625 1135 1677 ere.
1151 1624 1216 1677 ren
1230 1621 1316 1679 τινα
1332 1611 1378 1687 αἱ·

841 1688 921 1745 λιοτά
948 1711 998 1762 ιιη,
1022 1696 1070 1751 ubi
1093 1696 1175 1762 vulgo
1196 1686 1321 1759 μάλιστά
1346 1706 1377 1755 ¹⁸¹!

249 1633 356 1680 utentur
370 1627 426 1677 riri
440 1626 529 1689 docti,
552 1625 599 1697 qui
617 1625 671 1691 ipsi
684 1624 734 1675 hes
751 1639 792 1674 re·

248 1700 343 1765 giones
365 1697 564 1763 perlustrsrunt
585 1711 618 1744 nc
639 1694 791 1760 descripse-

248 1774 325 1820 runt:
344 1767 487 1818 Hemiltcn
499 1764 626 1829 (δοιιτοαΙ
640 1765 669 1815 of
678 1780 791 1830 geogra-

248 1837 340 1904 phiesl
352 1837 474 1900 society.
487 1835 548 1886 vll.
565 1850 592 1900 p.
606 1836 640 1886 60
650 1850 724 1900 περ,
739 1835 791 1885 Re·

250 1907 376 1960 scnrches
393 1908 421 1959 in
436 1906 503 1955 Asin
523 1905 618 1956 minor.
635 1905 657 1955 1.
673 1920 700 1970 p.
714 1904 791 1969 504),

247 1976 403 2030 Ainswcrth
416 1973 542 2039 (Trnvels
558 1975 586 2023 in
606 1974 651 2024 the
664 1973 745 2025 trecis
761 1972 792 2023 oi

249 2054 302 2098 etc.
324 2062 387 2113 pag.
412 2047 443 2095 15
461 2043 548 2109 seqq.)
572 2048 599 2093 et
619 2044 790 2108 potissimum

248 2116 390 2168 Arundeil:
402 2115 578 2167 Discoreries
590 2115 618 2165 in
628 2114 693 2163 Asis
703 2114 790 2163 minor

250 2183 454 2249 (counrado).
477 2185 509 2236 Τ.
530 2183 567 2235 11.
587 2198 613 2247 p.
633 2183 718 2235 160-
731 2184 789 2237 179.

250 2257 394 2308 Invenitur
408 2254 446 2303 ibi
460 2267 568 2319 quoqne
583 2252 682 2303 fluvius
696 2254 724 2302 in
738 2259 791 2303 ter·

249 2342 297 2377 ree
310 2325 468 2390 rorsginem
480 2323 622 2384 delabens,
639 2338 718 2388 quem
731 2322 791 2373 nul-

249 2396 303 2448 lum
316 2395 399 2447 nium
411 2394 465 2443 nisi
478 2394 571 2459 Lycum
587 2408 647 2445 esse
661 2393 729 2445 estis
741 2408 790 2457 ps-

250 2470 305 2518 tet:
328 2465 382 2517 vid.
402 2463 543 2515 Hemiltcn
563 2462 583 2516 1.
606 2462 639 2524 1.;
670 2463 703 2515 de
728 2463 789 2528 ipso

250 2538 340 2602 Lyco,
365 2535 411 2600 qni
436 2549 508 2591 nunc
529 2540 645 2584 vocetur
665 2532 789 2596 ΤολοννΙι,

160 2628 164 2633 ·
250 2611 358 2671 praeter
371 2605 532 2655 Strabonem
544 2603 608 2653 xil.
620 2618 648 2668 p.
661 2602 711 2654 578
720 2603 749 2656 C.
766 2619 789 2658 s.

249 2677 354 2735 8073..
378 2674 450 2725 conf.
467 2688 572 2739 qnoque
589 2672 790 2727 'fehiheteheffi

249 2747 313 2798 soie
325 2745 446 2796 minenre
457 2743 480 2794 1.
494 2758 556 2809 ρας.
567 2744 628 2797 158.
652 2746 691 2794 Ac
706 2743 791 2794 refert

249 2814 387 2867 Arundeli.
399 2816 564 2867 Graecorum
578 2828 650 2863 nnnc
664 2813 701 2863 ibi
713 2811 789 2863 hobi-

249 2887 368 2936 tnntinm
380 2885 480 2937 semum
491 2883 525 2933 de
534 2882 668 2934 Micbciiie
681 2882 790 2947 angelo,

249 2955 340 3021 quiin
355 2969 453 3021 magne
463 2968 595 3018 uquarum
612 2952 791 3003 inundatione

249 3026 353 3076 histum
371 3029 461 3075 terrae
482 3022 634 3087 aperuerit,
659 3022 687 3071 in
711 3037 790 3088 quem

251 3110 342 3162 sqnee
359 3094 416 3144 sint
437 3093 605 3153 submersae,
631 3107 729 3155 magno
749 3093 791 3142 in-

250 3167 372 3217 colarum
405 3162 555 3213 commodo.
600 3161 642 3212 De
666 3161 789 3213 Colossis

250 3235 317 3286 urbe
330 3232 394 3284 oiim
405 3232 582 3283 celeberrime
594 3236 621 3281 et
629 3230 708 3283 Penii
719 3232 790 3296 Apo-

249 3304 315 3356 stoli
334 3302 452 3368 epistols
470 3302 617 3366 insignite,
644 3302 691 3366 qui
713 3302 790 3366 plura

249 3387 414 3442 cognoscere
423 3370 506 3432 velit,
519 3372 612 3431 edent,
626 3385 696 3436 qnae
710 3388 793 3437 expo·

250 3447 363 3496 suerunt
372 3440 487 3493 Carolus
495 3441 583 3492 Boehr
596 3442 623 3490 in
640 3443 788 3493 introduct.

251 3514 285 3565 sd
298 3512 448 3563 Comment.
461 3513 489 3561 in
498 3510 577 3562 Penii
589 3512 678 3575 Epist.
692 3512 727 3562 sd
741 3512 792 3562 Co·

250 3585 315 3635 loss.
330 3581 427 3646 (Besil.
442 3580 521 3645 1832)
535 3595 597 3647 pag.
617 3581 697 3644 1-4,
719 3583 792 3633 8λοὶ-

250 3670 298 3721 ger
314 3654 342 3703 in
352 3653 532 3704 commentat.
549 3652 577 3701 in
589 3653 679 3717 Epist.
693 3652 728 3705 sd
739 3653 790 3703 Co·

251 3726 317 3777 less.
331 3738 395 3789 pag.
411 3726 441 3775 16
455 3738 530 3789 seqq.
541 3723 665 3786 inprimis
681 3737 742 3788 pag.
755 3724 789 3773 26

247 3810 324 3861 seqq.
336 3799 364 3844 et
377 3794 409 3843 R.
419 3793 453 3845 G.
464 3793 571 3844 Montio
581 3792 622 3842 in:
637 3793 788 3843 Dissertut.

249 3869 354 3929 eroget.
369 3861 491 3914 historic.
505 3862 709 3927 questionem,
721 3878 787 3913 num

247 3934 349 3986 Penius
361 3932 482 3985 Colossis
500 3931 638 3994 docuerit,
654 3933 788 3985 rimaturn

249 4003 441 4069 (Helsingicrs.
453 4000 532 4065 1843)
543 4017 569 4066 p.
580 4004 596 4052 4
606 4017 682 4067 seqq.
707 4004 788 4057 Conf.

248 4076 341 4138 etiem,
352 4089 422 4139 quse
433 4073 588 4124 excitantur
597 4085 614 4121 u
624 4070 735 4122 Winero
746 4074 787 4125 in:

247 4143 381 4196 Biblisch.
394 4142 588 4195 Reeiwiirterb.
601 4141 622 4191 1.
632 4156 665 4206 p.
681 4143 730 4194 791
744 4143 786 4195 ed.

247 4215 358 4267 secund.

282 4277 333 4334 διά
348 4278 482 4347 σταδίαν]
502 4282 522 4333 i.
535 4296 558 4332 ο.
569 4296 605 4333 ec·
613 4284 720 4348 quinque
727 4283 787 4345 sere

247 4355 385 4405 stadiorum
401 4353 535 4403 interuallo
549 4366 571 4402 s.
588 4358 651 4416 post
667 4353 786 4417 quinque

248 4425 304 4475 scre
324 4423 414 4475 stedia
429 4419 629 4487 prseterispsa3
653 4420 725 4475 conf.
738 4422 786 4485 vl,

250 4493 474 4561 lidibiqnenott.
484 4492 549 4542 Mox
558 4506 618 4543 curn
626 4489 787 4559 Schweigh„

841 1778 933 1821 neves.

886 1825 915 1893 ίς
942 1829 1095 1900 Κύδραρα]
1123 1832 1378 1899 Schweighssneero

840 1905 941 1957 Noster
961 1905 1074 1959 eundem
1096 1904 1205 1957 videtur
1226 1902 1322 1961 urbem
1343 1902 1379 1951 di·

841 1990 917 2041 cere,
931 1990 1001 2041 quse
1016 1967 1153 2037 Καύραρα
1165 1972 1238 2038 spud
1251 1972 1379 2027 Straton.

841 2046 905 2096 XII.
923 2061 950 2111 p.
965 2045 1016 2097 618
1025 2044 1056 2095 0.
1075 2059 1097 2094 s.
1112 2059 1138 2109 p.
1152 2043 1243 2094 86711.
1266 2049 1296 2092 et
1309 2040 1377 2092 xiv,

841 2130 868 2179 p.
884 2115 973 2166 uude.
988 2131 1010 2168 s.
1027 2130 1055 2181 p.
1071 2114 1164 2165 117111).
1192 2114 1271 2176 Quae
1288 2112 1376 2163 eedem

841 2190 884 2234 est
893 2184 1021 2235 Heerenii
1031 2185 1169 2235 sententie
1179 2183 1220 2232 in:
1234 2183 1319 2233 Ideen
1329 2186 1378 2231 ete.

841 2256 862 2304 Ι.
880 2270 943 2321 peg.
959 2254 1019 2308 164.
1060 2256 1130 2305 Nom
1147 2268 1179 2302 ee
1201 2253 1266 2302 urbs
1282 2266 1380 2303 mercs-

840 2328 902 2375 tnrtt
918 2325 1042 2375 floruisse
1058 2325 1144 2375 fertur
1163 2321 1197 2373 ob
1213 2324 1298 2377 sitnm
1313 2339 1379 2373 com·

840 2396 949 2445 modum
962 2394 1053 2444 mnitis
1065 2393 1105 2445 ire
1125 2396 1379 2444 uentstemercsto·
1467 2412 1469 2419 ·

839 2465 915 2516 ribus
923 2465 1042 2530 undique
1053 2410 1262 2515 confluentibus.
1275 2460 1379 2514 Schoeii

841 2534 881 2598 (in
894 2540 960 2586 notu
974 2534 1107 2584 versionis
1119 2534 1311 2597 Germanicus)
1323 2533 1379 2584 nui-

841 2604 894 2654 lem
916 2605 998 2655 ulium
1016 2602 1068 2655 hoc
1087 2602 1147 2669 loco
1166 2602 1282 2653 indicari
1303 2606 1379 2673 putet

841 2674 934 2725 urbem
946 2675 1000 2725 nisi
1018 2689 1093 2738 eum,
1112 2688 1182 2739 quse
1194 2678 1296 2743 pestes
1312 2675 1379 2724 Lao

840 2744 927 2795 dieeoc
941 2746 1049 2795 nornine
1060 2742 1191 2795 inclaruit
1203 2759 1236 2794 ec
1247 2744 1380 2794 Rcmsno

839 2829 899 2864 rum
911 2819 1004 2865 netste
1017 2813 1159 2867 admodum
1172 2813 1279 2877 floruit,
1300 2818 1380 2879 ceput

840 2883 974 2950 Phrygiae
987 2886 1156 2935 Pacatianae
1169 2884 1220 2933 snb
1236 2885 1380 2950 imperetu-

841 2953 917 3005 ribns
934 2954 1111 3018 Byuntiniu
1137 2953 1235 3019 quibus
1248 2954 1338 3019 pulsis
1353 2953 1379 3001 in

840 3026 992 3079 Turcsrnrn
1001 3024 1132 3075 ditionem
1142 3024 1218 3075 venit
1230 3025 1296 3075 urbs
1310 3037 1380 3074 nnnc

843 3094 908 3145 1255
923 3099 986 3158 post
1004 3094 1066 3145 Chr.
1081 3110 1124 3157 n.‚
1141 3093 1190 3144 sed
1211 3108 1229 3151 s
1244 3092 1379 3160 Mongolis

840 3165 909 3215 duce
921 3165 1031 3219 Timure
1049 3179 1146 3217 everen
1163 3168 1205 3215 est
1219 3180 1292 3215 nnnc
1305 3162 1378 3215 1101.

840 3234 908 3285 Inde
920 3233 1007 3285 sdhuc
1018 3234 1077 3286 loco
1090 3250 1189 3286 nomen
1197 3234 1379 3293 min-now,

840 3303 912 3370 quod
922 3308 1048 3371 σπείρεται
1056 3320 1141 3355 arcem
1150 3303 1298 3369 significet.
1319 3302 1380 3355 Pin-

840 3390 871 3425 rs
887 3373 920 3425 de
937 3373 990 3425 huc
1005 3374 1072 3426 nrbe
1085 3375 1140 3425 rid.
1154 3374 1229 3439 spnd
1240 3375 1379 3439 Forhiger.

840 3443 889 3499 1.1.
902 3445 940 3495 11.
953 3460 980 3509 p.
992 3443 1053 3498 347.
1083 3445 1215 3511 Equidem
1229 3445 1262 3495 de
1273 3441 1380 3495 Schnei-

839 3514 870 3564 lii
888 3515 1025 3566 sententis
1044 3515 1199 3566 discernere
1220 3514 1322 3567 nolim:
1352 3511 1379 3562 id

839 3582 904 3635 v'ero
914 3586 984 3637 sutis
994 3589 1096 3637 cerium
1107 3584 1224 3647 videtur,
1238 3585 1312 3635 circs
1322 3598 1378 3633 enm

839 3655 992 3718 regionem,
1019 3655 1048 3705 in
1075 3669 1130 3721 qun
1152 3659 1250 3719 postes
1274 3654 1379 3707 exstitit

838 3725 977 3779 Laodices
991 3725 1072 3786 urbs,
1092 3739 1152 3775 enm
1169 3739 1275 3792 qnoque
1287 3724 1378 3776 turbem

838 3794 1020 3913 {nectendum
1042 3811 1117 3853 esse,
1141 3798 1186 3846 cui
1208 3811 1306 3846 nomen
1325 3788 1379 3845 Κά·

856 3879 931 3928 ραρα
945 3866 1017 3930 npud
1033 3864 1212 3917 Herodotum.
1226 3918 1230 3923 ,

1014 4039 1081 4090 Cur.
1102 4037 1202 4089 XXXI.

878 4130 925 4192 int
941 4138 1063 4208 Καρίης]
1086 4142 1105 4193 i.
1119 4158 1143 4192 e.
1164 4140 1266 4192 earnm
1279 4153 1377 4189 sersus.

837 4212 899 4264 Vid.
916 4212 1045 4263 Knehner
1066 4212 1112 4264 Gr.
1132 4211 1178 4264 Gr.
1199 4209 1375 4274 ξ.δ11,1,1).

837 4281 909 4332 Hinc
920 4282 990 4333 mele
1001 4284 1028 4333 in
1038 4281 1143 4332 dnobus
1154 4269 1309 4331 Perissssrd
1322 4277 1376 4329 Ku-

838 4349 914 4416 ρίην.
926 4379 961 4389 -
973 4352 1074 4403 Urbem
1090 4343 1275 4416 Καλλάτηβον
1286 4363 1374 4407 nemo,

837 4426 969 4488 quantum
982 4424 1056 4485 scio,
1068 4423 1160 4484 novit,
1175 4424 1283 4487 prester
1294 4432 1375 4469 unum

837 4491 968 4560 Stephun.
984 4494 1101 4558 Byzent.
1115 4508 1137 4542 s.
1152 4507 1180 4547 v.
1200 4482 1376 4556 Καλλάτηβος
