3048 5130
479 402 847 469 TERPSICHORE.
871 408 907 469 V.
931 416 975 473 96.
997 417 1040 473 97.
1269 406 1328 469 197

185 587 298 665 ζουσι,
320 576 475 660 εὐπετέες
489 606 524 649 τε
537 589 744 669 χειρωθῆναι
761 592 886 669 ελησαν.
920 581 1025 650 ταῦτά
1042 611 1078 651 τε
1100 580 1142 671 δὴ
1163 591 1257 671 ἔλεγε
1271 586 1327 654 καὶ

185 683 271 771 πρὸς
290 699 375 752 τοῖσι
395 682 494 768 τάδε,
519 680 563 764 ὣς
576 689 611 753 ολ
622 683 783 773 Μιλήσιοι
803 690 871 754 τῶν
888 682 1079 775 Ἀθηναίων
1103 688 1167 755 εἰσὶ
1182 685 1326 774 άποιιιοι,

184 791 242 857 καὶ
258 787 348 868 οἰκός
363 807 469 873 σφεας
484 798 536 876 εἴη
550 786 693 875 ῥύεσθαι
717 792 926 877 δυναμένους
940 792 1041 877 μέγα·
1069 792 1124 859 καὶ
1138 786 1241 860 οὐδὲν
1262 788 1281 860 ὅ
1294 818 1326 861 τι

184 890 250 961 οὐκ
264 886 441 978 ὑπίσχετο,
462 886 517 959 οἷα
531 888 635 978 κάρτα
650 891 823 980 δεόμενος·
842 895 875 973 ές
890 888 908 960 δ’
921 890 1081 963 άνέπεισέ
1091 915 1206 982 σφεας.
1234 904 1323 964 Πολ-

183 994 267 1075 λούς
284 993 348 1084 γάρ
369 993 441 1063 οἶκε
463 993 550 1063 εἶναι
565 992 804 1084 εὐπετέστερον
819 995 1014 1083 διαβάλλειν
1034 992 1144 1086 ἢένα,
1171 1005 1203 1067 εἰ
1216 1007 1321 1068 Κλεο-

181 1102 288 1189 μένεα
308 1098 370 1187 μὶν
384 1096 443 1168 τὸν
456 1096 725 1187 Λακεδαιμόνιον
744 1105 872 1188 μοῦνον
891 1097 953 1168 οὐκ
966 1096 1035 1181 οἷός
1052 1129 1087 1168 τε
1103 1103 1234 1187 ἐγένετο
1249 1108 1321 1171 δια-

180 1203 334 1292 βάλλειν,
347 1216 435 1289 τρεῖς
449 1202 485 1271 δὲ
494 1201 660 1291 μυριάδας
670 1201 859 1292 Ἀθηναίων
868 1207 1002 1292 ἐποίησε
1012 1209 1118 1274 τοῦτο.
1149 1201 1322 1293 Ἀθηναῖοι

180 1401 275 1468 ζουσι]
296 1404 312 1451 i.
330 1419 353 1452 e.
371 1418 417 1452 nee
434 1411 506 1455 seuto
523 1419 569 1453 nee
587 1403 662 1454 taetri
685 1420 728 1455 eos
777 1404 906 1469 graviora
934 1408 1026 1454 esseut
1052 1405 1137 1456 verba
1160 1421 1210 1455 aua
1234 1408 1321 1471 ipsos·

180 1474 359 1538 miseriaque
370 1476 491 1535 superari
502 1488 586 1535 posse.
614 1475 658 1523 De
669 1490 729 1524 ver·
779 1489 830 1539 que
844 1475 1025 1525 Athenienses
1043 1478 1156 1539 gravius
1171 1483 1319 1537 moverent,

181 1545 220 1594 bo
239 1539 364 1606 νομίζειν
381 1542 455 1591 eonf.
470 1547 540 1592 nott.
557 1542 594 1593 ad
607 1544 660 1607 IV,
677 1543 726 1595 183
777 1544 926 1607 sumpsisse
940 1546 1096 1605 maximum,
1110 1544 1156 1608 qni
1170 1544 1318 1608 ferebatur,

181 1614 230 1664 fin.
241 1617 270 1663 et
283 1612 316 1662 de
331 1610 473 1676 particulis
488 1604 641 1661 οὕτε-τε
653 1619 724 1664 nott.
776 1629 917 1663 numerum
952 1616 1056 1678 triptota
1083 1617 1172 1664 milium
1203 1615 1318 1677 eivium3

180 1683 219 1733 ad
230 1684 285 1737 VI.
301 1683 324 1731 l.
360 1682 402 1731 Ad
417 1680 581 1733 locutionem
599 1677 727 1741 εὐπετέες
777 1687 908 1748 quantum
922 1684 1030 1748 quidem
1041 1699 1167 1749 nmquam
1180 1684 1319 1735 exstitisse

180 1748 360 1818 χειρωθῆναι
381 1752 454 1803 eonf.
476 1768 586 1816 prorsus
615 1753 725 1817 similia,
774 1752 820 1803 vel
844 1754 960 1804 maxime
986 1754 1147 1803 florentibus
1163 1747 1320 1803 'Athenien-

181 1838 254 1886 qnae
265 1821 392 1887 leguntur
405 1821 458 1883 ΙΙΙ,
474 1822 532 1873 120.
549 1823 599 1872 145
612 1823 672 1875 eoll.
686 1823 723 1885 11,
775 1823 845 1872 sium
855 1824 936 1873 rebus
947 1824 993 1872 vix
1005 1822 1143 1885 credibile,
1156 1839 1228 1885 enm,
1239 1839 1319 1873 aceu-

179 1892 225 1944 70.
248 1892 291 1941 De
302 1891 442 1941 modorum
453 1892 559 1941 ratione
573 1891 619 1943 vel
631 1894 724 1956 potius
774 1893 878 1942 tutiora
889 1897 1010 1943 veterum
1023 1891 1055 1941 de
1069 1892 1112 1942 his
1122 1893 1281 1943 testimonia
1293 1895 1318 1943 ai

178 1961 264 2011 celeri
275 1976 367 2011 esrum
382 1963 502 2011 transitu
515 1952 566 2026 (ὥς
578 1958 723 2025 νομίζουσι
774 1964 968 2025 respiciamus,
992 1962 1019 2011 in
1037 1961 1084 2010 ille
1103 1977 1214 2012 numero
1231 1965 1319 2028 vipinti

178 2059 214 2067 -
226 2027 342 2104 τέηοαν,
365 2034 393 2079 et
410 2046 487 2081 mox:
512 2020 593 2087 τδς-
604 2026 658 2080 edel
675 2026 724 2080 καλ
772 2033 966 2082 miliumeivinm
977 2032 1202 2097 acquiescendum
1211 2047 1271 2083 esse
1279 2033 1316 2081 vi·

178 2094 304 2156 οἰκος-
315 2097 372 2162 εἴη)
391 2100 462 2177 οουξ.
482 2106 553 2151 nott.
567 2101 603 2150 ad
620 2104 659 2166 V,
675 2101 721 2161 13;
774 2102 879 2156 deutur.
905 2103 985 2153 Unde
996 2102 1196 2167 quaeemnium
1205 2103 1314 2152 Atticae

176 2171 216 2221 ad
231 2170 314 2220 verba
331 2164 418 2218 oridia
440 2185 497 2219 οτι
517 2158 568 2219 οὖν
586 2159 722 2235 ὑπέσχετο
771 2171 921 2222 incolarum
931 2171 1013 2222 fuerit
1023 2172 1118 2237 eopia,
1134 2172 1315 2235 probabiliter

177 2239 254 2290 conf.
275 2244 343 2289 nott.
361 2240 397 2289 ad
414 2240 483 2303 Vll,
505 2239 562 2291 145.
604 2242 722 2291 Verbum
771 2242 841 2292 idem
861 2242 981 2292 Boeekh.
1000 2241 1168 2293 constituere
1193 2241 1313 2292 studuit:

176 2300 342 2371 διαβάλλειν
364 2311 583 2367 circumveniendi.
610 2311 722 2379 fallendi
771 2326 852 2374 quam
864 2313 978 2362 eandem
991 2328 1048 2363 rem
1059 2316 1252 2362 tractaverunt
1263 2313 1314 2361 Le·

176 2381 291 2429 notione
306 2379 448 2443 attigimus
461 2379 496 2428 ad
512 2379 545 2441 V,
556 2379 599 2429 50.
770 2384 867 2430 trenno
876 2383 920 2430 in:
932 2380 1013 2431 Mem.
1024 2381 1057 2432 de
1068 2381 1212 2432 l'lnstitnt.
1224 2380 1310 2445 royal.

224 2450 301 2510 τρεῖς
330 2444 362 2497 δὲ
392 2439 532 2510 μυριάδας
559 2439 721 2511 Ἀθηναίων
771 2454 822 2500 ete.
844 2451 877 2502 T.
897 2451 946 2499 VI.
972 2466 999 2513 p.
1021 2450 1069 2501 165
1086 2466 1162 2516 seqq.
1183 2450 1233 2501 169
1254 2466 1311 2516 seq.

175 2509 295 2582 ἐποίησε
306 2515 402 2583 τοῦτο]
421 2518 501 2567 Hune
511 2533 651 2568 numerum
665 2524 720 2568 ter·
770 2520 889 2584 itemque
895 2520 999 2570 Leuke:
1010 2519 1182 2585 Topograph.
1190 2536 1215 2569 v.
1223 2521 1312 2570 Athen

176 2590 220 2639 tia
237 2594 315 2654 parte
328 2593 437 2639 suetum
452 2587 535 2638 habet
552 2587 718 2640 Dahlmann.
770 2594 824 2639 ete.
842 2605 905 2654 pag.
919 2589 970 2639 462
985 2605 1075 2654 νεαρ,
1091 2589 1134 2639 Al.
1146 2590 1259 2640 Moreau
1279 2590 1312 2640 de

172 2658 279 2709 Herod.
292 2673 355 2723 pag.
366 2658 413 2723 58,
430 2673 592 2722 quamquam
605 2657 656 2708 hoe
670 2659 719 2708 mi·
769 2660 883 2708 lennes:
903 2659 1086 2724 „Stetistique
1096 2658 1143 2709 des
1155 2659 1266 2724 penples
1279 2659 1311 2709 de

174 2731 249 2779 nime
259 2727 393 2778 Herodoti
405 2726 485 2792 eulpa
496 2727 600 2777 laetum
615 2733 717 2789 censet,
767 2727 946 2794 l'dntiquites
959 2731 980 2778 Ι.
995 2744 1056 2791 pau.
1074 2730 1123 2779 175
1136 2744 1211 2793 seqq.
1242 2729 1313 2778 Con·

174 2799 225 2851 sed
245 2813 351 2858 eorum,
374 2812 443 2862 quos
461 2796 506 2847 ille
526 2797 639 2860 adierit,
660 2798 719 2848 vnl-
771 2798 846 2849 ieras
862 2800 944 2848 etiam
962 2814 979 2847 a
991 2798 1020 2848 Ο.
1033 2800 1065 2848 F.
1079 2798 1237 2848 Hermanno
1250 2814 1312 2863 pre*

173 2883 270 2934 gesem
283 2868 382 2917 lamam
397 2882 502 2931 semper
512 2872 630 2919 secutus.
647 2869 672 2918 N
675 2884 719 2917 am
769 2868 828 2917 lata
841 2869 881 2917 in:
892 2867 999 2918 Grieeh.
1013 2867 1217 2918 Staataalterth.
1231 2867 1254 2928 ξ.
1266 2867 1309 2919 98.

175 2938 334 3003 plerumque
356 2937 390 2986 ob
416 2943 537 2987 veterum
562 2939 721 2987 testimonia
769 2942 825 2987 not.
845 2937 870 2988 6.
908 2937 961 2987 Sed
983 2936 1051 2987 haee
1076 2943 1198 2988 nostrum
1221 2936 1312 2988 locum

175 3007 311 3072 quaedam
325 3005 394 3071 (vid.
406 3007 505 3057 Meurs.
519 3009 609 3059 Leett.
623 3006 682 3059 Att.
694 3008 717 3072 I,
768 3008 857 3057 minus
871 3011 1002 3069 tangunt,
1021 3007 1049 3056 in
1063 3022 1115 3072 que
1128 3011 1175 3072 qui
1184 3022 1311 3057 numerus

177 3080 203 3130 1.
227 3078 304 3127 Fert.
323 3076 407 3127 Attie.
428 3078 453 3126 4.
487 3079 611 3128 Museum
630 3078 718 3126 esitio.
767 3078 869 3127 eirium
887 3077 1041 3139 indicatur,
1068 3077 1092 3125 is
1110 3084 1184 3126 certe
1201 3093 1254 3126 uon
1272 3077 1312 3126 ni-

175 3147 336 3211 Cantabrig.
349 3146 371 3196 1.
388 3161 452 3211 pag.
463 3145 640 3211 541.11‚pag.
653 3145 717 3208 215)
769 3149 840 3196 mins
857 3147 965 3197 videtur
982 3146 1086 3196 Leakio
1107 3146 1124 3195 l.
1142 3145 1160 3195 l.
1183 3162 1244 3211 pag.
1258 3146 1310 3196 463

174 3219 264 3283 νίρίπιὶ
272 3218 339 3266 milia
350 3214 437 3266 fuisse
451 3216 552 3265 civium
566 3216 718 3267 Atticorum
767 3221 796 3266 et
807 3217 842 3266 ad
853 3217 996 3266 veritatem
1008 3215 1149 3275 aeeedere;
1162 3232 1248 3280 neque
1259 3214 1311 3264 ali-

173 3290 300 3344 sumunt3
319 3285 390 3336 unde
401 3285 446 3337 vel
457 3285 655 3349 Valckenario,
671 3287 718 3351 qui
768 3293 811 3336 ter
828 3284 937 3336 videtur
952 3288 1078 3350 Zumptio
1101 3287 1142 3334 in:
1165 3284 1310 3336 Abhandll.

173 3357 212 3407 ab
220 3354 361 3407 Herodoto
373 3355 510 3405 indicatur
523 3371 659 3418 numerus,
674 3372 718 3406 au·
768 3357 793 3406 d.
815 3354 916 3406 Berlin.
936 3354 1025 3405 Akad.
1050 3356 1076 3404 d.
1096 3354 1307 3405 Wisseusehaft.

173 3442 226 3493 pra
249 3425 357 3476 modum
385 3429 483 3476 anetus
505 3425 624 3479 videtur.
663 3426 716 3475 Ne·
769 3425 844 3476 lffld.
863 3441 927 3490 pag.
942 3427 971 3487 4,
997 3440 1160 3490 quamquam
1177 3440 1309 3474 summurn

174 3513 227 3562 que
245 3502 335 3545 tamen
352 3496 380 3544 in
397 3499 474 3545 testu
493 3496 641 3560 quidquam
658 3511 718 3545 esse
767 3500 841 3547 certe
854 3495 956 3545 civium
973 3493 1045 3543 huno
1058 3493 1145 3545 luisse
1159 3509 1308 3557 numerum,

172 3566 348 3626 mutandum,
369 3571 478 3631 praeter
496 3568 617 3628 ipsorum
637 3565 717 3615 codd.
767 3566 952 3629 quiunquam
972 3564 1123 3627 exstiterit,
1147 3564 1308 3614 arbitratur.

172 3634 720 3698 auctoritatemvelAristophanisosteu—
767 3635 907 3700 Aquibus
930 3635 969 3682 ita
992 3634 1108 3684 discedit
1125 3633 1235 3698 Sauppe
1255 3632 1308 3698 (De

172 3706 215 3756 dit
234 3705 311 3756 loeus
329 3706 356 3754 in
374 3704 523 3755 Eeelesiaz.
540 3706 605 3755 1124
618 3706 654 3755 ab
673 3721 717 3755 ee·
768 3702 1306 3768 eaesismagnitudetlabiaAthenpag.

172 3777 235 3826 dem
244 3774 376 3825 Valcken.
387 3776 456 3825 bene
468 3773 575 3836 allatus,
589 3776 636 3825 ubi
647 3774 717 3824 idern
768 3777 783 3824 4
798 3779 826 3824 et
839 3774 914 3824 Aett.
928 3770 1058 3824 Societat.
1071 3773 1168 3822 Graec.
1181 3772 1256 3836 Lips.
1267 3773 1308 3836 ΙΙ,

171 3861 301 3897 numerus
317 3845 417 3893 civium
436 3843 555 3893 traditur
581 3841 717 3909 (πολιτῶν
767 3847 792 3895 2.
804 3860 829 3909 p.
840 3842 958 3908 lemme
969 3843 1003 3892 ab
1016 3843 1156 3892 Herodoto
1170 3858 1255 3907 aeque
1268 3847 1309 3892 at·

172 3915 274 3964 πλεῖον
292 3901 312 3977 ἢ
329 3910 501 3977 τρισμυρίων
517 3904 631 3979 ὄντων).
660 3915 716 3965 Νο-
767 3930 817 3979 que
827 3912 1052 3978 abdristephane
1063 3913 1176 3977 triginta
1186 3911 1261 3961 milia
1270 3912 1308 3962 ei-

172 3990 232 4037 stra
244 3988 337 4034 aetate
346 3985 503 4034 accuratius
512 3986 541 4033 in
550 3983 618 4034 bueo
628 3984 716 4049 inqui·
765 3985 840 4033 vium
851 3983 1056 4033 numerantibus
1070 3982 1138 4031 nihil
1150 3983 1205 4032 nisi
1216 3998 1308 4031 nnme-

172 4055 241 4105 sirit
258 4052 384 4105 Beeelsh:
409 4052 643 4104 Staatahaushalt.
668 4054 716 4104 der
765 4069 823 4103 rum
837 4068 1012 4117 permagnum
1026 4053 1173 4115 significari
1191 4056 1307 4113 statuat,

172 4125 272 4176 Athen.
287 4125 310 4174 1.
326 4138 389 4189 pag.
406 4122 439 4173 35
454 4138 530 4189 seqq.
549 4120 582 4187 (s.
601 4140 665 4189 pag.
682 4121 716 4174 50
766 4124 904 4188 multaque
921 4122 990 4173 idem
1005 4122 1082 4171 addit
1094 4123 1217 4186 exempla
1228 4122 1307 4170 huius

174 4195 217 4247 ed.
230 4194 315 4260 seu),
330 4194 410 4243 varia
422 4198 545 4244 veterum
558 4195 716 4244 testimonia
766 4194 885 4244 eiusdem
906 4192 1010 4242 numeri
1031 4207 1048 4240 a
1069 4191 1181 4242 Graecis
1201 4191 1240 4240 aie
1260 4190 1307 4239 ad-

172 4267 205 4317 de
219 4265 320 4315 eirium
333 4264 487 4315 Atticorum
499 4278 609 4314 numero
622 4278 716 4313 secun·
765 4265 855 4314 hibiti.
881 4263 920 4313 Ae
937 4261 981 4313 vel
993 4259 1185 4326 Aristophanis
1204 4260 1233 4308 in
1245 4258 1306 4309 loeo

173 4336 237 4386 dum
247 4334 378 4400 temporis
387 4334 509 4385 rationes
519 4328 666 4398 disponens
677 4350 717 4384 re·
767 4349 908 4384 nnmerum
927 4331 1002 4382 illum
1015 4347 1074 4381 cum
1089 4330 1225 4379 iaetantia
1240 4344 1307 4392 qua·

173 4410 272 4470 eteque
292 4419 419 4464 monens,
440 4404 513 4468 quod
530 4402 563 4453 ad
583 4403 715 4454 Herodoti
767 4405 827 4454 dam
847 4402 963 4467 proferri
980 4402 1003 4451 si
1021 4400 1133 4461 eredas,
1159 4404 1250 4447 tamen
1272 4398 1305 4447 ab

172 4475 261 4527 loeum
278 4474 415 4539 pertinet,
437 4473 642 4540 Aristagoram,
662 4488 715 4539 quo
766 4473 922 4537 Herodoto,
938 4473 985 4538 qui
996 4471 1098 4520 diutins
1113 4472 1141 4519 et
1153 4468 1211 4532 ipae
1223 4467 1307 4518 Athe·
