2970 5128
177 397 238 457 3l0
612 394 880 456 HERODOTI

177 578 256 649 λονς
270 566 440 656 ἀνέγνωσε
455 572 637 640 ἐπιθέσθαι
659 584 742 638 τοῖσι
766 565 956 654 δεσπότῃσι.
993 569 1029 636 ἐκ
1050 565 1171 636 τούτου
1184 565 1222 655 δὲ
1244 565 1364 635 ard-47⁰

178 672 274 761 λιμός
289 696 350 759 σφι
368 665 411 760 ἦν
427 676 481 743 ἐιτί
495 672 617 761 χρόνον
630 670 773 759 συχνὸν,
789 667 853 751 tsi*
868 676 889 738 δ
893 699 910 758 q
924 669 1021 758 μόγις
1034 673 1068 739 oi
1080 667 1222 756 Ἀργεῖοι
1237 673 1312 739 ἐττε-

178 776 358 863 κράτησαν.

133 899 172 958 84
253 876 396 965 Ἀργεῖοι
409 882 472 966 μέν
492 878 744 948 vestierarius
759 875 951 965 Κλεομένεα
971 898 1054 963 φασι
1068 879 1216 963 μανέντα
1230 872 1314 942 sino·

180 985 300 1050 λέσθαι
324 987 444 1062 κακῶς.
484 980 586 1051 Αὐτοὶ
605 982 643 1051 δὲ
657 986 868 1069 Σπαρτιῆταί
889 1001 971 1064 φασι
993 983 1030 1047 ἐκ
1052 984 1230 1066 δαιμονίου
1252 981 1315 1065 μὲν

179 1081 318 1165 οὐδενὸς
328 1091 473 1172 μανῆναι
485 1091 694 1174 Κλεομένεα,
709 1085 867 1172 Σκύθῃσι
879 1084 915 1150 δὲ
926 1079 1129 1170 ὁμιλήσαντά
1139 1110 1199 1170 μιν
1209 1077 1312 1169 ἄκρη·

178 1254 329 1311 testantur,
348 1251 371 1299 si
388 1250 496 1314 quidem
511 1252 565 1302 illie
579 1257 634 1302 tres
647 1266 718 1302 nune
769 1250 831 1298 turri
851 1246 1000 1313 patebant,
1020 1247 1055 1297 ad
1075 1247 1198 1297 divinum
1216 1260 1314 1295 numen

178 1318 289 1384 reperiri
311 1319 437 1369 dicuntur
456 1322 524 1381 vici,
548 1321 676 1371 Paulitsa
691 1327 719 1371 et
768 1319 945 1383 divinamque
963 1318 1113 1367 vindictam
1131 1317 1222 1375 illam,
1243 1331 1314 1379 quse

179 1389 302 1452 superior
322 1395 349 1438 et
366 1389 479 1440 interior
496 1398 578 1456 atque
596 1392 717 1453 Coritza,
769 1389 894 1438 omnibus
904 1387 985 1437 rebus
997 1387 1024 1435 in
1035 1393 1107 1436 terra
1116 1385 1248 1450 coeloque
1259 1401 1314 1433 nm-

151 1494 154 1498 -
179 1459 225 1521 qui
237 1458 313 1509 vicus
334 1462 471 1522 prosimus
488 1476 549 1511 esse
569 1461 657 1511 fertur
674 1476 718 1509 ve·
768 1457 880 1507 deretur
904 1455 972 1520 (vid.
997 1461 1064 1506 nott.
1086 1455 1123 1504 ad
1145 1456 1174 1516 1,
1193 1454 1238 1505 32.
1262 1454 1316 1514 ΙΙΙ,

180 1528 231 1576 teri
245 1528 304 1577 urbi
320 1527 353 1577 ob
367 1529 501 1593 Apollinis
516 1531 638 1595 Epicurii
653 1536 719 1580 tem-

180 1597 252 1661 plum
262 1599 406 1648 recentiori
419 1603 512 1649 aetate
524 1600 660 1650 detectum
673 1600 718 1648 de-

179 1667 364 1731 scriptumque
380 1671 496 1719 maxime
508 1670 618 1733 insigni.
648 1670 719 1718 Edo-

180 1738 239 1786 euit
260 1752 301 1786 me
319 1736 510 1788 celeberrimus
533 1739 574 1789 De
597 1737 721 1789 Staclrel-

181 1806 269 1870 berg,
285 1808 332 1870 qui
345 1805 552 1869 diligentissime
568 1808 617 1858 hus
633 1808 720 1873 regio·

181 1890 228 1924 nes
244 1875 429 1940 perlustravit.
466 1879 505 1927 Ac
525 1884 623 1942 postea
638 1892 720 1927 sccu-

181 1950 240 1993 rate
266 1943 361 1993 retulit
381 1945 414 1993 de
440 1945 491 1995 hac
516 1947 582 1996 urbe
607 1947 720 2011 eiusque

181 2014 235 2062 situ
255 2028 287 2064 ac
305 2013 428 2078 reliquiis
440 2016 567 2065 Curtius:
588 2017 721 2079 Pelopon-

182 2096 237 2131 nes.
253 2082 275 2132 1.
294 2097 356 2145 png.
373 2082 424 2131 318
436 2100 526 2148 seqq,
545 2087 590 2149 qui
608 2086 679 2134 idem
692 2100 718 2149 p.

182 2150 232 2201 343
248 2150 281 2200 de
299 2154 358 2214 ipso
382 2153 456 2201 urbis
474 2154 582 2203 nomine
599 2159 721 2205 veterum

181 2219 257 2270 locos
269 2218 372 2269 attulit.

217 2284 369 2354 ἀνέγνωσε]
387 2292 405 2339 i.
417 2306 438 2340 e.
447 2293 585 2351 persuasit.
606 2292 667 2343 Vid.
678 2306 723 2341 su-

183 2375 231 2423 pra
244 2358 348 2423 v1,75.

339 2530 404 2580 Car.
421 2531 568 2579 Lxxxlv.

219 2626 249 2684 iu
268 2631 420 2697 δαιμονίου
436 2627 487 2696 μὲν
507 2626 636 2698 οὐδενὸς]
664 2634 725 2694 Quo

184 2705 317 2755 declarari
331 2703 490 2765 voluerunt,
510 2702 632 2752 morbum
649 2718 671 2753 s.
686 2704 725 2752 fu-

184 2790 270 2824 rorem
290 2774 423 2824 divinitus
441 2788 494 2821 non
512 2773 660 2822 immissum
680 2789 725 2821 ne·

185 2854 266 2908 quea
283 2844 335 2893 diis
350 2843 384 2892 ob
400 2841 505 2892 scelera
519 2842 670 2892 Cleomenis
684 2845 725 2890 at-

185 2928 237 2977 que
256 2914 426 2976 impietatem
443 2913 521 2961 iratis
538 2913 670 2961 inflictum
685 2911 726 2960 vi-

185 2983 259 3044 deri,
282 2983 330 3032 sed
348 2998 365 3030 a
379 2981 509 3037 naturali,
529 2987 559 3030 ut
572 2981 612 3031 ita
626 2981 726 3041 dicam,

186 3066 285 3111 causa,
309 3067 396 3115 esque
422 3057 521 3114 aperta
546 3067 595 3101 nec
618 3055 725 3100 secreta

185 3136 235 3169 nec
261 3119 423 3170 abscondita
453 3134 513 3169 esse
541 3119 725 3184 repetendum.

185 3191 254 3239 Nam
270 3203 444 3254 quaeeunque
458 3189 610 3253 insigniora
627 3194 727 3238 morta·

185 3259 225 3308 les
241 3258 370 3322 affligant
387 3258 473 3319 mala,
495 3273 609 3321 quorum
628 3274 726 3308 causas

186 3329 339 3393 perspicere
357 3326 429 3376 haud
449 3326 573 3389 valeant,
596 3343 629 3376 ea
642 3342 659 3376 a
674 3328 727 3377 diis

187 3398 311 3457 immitti,
345 3397 519 3460 antiquitatis
547 3396 599 3446 init
624 3397 726 3461 opinio.

186 3466 265 3528 Quod
282 3467 316 3516 ad
329 3465 494 3516 Herodotum
508 3467 622 3528 attinet,
639 3467 727 3516 noluit

186 3544 260 3585 certe
284 3537 480 3600 Spartanorum
504 3536 619 3598 famam,
644 3552 725 3601 quam

186 3605 279 3668 procul
294 3606 377 3655 dubio
394 3606 429 3654 ab
444 3605 484 3653 his
503 3605 569 3669 ipsis
585 3612 725 3670 acceptam

187 3675 308 3735 tenebat,
316 3675 425 3725 silentio
436 3676 594 3738 praeterire,
604 3692 659 3741 qua
669 3678 727 3741 qui-

187 3744 247 3794 dem
273 3745 312 3794 illi
334 3743 486 3794 Cleomenis
508 3746 654 3794 amentium
677 3747 726 3795 tri-

769 1528 814 1577 40.
826 1526 908 1587 tou),
921 1518 1034 1585 reierre,
1046 1528 1073 1573 in
1084 1524 1136 1574 fine
1145 1523 1315 1574 narrationis

770 1596 837 1647 baec
850 1596 1029 1659 subiungens:
1045 1587 1107 1656 ἐμοὶ
1117 1589 1148 1641 oi
1159 1591 1253 1641 δοκέει
1269 1591 1316 1639 τί-

771 1677 827 1713 σιν
849 1656 984 1727 ταύτην
1005 1656 1020 1712 ὁ
1043 1656 1201 1726 Κλεομένης
1217 1665 1324 1729 Δημα-Ι

770 1728 845 1801 ρήτῳ
857 1724 972 1782 ἐκτῖσαι.
996 1733 1076 1785 Coni.
1091 1735 1173 1781 etiam
1184 1728 1316 1780 Hoffmei·

770 1812 834 1853 ster.
850 1804 867 1852 l.
878 1803 894 1852 l.
906 1819 968 1867 pag.
986 1803 1014 1853 17
1027 1818 1083 1867 seq.
1110 1802 1227 1852 Videtur
1242 1800 1314 1849 enim

770 1872 924 1923 Herodotus
950 1887 998 1933 ea,
1027 1887 1096 1936 quoe
1119 1870 1153 1920 de
1171 1870 1315 1920 Cleomene

771 1949 855 2006 atque
869 1942 977 2005 Argivis
990 1948 1114 2003 enarrat,
1128 1956 1187 1990 eam
1201 1940 1236 1990 ob
1250 1954 1314 1989 can-

770 2028 828 2061 sam
842 2016 897 2060 tarn
914 2011 1057 2075 diligenter
1073 2015 1101 2060 et
1116 2012 1228 2073 copiose
1241 2014 1314 2058 retu-

771 2082 851 2143 lisse,
874 2087 905 2129 ut
923 2081 951 2129 in
966 2079 1109 2129 Cleomene
1127 2082 1183 2128 vim
1203 2079 1315 2128 divinae

771 2150 846 2200 illius
870 2150 1008 2199 vindictae
1031 2150 1202 2213 omniumque
1226 2162 1316 2197 rerum

773 2220 962 2269 moderatricis
986 2224 1211 2268 commonstraret
1232 2223 1318 2282 atque

773 2291 880 2352 insigne
895 2294 1057 2353 proponeret
1070 2288 1241 2357 exemplum,
1260 2302 1317 2351 quo

774 2359 853 2408 modo
868 2374 913 2407 eos
928 2357 1064 2421 mortales,
1077 2360 1125 2423 qui
1137 2373 1221 2422 prave
1231 2364 1318 2421 agant

773 2428 908 2492 nimisque
936 2427 1095 2492 superbiant
1125 2442 1213 2492 usquc
1240 2426 1318 2491 quid·

772 2512 853 2562 quam
877 2498 954 2560 pensi
973 2497 1094 2547 habeant
1111 2496 1205 2545 divina
1233 2504 1317 2559 atquc

774 2567 892 2616 humana
909 2567 1118 2629 permiscentes,
1136 2581 1235 2616 numen
1248 2566 1317 2614 divi·

775 2651 837 2684 num
851 2641 1014 2699 assequatur
1024 2642 1107 2701 atque
1115 2641 1236 2700 proruet
1259 2636 1318 2683 lta-

775 2720 827 2770 que
838 2706 866 2754 in
876 2703 1027 2768 Cleomene,
1039 2707 1086 2771 qui
1094 2720 1179 2769 prave
1190 2706 1266 2754 faeta
1277 2704 1318 2751 in-

776 2775 853 2826 sania
867 2774 917 2823 luit
934 2789 1120 2840 summamque
1134 2775 1163 2824 in
1174 2773 1318 2824 calamitu-

776 2849 830 2893 tem
841 2843 947 2904 incidit,
960 2844 1032 2894 idem
1043 2843 1173 2903 ostendit,
1186 2842 1259 2909 quod
1268 2859 1318 2907 pro

776 2915 866 2978 operis
890 2916 1012 2977 suseepti
1037 2912 1151 2963 consilio
1172 2916 1200 2963 in
1223 2911 1319 2962 Croesi

776 2981 878 3046 (1,3·2),
893 2983 956 3045 Cyri
968 2982 1002 3046 (1,
1011 2982 1084 3046 204),
1096 2982 1240 3045 Cambysis
1252 2982 1319 3045 (ΙΙΙ,

777 3051 838 3116 oi).
853 3052 1007 3116 Polycratis
1020 3051 1090 3115 (ΙΙΙ,
1104 3052 1147 3101 40.
1166 3051 1239 3115 108),
1251 3051 1320 3100 alio-

777 3137 836 3170 rum
854 3122 909 3186 (Il,
926 3121 984 3173 115.
1002 3120 1058 3171 120.
1080 3122 1134 3182 IV,
1153 3122 1205 3170 205
1226 3121 1320 3185 ibique

777 3188 861 3254 nott.)
880 3190 960 3239 rebus
979 3195 1130 3239 monstrare
1144 3189 1320 3239 mortalibus-

777 3276 830 3325 que
846 3274 998 3323 proponere
1019 3260 1133 3312 studuit.
1171 3259 1212 3309 nd
1230 3260 1319 3323 ipsam

777 3319 1321 3392 locutionemiudurpovr'oosimiliscou·

778 3398 912 3461 ier-antur,
926 3414 996 3462 quse
1008 3398 1163 3449 notavimus
1176 3399 1212 3448 sd
1223 3399 1246 3459 I,
1259 3399 1319 3447 ltu.

779 3467 832 3525 ΙΙΙ,
844 3468 901 3518 155.
930 3470 975 3518 Sic
988 3458 1017 3516 ia
1030 3465 1101 3516 θεοῦ
1112 3467 1321 3532 apudAeschyl.

777 3539 969 3601 inAgememn.
981 3539 1030 3588 714
1045 3538 1086 3587 ed.
1098 3536 1245 3589 lllomlield.
1266 3538 1321 3587 vo-

777 3623 835 3657 eern
851 3600 1052 3671 ἀκρητοπότην
1064 3607 1206 3671 (ebriosum,
1219 3609 1321 3671 quinae-

777 3692 829 3725 rrcn
845 3685 917 3739 potat
936 3676 1025 3741 uinum)
1044 3692 1076 3727 er
1095 3677 1235 3727 Herodoto
1251 3677 1322 3726 citat

777 3745 874 3797 Pollux
890 3746 991 3806 v1,‘25
1012 3745 1073 3796 coll.
1090 3746 1188 3796 Athen.
1204 3748 1239 3796 X.
1257 3762 1321 3811 pag.

187 3819 309 3878 stentque
328 3815 430 3863 exitum
446 3830 460 3862 e
477 3814 726 3880 naturaliquudsm
776 3814 1048 3867 murmurium.
1075 3815 1263 3867 lndeductum
1273 3831 1322 3866 uo·

186 3898 271 3933 causa
280 3884 417 3948 explicare
430 3883 606 3946 studuerunt,
619 3885 687 3935 adeo
696 3889 729 3935 ut
778 3902 839 3935 men
851 3877 1065 3949 ἀκρητοποσίην
1077 3901 1138 3936 curn
1150 3887 1213 3937 aliis
1224 3885 1321 3935 simili-

186 3952 262 4001 hicce
281 3953 356 4003 locus
369 3954 403 4002 ad
421 3970 467 4004 eos
484 3954 575 4003 referri
591 3956 691 4019 possit,
713 3970 726 4005 e
776 3955 826 4004 bus
849 3956 969 4004 eiusdem
992 3954 1165 4005 formationis
1186 3957 1322 4005 tractarit

187 4022 287 4085 quibus
301 4022 380 4087 quale
395 4023 477 4073 fuerit
489 4024 623 4085 studium,
637 4026 727 4075 omnia
777 4023 1090 4088 Lobeck.adPhrynicb.
1099 4040 1160 4090 pag.
1168 4024 1231 4076 522.
1242 4025 1321 4087 Quod

187 4091 307 4141 humana
327 4107 359 4142 ac
378 4093 519 4142 terrestria
536 4107 550 4142 e
569 4096 660 4144 causis
681 4094 726 4143 bu·
777 4093 812 4143 sd
830 4101 1019 4158 argumentum
1038 4095 1153 4155 attinet,
1172 4094 1322 4145 tenendum

187 4162 275 4211 manis
290 4165 316 4211 in
331 4163 394 4227 ipsa
409 4180 497 4212 rerum
514 4169 612 4212 natura
628 4165 726 4227 positis
777 4168 835 4223 est,
861 4164 981 4214 Graecos
997 4165 1088 4214 vinum
1108 4165 1180 4229 aqut
1203 4166 1320 4213 mixtum

187 4231 342 4293 derivandi,
361 4232 539 4297 perspicitur,
562 4248 724 4298 quamquam
777 4248 837 4283 cum
856 4231 1013 4297 plerumque
1036 4239 1188 4295 sumerent,
1208 4250 1225 4282 a
1245 4249 1319 4284 mero

186 4301 300 4363 Noster,
322 4315 394 4367 quae·
405 4303 463 4352 eius
477 4306 536 4351 erat
549 4302 639 4365 pietas
653 4317 726 4351 sum·
776 4302 840 4352 vino
853 4303 893 4352 sic
904 4302 1075 4365 abhoruisse,
1088 4308 1118 4353 ut
1131 4302 1256 4353 barbaris
1271 4318 1320 4367 po·

187 4385 284 4435 meque
308 4373 425 4420 numinis
451 4370 539 4420 divini
561 4374 725 4433 reverentia,
776 4372 831 4421 tius
849 4371 900 4421 hoc
916 4372 1067 4422 tribuerent
1085 4378 1169 4437 atque
1182 4372 1320 4423 Zaleucus

187 4440 293 4504 maluit,
315 4440 357 4491 vel
370 4456 417 4500 ea,
439 4454 552 4505 quorum
565 4454 665 4491 causae
678 4458 725 4491 nu·
775 4442 844 4492 adeo
863 4446 948 4492 morte
971 4442 1063 4507 puniri
1082 4440 1165 4494 vellet
1183 4457 1245 4504 eos,
1269 4443 1320 4509 qui
