3046 5134
1251 408 1313 470 450

496 413 929 477 POLYMNIA.VII.10.
952 428 1004 472 κε.
1033 401 1042 416 ’

181 584 227 669 ὥς
239 603 401 678 κεραυνοί
413 583 431 656 ὅ
444 586 539 672 θεὸς,
563 585 643 657 οὐδὲ
658 591 696 680 io}
710 587 953 676 φαντάζεσθαι,
968 584 1009 655 τὰ
1024 586 1061 656 oi
1076 583 1198 675 σμικρὰ
1212 582 1314 655 οὐδέν

181 722 240 781 μιν
260 700 379 775 κνίζεις
408 687 489 783 ὁρᾷς
509 692 547 762 δὲ
569 687 614 772 ὥς
627 695 660 771 ἐς
680 692 841 780 οἰκήματα
861 688 901 760 τὰ
915 694 1053 780 μέγιστα
1073 694 1138 760 niel
1158 691 1213 758 καὶ
1235 693 1312 760 θίν-

182 803 263 887 ορεα
283 794 474 865 τὰτοιαῦτα
493 792 698 884 ἀποσκήπτει
717 795 758 865 τὰ
778 796 894 883 βέλεα;
924 797 1033 883 φιλέει
1054 792 1117 883 γὰρ
1135 790 1153 863 ὁ
1174 792 1255 874 θεὸς
1273 790 1314 862 τὰ

181 897 385 989 ὑπερέχοντα
405 899 512 969 πάντα
533 898 698 971 κολούειν.
727 895 815 969 οὕτω
829 896 871 989 δὴ
891 900 945 969 καὶ
960 895 1098 989 στρατὸς
1112 895 1232 979 πολλὸς
1248 893 1314 967 ὑπὸ

219 1127 287 1185 otei
303 1126 335 1204 ίᾷ
350 1126 558 1201 φαντάζεσθαι]
579 1135 724 1187 Reinesins
773 1136 834 1187 πιίιίί
847 1144 947 1199 nument.
976 1136 1045 1197 ¹Quo
1064 1137 1166 1188 rectius
1179 1134 1315 1201 Schweig-

182 1209 247 1258 Vsr.
257 1207 346 1256 Leott.
355 1206 393 1269 ΙΙ,
406 1204 421 1254 3
434 1206 503 1256 boue
515 1205 659 1270 explicuit:
675 1221 724 1257 non
774 1206 923 1257 hseuserus
941 1206 1051 1255 verbum
1071 1202 1175 1265 κνίζειν
1189 1211 1314 1256 nontam

182 1280 266 1328 sinunt
281 1277 348 1327 νίίνα
361 1277 504 1338 adparere,
521 1276 624 1340 effctui,
643 1283 724 1327 osten·
775 1291 869 1340 sunere
882 1277 1009 1339 exponit,
1023 1291 1103 1340 quum
1113 1291 1235 1339 piinqere,
1249 1292 1315 1325 mor·

183 1347 235 1398 iuri
248 1362 289 1410 se,
314 1346 414 1411 quippe
434 1335 633 1407 ἅφανιοθίντα
652 1351 679 1396 et
695 1347 723 1395 in
775 1348 850 1407 dere,
864 1347 984 1409 irritare,
996 1346 1138 1396 conferens
1148 1346 1195 1408 VI,
1207 1348 1240 1399 6.)
1254 1344 1315 1410 (ubi

182 1415 295 1466 nihilum
306 1415 429 1465 reductu.
455 1416 595 1481 Namque,
609 1420 724 1466 notente
774 1413 830 1465 vi'd.
845 1415 928 1480 nott.)
950 1420 977 1465 et
993 1415 1061 1475 VII,
1080 1417 1127 1477 12,
1147 1416 1195 1465 ubi
1210 1417 1313 1479 eadem,

182 1484 454 1550 Schweighaeusero‚
481 1486 565 1536 verbo
591 1479 725 1549 φαντάζε-
775 1485 1135 1551 quseh.l.‚obtinetnotio.
1163 1486 1229 1535 Cum
1243 1488 1315 1536 euim

183 1554 268 1618 σθαι,
289 1555 361 1619 quod
378 1570 581 1620 nonnumquam
593 1556 724 1621 simplioi-
774 1572 837 1605 mox
855 1555 921 1606 deus
939 1556 1052 1605 innidere
1065 1556 1172 1605 dicatur
1186 1570 1316 1621 srrogsn·

183 1624 723 1690 tervuletconspici,adparere(utspnd
775 1627 861 1687 tibus,
888 1616 1073 1676 serbonitis
1093 1622 1257 1688 μινκνιῒει,
1284 1629 1316 1675 ut

183 1693 306 1760 Euripid.
324 1694 466 1746 Phoeniss.
487 1694 530 1746 93.
553 1695 655 1746 Herod.
675 1696 724 1756 IV,
774 1696 844 1746 idem
863 1694 931 1745 bene
949 1699 1064 1745 annotet
1076 1693 1316 1759 Schweighaeuse-

185 1767 250 1826 124,
262 1764 310 1814 ubi
322 1780 472 1829 synonyma
486 1769 551 1815 sunt
561 1758 725 1829 ἀφανισθῇ·
774 1781 837 1827 rus,
856 1764 1027 1830 significent:
1051 1766 1168 1816 insidiam
1182 1767 1249 1816 iilius
1266 1780 1316 1816 non

186 1849 232 1882 ναι
242 1839 269 1883 et
280 1824 314 1881 ου’
324 1832 515 1897 φαντάζεσθαι
525 1834 585 1886 coll.
595 1835 657 1895 VII,
670 1835 724 1897 15),
774 1843 881 1897 movent,
903 1837 1034 1887 vindicium
1053 1835 1162 1886 eiusdem
1179 1839 1205 1886 in
1222 1850 1251 1885 oe
1267 1850 1317 1886 παπ

184 1904 236 1954 hoe
247 1904 307 1954 loeo
318 1902 434 1969 emplius
445 1904 510 1970 quid
523 1905 578 1955 dici
590 1904 671 1956 isoile
685 1905 725 1953 iu-

185 1972 332 2038 telligitnr‚
350 1972 423 2023 hsud
435 1974 603 2025 incommode
616 1990 634 2025 s
645 1974 725 2025 anln

158 2044 165 2055 '
185 2045 225 2095 itu
241 2058 409 2108 expressum:
432 2060 479 2094 nee
490 2046 551 2095 sinit
564 2046 723 2096 insolescere.

185 2112 296 2164 Seiliost
307 2114 382 2178 (sunt
391 2113 451 2178 ipss
459 2113 609 2180 Schweigh.
621 2114 726 2179 verbs),

184 2183 407 2249 quemadmodum
421 2182 565 2245 φαντασία
578 2199 632 2234 non
646 2185 725 2234 modo

183 2254 304 2316 speeiem,
319 2254 409 2315 nissum,
424 2253 568 2317 adspectum
583 2253 666 2319 [cont.
677 2255 727 2304 Er-

186 2327 255 2373 nest.
270 2322 346 2372 Clsv.
365 2322 451 2375 Cicer.
470 2338 491 2373 s.
504 2341 531 2375 v.
545 2326 620 2374 nisum
633 2324 725 2389 ibique

185 2392 272 2442 Cicer.
288 2393 329 2442 De
344 2398 401 2443 nst.
415 2392 488 2443 deor.
502 2393 531 2455 1,
541 2390 587 2457 5],
605 2395 651 2443 sed
665 2394 727 2444 sub-

185 2461 248 2512 inde
262 2468 290 2512 et
301 2462 462 2528 singillatim
474 2466 590 2514 maiorem
602 2465 726 2528 qnondam

186 2539 211 2582 et
221 2534 380 2595 insinniorem
390 2534 497 2596 speciem
510 2532 645 2598 significat
657 2531 725 2597 (vid.

185 2600 352 2665 Lex-Polyb.
362 2617 388 2666 p.
396 2602 470 2665 645),
484 2602 524 2653 sio
534 2602 643 2654 verbum
655 2618 726 2666 φαν-

184 2664 318 2730 τάζεσθαι
336 2670 362 2721 h.
377 2671 396 2725 l.
415 2671 529 2722 denotat
545 2674 663 2737 iunonem
681 2674 727 2722 ali-

186 2756 258 2806 quam
281 2755 349 2803 prae
370 2757 398 2792 se
420 2746 528 2806 speeiem
550 2743 623 2806 ferne
651 2750 726 2808 nique

774 1913 883 1966 uertunt,
897 1905 1113 1971 quondoquidem
1124 1907 1229 1955 minora
1241 1911 1315 1967 sunt,

775 1990 863 2040 neque
878 1991 960 2040 supra
977 1976 1097 2040 ipsorum
1112 1979 1238 2026 usturam
1256 1990 1316 2026 sese

776 2044 902 2096 attollere
913 2045 1024 2098 nudent.
1054 2047 1100 2095 Cr.
1116 2046 1148 2096 de
1159 2045 1242 2096 serbo
1256 2043 1317 2094 κνί-

775 2113 832 2176 ζειν
846 2115 890 2166 hio
909 2120 1051 2179 praetores
1070 2115 1188 2167 eonlsrri
1208 2114 1267 2165 vult
1280 2115 1316 2165 Il·

777 2201 839 2252 gen.
862 2184 896 2234 sd
913 2186 1130 2239 Hermesisnuot.
1151 2186 1179 2235 in
1198 2185 1315 2250 Opuseo.

776 2254 879 2321 philoll.
894 2255 917 2305 I.
930 2270 993 2334 pag.
1008 2256 1066 2306 295.

810 2319 846 2373 τὰ
858 2338 976 2374 τοιαντα
988 2318 1165 2388 ἀποσκήπτει
1176 2314 1210 2372 sil
1224 2319 1316 2389 βέλεα]

776 2395 832 2445 Alii
847 2387 972 2457 τοιαῦτ’,
988 2395 1035 2445 ubi
1046 2394 1141 2445 ultima
1153 2393 1257 2445 vocalis
1268 2395 1318 2444 eli-

777 2465 851 2515 ditur
879 2464 913 2514 ob
947 2465 1093 2529 insequens
1124 2454 1317 2528 oinoonq'mes3

777 2533 900 2599 equidem
918 2533 1011 2584 malui·
1019 2534 1135 2585 retinere
1154 2533 1225 2583 huno
1237 2546 1318 2584 νοσε-

776 2605 843 2666 lem,
861 2603 926 2654 lieet
943 2603 1077 2654 Brsdovio
1096 2619 1122 2668 p.
1137 2604 1187 2653 214
1204 2602 1317 2653 difficile

777 2689 837 2726 esse
848 2672 976 2725 sidentur
989 2673 1154 2735 diluuium,
1174 2678 1264 2723 utrum
1282 2673 1318 2722 sit

776 2746 877 2794 verius.
911 2743 1062 2794 Articulum
1079 2737 1127 2803 sol,
1153 2758 1231 2809 quem
1252 2748 1317 2793 unte

185 2818 328 2872 ostentare,
356 2826 384 2861 se
409 2819 536 2862 veteratore
561 2820 586 2861 et
609 2819 726 2877 tunquam

184 2882 326 2944 spectaculo
339 2896 395 2930 eme
412 2882 521 2932 omnibns
538 2884 615 2945 veile,
638 2886 669 2932 ut
682 2899 727 2933 ex·

185 2951 305 3014 plicetur
326 2951 353 2999 in
375 2950 457 3001 Thes.
475 2952 555 3016 Ling.
574 2952 670 3002 Grsee.
691 2953 723 3001 T.

776 2808 856 2880 βέλεα
869 2812 915 2877 (de
924 2828 1052 2878 quevooe
1062 2813 1133 2864 conl.
1145 2818 1214 2863 nott.
1223 2813 1258 2863 sd
1269 2814 1317 2875 IV,

777 2881 822 2948 70)
845 2884 994 2933 omiserant
1009 2883 1141 2935 Sohaeles
1163 2888 1191 2933 et
1206 2882 1318 2945 Meton,

778 2952 1319 3019 equidemoumSehweigh.‚Guisl.,Bek·

185 3020 263 3073 VllI.
277 3036 303 3085 p,
317 3018 368 3070 634
382 3021 424 3072 ed.
440 3021 565 3074 Dindorf.
598 3020 641 3071 Ao
655 3021 725 3072 hono
777 3024 843 3074 kero
853 3029 881 3074 et
890 3039 960 3074 seeo.
969 3023 1030 3076 edd.
1043 3024 1077 3073 ob
1088 3024 1227 3074 meliorum
1236 3022 1319 3073 libro-

185 3092 356 3142 ostentationis
375 3089 599 3156 signifiontionem
615 3092 726 3141 verbum
778 3109 836 3144 rum
846 3094 1039 3144 auctoritatem
1052 3094 1161 3144 retinui.
1178 3084 1211 3142 τοὶ
1223 3091 1319 3142 τοιαῦ-

186 3153 379 3224 φαντιίζεσθαι
398 3159 424 3211 h.
440 3159 459 3210 l.
476 3165 550 3211 reete
564 3159 660 3211 retulit
675 3160 727 3212 Oo—
776 3179 811 3212 τα
825 3162 957 3229 (eiusnodi
965 3163 1084 3229 arbores)
1094 3179 1155 3214 eum
1164 3163 1193 3212 vi
1203 3163 1319 3228 quadum

186 3232 249 3280 ruis
258 3230 294 3280 sd
304 3228 443 3281 Heliodor.
452 3230 597 3295 nuthlopp·
610 3232 672 3294 VII,
685 3231 725 3283 10.
778 3234 846 3295 diei,
870 3241 902 3283 ut
928 3233 1117 3299 intelliguntur
1139 3226 1174 3283 sol
1196 3229 1319 3298 μέγιστα,

186 3315 248 3365 φας.
263 3299 330 3360 233,
346 3298 488 3350 oblocutus
503 3300 657 3362 Lnrehero,
680 3302 727 3366 qni
777 3319 925 3354 nsmouon
943 3305 1036 3354 sentit.
1066 3305 1107 3354 nd
1124 3302 1235 3354 verbum
1247 3298 1319 3352 α’πο·

185 3369 252 3419 illud
264 3369 299 3419 sel
310 3370 426 3434 priorem
440 3368 670 3433 significationem
680 3370 728 3421 de·
779 3365 915 3436 σκήπτειν
938 3373 970 3424 de
994 3373 1166 3436 fulminibus,
1188 3388 1258 3438 quse
1279 3374 1320 3424 fe-

186 3440 315 3500 flexerst‚
331 3454 391 3488 eum
405 3444 497 3490 tsmsu
510 3438 660 3505 significet:
679 3456 726 3490 non
776 3445 868 3505 siunt,
888 3443 989 3493 dictum
1010 3443 1149 3494 commode
1166 3444 1254 3494 citent
1271 3443 1320 3493 So-

185 3511 245 3559 si'nit
259 3516 395 3561 ostentare.
409 3522 412 3527 '
429 3510 535 3560 Monuit
554 3508 673 3560 Creoner
691 3508 726 3559 sd
777 3512 865 3578 phoel.
880 3513 980 3564 Trueh.
997 3514 1077 3574 1103,
1092 3513 1139 3562 ubi
1153 3503 1322 3578 ἐγκατασκή-

185 3578 286 3629 Plotin.
303 3578 336 3628 de
353 3578 499 3643 puleritnd.
517 3594 579 3645 psg.
594 3578 658 3639 136,
679 3579 727 3629 nbi
777 3595 858 3632 πτειν
875 3579 963 3646 βέλος.
1003 3585 1045 3633 Τιι
1064 3582 1119 3634 vid.
1142 3584 1169 3647 I,
1189 3583 1236 3634 105
1255 3582 1319 3647 ibiq.

187 3649 221 3699 de
242 3647 293 3698 hoc
317 3648 378 3699 looo
401 3649 559 3700 Herodoteo
583 3654 726 3714 praeterea
776 3657 846 3702 nott.
861 3653 914 3711 IV,
929 3654 963 3702 70
981 3658 1008 3702 et
1024 3652 1095 3703 conl.
1110 3648 1319 3716 κατασκήπτειν

186 3718 292 3770 oonsuli
305 3718 363 3768 vult
374 3719 522 3770 Gstsokor.
533 3718 568 3768 nd
579 3722 663 3771 Mare.
674 3720 727 3769 An·
776 3722 846 3781 VII,
865 3720 1020 3773 Ins-137.
1035 3724 1119 3784 VIII,
1133 3723 1177 3776 65.
1198 3724 1319 3775 Psusun.

186 3789 271 3839 toniu.
282 3789 304 3849 1,
320 3789 357 3839 10.
373 3805 399 3854 p.
409 3789 426 3839 8
438 3789 500 3840 coll.
512 3787 610 3839 Athon.
621 3790 671 3851 XI,
682 3788 726 3839 39.
778 3792 831 3855 III,
850 3792 889 3841 12.
904 3796 928 3856 ξ.
941 3792 966 3842 6.
993 3791 1116 3857 Euripid.
1131 3794 1202 3847 Med.
1215 3793 1248 3844 03
1262 3790 1319 3857 (06)

185 3875 211 3924 p.
225 3858 277 3909 240
292 3858 442 3921 Schweigh.
462 3876 484 3911 s.
506 3876 532 3924 p.
549 3858 658 3920 UOR,
680 3858 728 3908 ubi
778 3862 872 3925 ibique
891 3862 1044 3926 iuterprett.
1076 3864 1199 3928 Namque
1217 3863 1251 3912 od
1265 3861 1321 3912 slis

186 3926 316 3991 κυμαίνει
342 3923 373 3977 τό
394 3923 482 3985 δέπας
503 3925 727 3993 φανταζόμε-
780 3946 888 3997 quoque
916 3932 979 3982 ‹lsin
1004 3933 1169 3984 transfertui·
1192 3932 1320 3985 vocabuli

187 4012 226 4045 νο
236 4013 257 4052 ς.
285 3996 352 4047 And.
367 3999 518 4064 Boettigeri
531 3998 648 4065 Opuseo.
664 4015 725 4064 pag.
779 4001 859 4051 huius
870 4001 913 4052 vis
928 4018 960 4051 ue
972 4008 1104 4067 potestas.

186 4066 251 4117 200.
273 4067 320 4130 qui
336 4065 399 4117 huic
419 4068 503 4119 verbo
523 4069 682 4120 isotntionis
700 4074 728 4120 et
814 4062 903 4129 φιλέει
916 4064 969 4136 γὰρ
986 4062 1084 4130 ὃθεός
1098 4063 1133 4121 τὰ
1146 4064 1321 4133 ὑπερέχοντα

187 4136 348 4186 ambitiosae
372 4139 567 4189 ostentationis
589 4140 728 4191 notionem
778 4135 872 4189 πάντα
890 4134 1030 4207 κολούειν]
1052 4145 1126 4207 „Qui
1138 4141 1262 4206 superios
1279 4156 1321 4189 se-

187 4206 345 4256 udiuuotnm
360 4222 420 4258 esse
432 4207 556 4257 ssfirmst.
778 4210 1044 4276 nonnullorum,
1065 4213 1135 4263 solet
1152 4203 1219 4268 τούς
1239 4224 1321 4273 μεγα-

220 4267 255 4323 τόι
272 4269 303 4325 θλ
324 4270 427 4339 σμικρὰ
450 4268 536 4327 οὐδέν
557 4292 607 4340 μιν
627 4275 724 4343 κνίζει]
778 4272 997 4347 ληγορήσαντας.
1015 4273 1053 4339 ὦς
1066 4282 1164 4331 πλεῖον
1176 4276 1322 4341 φρονοῦν-

186 4345 383 4411 wesselingius
408 4363 469 4398 oum
493 4348 620 4399 Reinesio
646 4349 725 4399 Vsrr.
777 4366 842 4411 τας,
864 4347 1050 4403 ταπεινῶσαι.
1077 4356 1108 4401 ut
1124 4350 1246 4415 loquitur
1265 4350 1320 4398 Xe·

184 4415 610 4479 Leott.lll‚5horumverborum
621 4418 676 4467 vim
686 4414 740 4467 iun·
778 4421 858 4484 noph.
873 4421 959 4471 Auub.
978 4421 1028 4479 vl,
1048 4420 1070 4471 1.
1082 4420 1107 4483 §-
1128 4422 1173 4479 183
1195 4418 1251 4468 vid.
1269 4420 1320 4469 Ae·

184 4484 284 4535 Latine
298 4487 413 4551 exprimi
432 4486 504 4538 vult:
534 4490 632 4539 πίπονα
648 4491 726 4552 ipsum
778 4489 866 4555 sehyli
874 4492 948 4542 Pers.
957 4490 1038 4543 iiii).u
1051 4493 1079 4541 V
1081 4489 1204 4541 alelen.
1219 4489 1260 4539 Ad
1270 4488 1321 4543 ne-
