2970 5128
508 429 689 491 ERATO.
713 432 768 492 Vl.
790 440 834 493 ⁴⁸2.
857 442 901 495 43.
1211 429 1273 495 277

145 602 265 688 σιλέος,
282 601 476 690 Μαρδόνιος
489 598 507 672 δ
521 603 690 693 Γοβρύεω
703 607 878 693 κατέβαινε
894 607 948 674 ἐπὶ
962 604 1155 692 θάλασσαν,
1173 627 1272 695 στρα-

144 704 200 774 τδν
218 705 343 775 πολλὸν
356 706 417 795 μὲν
439 706 544 795 κάρτα
557 706 656 791 πεζὸν
675 704 742 796 ἀμα
757 706 936 797 ἀγόμενος,
957 707 1083 780 πολλὸν
1104 710 1140 780 δὲ
1154 737 1270 780 ναυτι-

143 807 217 894 κδν,
236 806 370 899 ἡλικίην
390 836 425 878 τε
440 814 514 891 νέος
537 809 604 881 dciv
616 814 671 880 καὶ
688 815 808 882 νεωστὶ
823 812 1018 902 γεγαμηκώς
1030 816 1183 902 βασιλέος
1197 827 1269 883 Δα-

141 918 230 999 ρείου
249 917 423 1001 θυγατέρα
442 910 697 1003 Ἀρταζοέστρην
733 913 827 1003 ἀγωυ
841 918 879 987 δὲ
892 916 951 987 τὸν
963 917 1106 1005 στρατὸν
1118 913 1270 987 τοῦτονδ

141 1015 349 1104 Μαρδόνιος,
371 1021 495 1087 ἐπείτε
513 1021 645 1106 ἐγένετο
668 1022 705 1088 ἐν
726 1025 768 1109 τῇ
780 1028 934 1110 Κιλικίῃ,
957 1019 1057 1102 αὐτὸς
1076 1021 1139 1108 μὲν
1153 1019 1270 1108 ἐπιβὰς

139 1120 190 1187 έπλ
216 1117 292 1199 νεὸς
315 1123 480 1209 ἐκομίζετο
505 1117 573 1210 ἀμα
591 1128 666 1213 τῇσι
684 1120 803 1212 ἀλλησι
822 1126 940 1213 νηυσὶ,
969 1123 1127 1215 στρατιὴν
1147 1123 1185 1195 δὲ
1207 1123 1270 1212 την

139 1220 235 1311 πεζὴν
255 1220 350 1293 ἀλλοι
371 1220 532 1313 ἡγεμόνες
550 1217 636 1313 ἦγον
650 1227 704 1294 ἐπὶ
719 1225 778 1295 τὸν
795 1222 1048 1316 Ἑλλήσποντον.
1080 1224 1136 1308 Ὡς
1151 1227 1188 1297 δὲ
1203 1253 1267 1295 πα-

140 1328 292 1413 ραπλέων
305 1326 368 1415 την
387 1324 498 1415 Ἀσίην
511 1324 649 1398 ἀπίκετο
669 1324 897 1420 δΜαρδόνιος
918 1334 950 1411 ἐς
963 1329 1025 1419 την
1045 1328 1192 1419 Ἰωνίην,
1211 1334 1266 1399 έν-

95 1434 251 1499 temnere
271 1431 431 1518 μέγιστον
445 1436 570 1518 δῶυμα
592 1434 673 1518 ἐρέω
693 1449 779 1502 τοῖσι
799 1432 844 1523 μὴ
863 1431 1138 1523 ἀποδεκομένοισι
1154 1430 1266 1520 Ἑλλή-

138 1560 220 1620 νων,
240 1535 406 1621 Περσέων
428 1548 514 1603 τοῖσι
535 1534 617 1604 ἑπτά
639 1533 775 1606 Ὀτάνεα
795 1536 933 1625 γνοέμηυ
951 1534 1196 1624 ἀποδέξασθαι,
1223 1533 1268 1616 ὣς

135 1633 237 1724 γρειδν
252 1647 307 1725 είη
331 1639 619 1726 δημοκρατέεσθαι
632 1641 780 1725 Πέρσας·
809 1639 886 1720 τοὺς
906 1637 970 1728 γάρ
990 1639 1177 1728 τυράννους
1199 1645 1266 1710 τῶν

130 1736 246 1808 Ἰἀνων
259 1737 477 1821 καταπαύσας
496 1740 623 1823 πάντας
646 1738 664 1811 δ
682 1741 875 1832 Μαρδόνιος
894 1750 1116 1833 δημοκρατίας
1130 1750 1266 1832 κατίστη

134 1913 260 1978 δοδνγοι,
274 1913 326 1979 qni
337 1911 382 1964 hic
395 1917 567 1977 memoretur,
579 1911 674 1979 procul
722 1912 802 1979 plura
815 1919 960 1966 testentur.
996 1915 1049 1968 Sed
1066 1916 1140 1966 haud
1154 1916 1212 1968 ecio
1229 1932 1265 1966 sn

134 1982 209 2034 dnbio
220 1988 264 2035 est
282 1998 354 2033 nnus
372 1982 417 2034 ille
431 1998 446 2033 e
459 1988 565 2048 septem
578 1983 673 2033 coniu-

132 2054 214 2113 ratis,
234 2053 339 2117 dequo
361 2053 389 2102 in
403 2053 527 2104 Excnreu
542 2054 574 2103 T.
588 2052 627 2103 ll.
643 2067 672 2117 p.

132 2124 179 2172 678
194 2123 227 2173 ad
238 2122 299 2184 111,
310 2122 354 2174 70.
378 2121 455 2172 Unde
469 2124 542 2187 apud
558 2122 670 2175 Diodor.

132 2192 177 2255 xl,
190 2192 201 2241 l
214 2191 376 2241 Herdonius
385 2190 524 2256 (Gobryee
533 2192 615 2252 lilius)
627 2209 673 2242 vo-

131 2266 206 2311 catur
215 2260 319 2311 Xerxis
329 2251 451 2323 ἀνεψιὸς
464 2258 510 2309 καλ
522 2254 669 2325 κηδεστής.

130 2331 226 2380 Incidit
242 2335 339 2380 entem
353 2328 422 2379 haec
436 2329 574 2381 Herdonii
593 2347 672 2396 expe·

131 2400 193 2450 ditio
207 2400 235 2448 in
246 2414 351 2450 annum
363 2400 415 2451 stt
426 2413 452 2452 c.
466 2398 529 2452 Chr.
539 2416 581 2459 n.;
601 2402 672 2465 quod

130 2470 248 2535 sequitur
265 2486 301 2520 ex
317 2468 364 2528 iis,
385 2483 454 2532 quse
468 2469 502 2519 ed
516 2470 564 2531 VI,
581 2470 613 2520 18
625 2485 671 2535 po-

130 2540 241 2590 suimus:
266 2539 319 2604 qui
341 2536 466 2588 Miletum
490 2546 600 2604 ceptam
624 2556 671 2605 po·

128 2615 190 2658 nunt
202 2624 277 2660 enno
291 2607 345 2660 496
357 2611 422 2659 ente
437 2607 498 2659 Chr.
511 2625 553 2675 n.,
570 2625 671 2659 cunum

128 2680 174 2730 494
185 2678 230 2730 hic
242 2693 347 2742 ponere
360 2693 472 2729 necesse
485 2684 535 2729 est.

165 2746 271 2797 πολλὸν
295 2738 328 2794 δέ
347 2740 493 2814 ναυτικὸν]
521 2749 670 2800 exercitum

129 2817 254 2883 intelligit
263 2823 350 2881 apem
361 2818 398 2867 ad
408 2819 612 2869 conscendendas
623 2835 670 2867 na-

128 2902 178 2948 res,
202 2894 233 2938 ut
249 2891 327 2937 recte
347 2888 542 2953 interpretetur
563 2887 668 2938 Casan-

129 2955 235 3007 bened
251 2956 384 3009 Strebon,
396 2957 418 3008 Ι.
431 2975 458 3023 p.
473 2960 507 3008 47
522 2973 543 3008 e.
559 2958 592 3009 82
606 2957 668 3007 coll.

723 1984 835 2034 nimium
862 1986 961 2037 viderit
988 1987 1033 2037 vir
1059 1986 1262 2051 sagacissimus.

721 2055 845 2119 Namque
866 2071 920 2106 non
942 2062 997 2105 tam
1016 2056 1176 2122 praelegens
1195 2072 1263 2121 opus

722 2139 800 2174 suum
816 2124 943 2189 Graecis,
965 2141 1046 2190 quem
1065 2126 1263 2191 perscrutando

722 2193 831 2259 singule
841 2200 869 2246 et
879 2210 911 2246 ex
923 2195 1048 2245 omnibus
1060 2195 1217 2260 quaerendo
1229 2195 1263 2244 nd

722 2265 862 2315 materiem
876 2266 965 2330 operis
981 2265 1159 2330 colligendam
1175 2266 1262 2315 ineos

721 2333 841 2386 incidere
857 2336 946 2399 potuit
960 2335 1094 2398 Greeoos,
1115 2336 1163 2400 qui
1181 2335 1262 2385 aliter

722 2408 805 2467 etque
822 2406 881 2469 ipse
899 2403 932 2454 de
950 2404 992 2454 his
1010 2405 1152 2458 sentirent.
1186 2404 1262 2454 Inter

721 2470 771 2522 hos
790 2479 880 2523 cutem
896 2473 1017 2523 Grseooe
1029 2474 1198 2524 Hecataeum
1211 2473 1262 2522 Mi-

721 2540 817 2591 lesium
834 2542 919 2593 fuisse
941 2543 1108 2608 eundemque
1127 2542 1180 2593 hoc
1200 2540 1260 2592 loco

719 2611 797 2675 tangi
808 2610 937 2662 Oreuzeri
953 2614 1091 2663 sententie
1106 2617 1148 2663 est
1165 2627 1261 2676 propo-

720 2681 776 2730 sits
794 2681 835 2730 in:
859 2681 965 2732 Histor.
981 2683 1072 2732 Kunst
1091 2682 1139 2730 der
1150 2680 1258 2731 Griech.

719 2765 784 2814 pag.
796 2750 846 2801 283
862 2750 904 2801 ed.
918 2765 972 2801 sec.
998 2751 1029 2800 In
1044 2750 1111 2815 ipsis
1126 2750 1262 2800 Herodoti

720 2819 811 2869 verbis
825 2822 871 2870 vix
883 2822 987 2870 monitu
997 2835 1064 2884 opus
1074 2820 1135 2879 erit,
1149 2834 1166 2869 a
1176 2819 1259 2870 rerbo

718 2879 956 2951 ἀποδεκομένοισι
976 2889 1060 2954 (qnod
1073 2891 1100 2938 in
1114 2883 1260 2950 ἐνδεκομέ-

719 2971 795 3007 νοισι
812 2964 945 3009 mutctum
964 2959 1023 3009 vult
1038 2958 1130 3010 Neber
1145 2959 1174 3008 in
1186 2959 1260 3009 Mne·

129 3024 237 3077 Stsnloi.
248 3027 287 3077 ed
298 3026 429 3090 Aeschyli
437 3027 513 3078 Pers.
524 3029 556 3077 54
567 3043 583 3076 a
592 3027 670 3077 Wes-

129 3095 238 3161 eelingio
253 3096 370 3147 sllntns.
395 3098 488 3162 Neque
502 3098 571 3148 enim
583 3112 668 3147 naves

128 3163 195 3227 ipses
216 3181 271 3217 uns
287 3181 350 3217 cum
371 3168 464 3216 nautis
482 3181 496 3216 e
511 3166 623 3217 Perside
639 3167 667 3215 in

129 3235 248 3285 Ciliciam
261 3237 361 3286 ducere
377 3236 476 3300 potuit.

156 3295 201 3361 Ὡς
220 3297 252 3353 (ll
270 3303 446 3369 παραπλέων
466 3298 519 3370 τὴν
533 3294 624 3366 Ἀσίην
640 3318 667 3354 κ.
718 3321 778 3357 esse
788 3306 1019 3368 affirmscuoeter,
1029 3311 1126 3371 quinon
1136 3310 1260 3370 recipiunt

128 3388 151 3423 τ.
163 3372 197 3439 λ]
220 3366 318 3439 Ἀσίην
332 3376 401 3424 dixit
412 3376 512 3425 Noster
524 3374 605 3422 Asine
619 3373 667 3422 mi·
717 3377 776 3427 sive
788 3378 866 3426 minue
878 3378 998 3440 credant,
1018 3377 1135 3440 Οιαιιιιιι,
1158 3394 1230 3426 utrum
1244 3394 1258 3426 c

129 3446 198 3495 noris
211 3460 287 3496 orem
305 3444 516 3507 meridionalem,
531 3443 577 3493 nbi
588 3444 669 3492 Pam·
717 3454 811 3508 reptem
824 3448 875 3495 illis
886 3449 1023 3497 Persarum
1034 3449 1188 3508 coniuratis,
1205 3462 1259 3496 eam

719 3043 823 3091 mosyn.
841 3030 890 3081 lv.
906 3044 933 3094 p.
944 3027 990 3094 25)
1012 3030 1130 3093 pendere
1152 3028 1259 3092 relique

720 3113 789 3163 qnae
810 3102 969 3179 ‘sequuntur
993 3098 1089 3149 verba:
1127 3094 1260 3161 Περσέων

718 3167 792 3215 τοῖσι
805 3181 912 3216 επτα-
921 3162 1040 3229 Πέρσας,
1065 3169 1134 3219 Nem
1147 3184 1199 3218 reru
1208 3184 1259 3217 rua·

717 3240 784 3286 xime
793 3240 879 3286 mirum
894 3253 921 3287 ee
935 3239 967 3287 iis
979 3239 1085 3289 Graecis
1095 3245 1259 3288 cenaturum

130 3512 225 3577 plrylii,
238 3515 320 3579 Lycii
334 3520 362 3565 et
377 3514 460 3564 Cures
477 3514 512 3578 (l,
530 3512 600 3577 177).
626 3512 667 3561 Ad
717 3517 863 3565 seutentiam
875 3516 1002 3575 edixisse,
1019 3533 1068 3582 qua
1081 3518 1204 3579 populari
1215 3517 1258 3564 im-

130 3581 178 3632 loci
196 3589 389 3650 argumentum
408 3583 481 3637 conl.
497 3581 601 3645 111,80
618 3582 670 3630 ibi·
716 3587 789 3647 perio
812 3586 909 3636 Persas
935 3589 991 3649 νομί
1013 3593 1143 3649 oporteat·
1168 3588 1196 3634 et
1216 3584 1258 3632 his

130 3666 176 3705 (tue
189 3658 259 3706 nott.
294 3652 362 3704 Add.
375 3653 563 3704 Hoffmeister:
579 3651 669 3703 Ueber
717 3655 809 3704 verbis
823 3655 926 3704 indicet
939 3655 1054 3716 Noster,
1076 3656 1129 3704 iem
1148 3669 1198 3704 sne
1213 3668 1258 3703 ee·

129 3720 256 3775 Herodot.
271 3738 299 3788 p.
313 3723 356 3776 89.
382 3725 470 3787 Atque
484 3723 517 3772 K.
528 3723 571 3771 W.
584 3722 669 3771 Kruo-
718 3728 776 3773 tate
789 3723 889 3788 luisse,
909 3726 973 3789 qui,
988 3740 1057 3789 quee
1071 3725 1104 3775 de
1117 3724 1259 3774 Persarum

130 3788 668 3927 tull‘bfultigltuttillidi
717 3792 961 3914 tlttdsssslll
975 3792 1259 3914 ’llttltddtt

235 3903 241 3915 ·
329 3897 336 3911 ·
413 3900 419 3914 ·
952 3899 959 3925 s

130 3926 176 3979 lroc
186 3932 323 3982 Herodoti
342 3931 401 3982 loco
416 3937 444 3980 et
460 3931 620 3995 praesertim
634 3944 667 3979 ex
717 3935 787 3983 rent.
796 3958 828 3967 —
840 3932 881 3983 dd
891 3934 1053 3983 locutionem
1064 3924 1179 3996 γνώμην
1188 3922 1259 3981 ἀπο-

131 4014 176 4060 eo,
197 4002 270 4066 quod
297 4000 418 4051 nonnulli
435 4001 599 4052 Graecorum
624 3998 668 4049 hie
718 3994 857 4063 δέξασθαι
874 4001 928 4053 vid.
944 4003 996 4066 lV,
1013 4001 1062 4053 132
1079 4001 1169 4067 ibique
1188 4006 1258 4051 nott.

130 4067 284 4120 dubitantes
297 4077 553 4130 commemorentur,
575 4068 666 4134 colligi
718 4072 810 4133 still,
827 4073 870 4122 41.
898 4072 951 4121 Pro
970 4072 1074 4136 vulget.
1094 4064 1179 4134 χρεὸν
1195 4070 1258 4121 dedi

131 4138 194 4201 vult,
207 4140 277 4190 hanc
289 4144 472 4191 narrationem
481 4140 516 4190 ab
526 4139 666 4189 Herodoto
717 4133 816 4206 χρεῶν,
832 4146 863 4190 ut
872 4141 906 4201 V,
916 4141 960 4203 48,
973 4143 1019 4191 ubi
1033 4140 1087 4190 vid.
1099 4144 1169 4190 nott.
1180 4165 1213 4175 -
1225 4139 1259 4189 In

131 4206 251 4269 pluribus
266 4210 295 4259 in
314 4210 382 4260 locis
394 4215 442 4260 snt
457 4214 529 4259 certe
549 4224 581 4258 eo
596 4207 666 4271 loco,
717 4225 792 4275 seqq.
805 4226 853 4276 pro
863 4210 934 4275 vulg.
948 4209 1063 4259 κατίστα
1073 4210 1183 4273 reposui
1194 4222 1259 4256 κατ-

132 4277 175 4326 ubi
192 4277 285 4342 plures
303 4280 400 4331 Greeoi
425 4281 499 4344 iique
522 4279 668 4328 civitatum
718 4278 797 4342 ίστη,
825 4280 896 4345 quod
917 4295 999 4330 unum
1022 4293 1115 4329 rernm
1136 4278 1257 4335 videtur3

132 4348 268 4397 veriorum
280 4348 433 4411 sdluerint,
450 4348 613 4413 preelectum
627 4348 668 4398 iu·
719 4349 775 4400 vid.
787 4350 903 4400 Bredov.
919 4366 945 4413 p.
962 4348 1022 4400 307.

132 4414 182 4465 isse
199 4432 247 4481 pro
264 4416 336 4468 illius
353 4419 454 4470 aetatis
473 4433 567 4480 more,
591 4434 668 4483 quem
759 4414 954 4483 καταπαύσας]
973 4414 1023 4482 τῆς
1041 4411 1213 4479 τυραννίδος
1235 4429 1258 4464 s.

133 4483 295 4538 Herodotum
323 4503 431 4555 quoqne
460 4493 582 4540 secutum
610 4503 670 4539 esse
719 4477 808 4553 ἀρχῆς
823 4487 941 4554 intelligi
959 4492 1033 4539 recte
1048 4489 1127 4537 notet
1142 4483 1259 4537 Valcke-
