3048 5130
243 390 304 459 238
675 392 944 458 HERODOTI

240 571 303 659 plu
316 567 418 649 πόνος
431 564 513 657 ὑμίν
528 574 637 654 ἔσται,
658 563 773 638 οἷοίτε
788 570 826 638 δέ
842 576 979 655 ἔσεσθε,
1000 565 1290 663 ὑπερβαλλόμενοι
1304 567 1385 651 τοὺς

240 678 430 759 ἐναντίους,
452 671 539 741 εἶναι
559 673 751 761 ἐλεύθεροι·
776 679 807 741 εἰ
823 673 861 743 δέ
879 682 1026 764 μαλακίῃ
1048 702 1083 743 τε
1104 677 1159 743 καὶ
1174 672 1290 763 ἀταξίῃ
1306 681 1380 743 δια-

240 777 427 866 χρήσεσθε,
448 773 613 863 οὐδεμίαν
633 772 747 864 ὑμέων
765 782 829 864 ἔχω
848 781 985 862 ἐλπίδα,
1005 776 1051 866 μὴ
1072 775 1113 847 οὑ
1134 777 1258 847 δυ’σειν
1278 774 1385 866 ὑμέας

241 889 340 967 δίκην
360 884 408 971 τῷ
427 881 561 967 βασιλέι·
578 885 635 968 τῆς
649 878 859 961 ὑποστάσιος.
892 878 966 950 ἀλλ’
983 883 1058 969 έμοί
1069 906 1105 950 τε
1119 890 1303 965 πείθεσθε,
1324 884 1382 949 καλ
1517 888 1518 959 l

241 986 312 1073 ἐμοὶ
327 979 430 1070 ὑμέας
443 979 566 1062 αὑτοὺς
579 986 793 1070 ἐπιτρέψατε·
823 986 880 1053 καλ
893 980 975 1073 ὑμῖν
988 981 1071 1070 έγοδ,
1088 990 1184 1055 θεῶν
1197 982 1237 1053 τὰ
1252 995 1308 1053 ίσα
1323 1010 1380 1053 νε-

243 1087 392 1176 μόντων,
416 1082 624 1174 ὑποδέκομαι
637 1082 658 1175 ἢ
674 1084 716 1156 οὐ
729 1090 904 1176 συμμίξειν
918 1085 994 1168 τοὺς
1010 1096 1206 1176 πολεμίους,
1221 1084 1242 1176 ἢ
1255 1096 1382 1176 συμμί-

198 1205 387 1279 Ῑλογοντας
407 1187 533 1259 πολλόν
552 1189 812 1260 ἐλασσοόσεσθαι.
856 1197 968 1260 Ταῦτα
992 1188 1195 1272 ὑνοὺσαντες
1220 1196 1255 1259 οἱ
1269 1188 1382 1271 Ἴωνες

242 1297 455 1383 ἐπιτρέπουσι
470 1295 576 1382 σφέας
589 1292 711 1375 αὐτοὺς
725 1299 773 1386 τῷ
780 1303 968 1388 Διονυσίῳ·
989 1291 1059 1365 δδδ
1073 1293 1211 1384 ἀνάγων
1226 1295 1382 1364 ἑκάστοτε

240 1467 314 1527 turri,
332 1468 452 1519 societate
464 1465 571 1531 quadani
582 1468 649 1515 iuter
666 1482 695 1517 se
710 1477 785 1517 untu—
835 1467 988 1534 Thucydid.
1000 1469 1036 1527 ΙΙ,
1048 1467 1092 1526 90,
1105 1467 1151 1517 ubi
1162 1464 1218 1518 vid.
1234 1463 1323 1531 plura.
1343 1467 1381 1516 Et

241 1543 294 1589 rati
308 1545 365 1588 εααι
379 1540 476 1600 iuncto,
491 1540 522 1585 ut
535 1550 599 1586 vere
611 1536 707 1586 scribit
721 1538 783 1587 Liv.
835 1540 909 1590 ooui.
931 1553 1037 1603 qnoque
1049 1535 1246 1586 Weohsmutht
1270 1535 1380 1590 Hellen.

241 1611 274 1672 V,
283 1610 330 1660 ‘22‘
349 1608 376 1656 V
380 1606 501 1656 ulckeu.
512 1606 603 1655 citans
612 1606 715 1657 similes
726 1622 786 1657 sen·
835 1606 1033 1660 Aiterthurnsk.
1046 1607 1084 1657 11.
1097 1622 1124 1671 p.
1136 1605 1196 1657 335.
1217 1605 1259 1655 Ne
1280 1606 1318 1656 ris
1326 1606 1381 1655 lle-

242 1681 346 1729 teutiss
366 1675 629 1741 eXenoph.Cyr0p.
650 1677 782 1738 1.n,12.
835 1679 926 1729 rodoti
939 1676 1025 1728 verbu
1042 1677 1082 1726 sio
1100 1674 1233 1740 explicet:
1288 1668 1381 1737 γάζαν

242 1750 358 1811 Dionys.
373 1747 464 1795 Helio.
478 1745 561 1794 'r.11.
583 1762 610 1809 p.
624 1745 690 1807 317,
706 1746 740 1797 23
757 1752 785 1796 et
835 1738 906 1797 καθ’
924 1739 1032 1810 ἡμέραν
1046 1738 1080 1793 τὰ
1093 1739 1216 1811 ναραλβια
1232 1739 1265 1793 τό
1282 1738 1316 1793 ἓν
1331 1760 1382 1793 να·

242 1817 311 1867 Gell.
324 1818 358 1869 N.
372 1816 487 1875 A.XVi,
501 1814 524 1867 l.
547 1814 604 1864 Nos
615 1815 649 1864 nd
661 1817 785 1880 partiou-
834 1809 902 1866 τὸπι
920 1813 973 1865 τοῦ
988 1806 1089 1864 ἄλλον·
1109 1812 1172 1878 δηλ.
1205 1807 1380 1877 ἐπορεύοντο

138 1942 141 1949 Ι
241 1888 327 1937 lurum
347 1900 454 1950 quoque
472 1898 550 1934 usum
570 1885 598 1933 in
616 1884 658 1934 his
678 1885 786 1936 attendi
835 1879 1047 1949 παριοτοὶνοντα
1059 1882 1235 1934 στενώτατον
1247 1883 1381 1947 μέτωπον

241 1955 375 2006 volumus.
402 1954 472 2003 Num
487 1954 574 2018 quiin
586 1956 671 2017 priori
684 1956 784 2004 oratio·
834 1953 883 2006 καί
892 1947 1013 2020 ἄπειρον
1024 1947 1127 2022 βάθος.
1148 1955 1189 2004 De
1203 1953 1320 2004 formula
1333 1943 1381 2002 int

241 2027 284 2076 nis
297 2031 376 2090 parte
392 2023 503 2140 scripsit
517 2016 554 2086 ἢν
569 2018 645 2086 μέν,
666 2024 690 2075 is
704 2027 733 2074 iu
747 2024 785 2074 ul·
834 2023 923 2089 κέρως
944 2042 966 2076 s.
989 2019 1072 2087 κέρας
1088 2017 1169 2089 ἄγειν
1187 2017 1238 2081 τὰς
1257 2020 1331 2079 ναῦς
1355 2039 1379 2074 s.

243 2102 300 2145 tero
321 2094 442 2158 poenite
472 2085 524 2153 dl,
546 2098 676 2156 sequente
691 2094 784 2144 futuro
835 2092 931 2145 πλέειν
947 2093 1101 2159 Selrweigh.
1120 2100 1293 2158 praetores,
1308 2108 1380 2157 quse

241 2164 399 2220 indicativi:
426 2160 527 2226 dequo
544 2161 602 2216 rid.
620 2170 690 2212 nott.
710 2165 745 2214 sd
761 2165 784 2227 1,
835 2164 975 2216 ndAtheu.
986 2164 1065 2214 XIII.
1076 2164 1190 2228 purten
1203 2163 1288 2224 dedit,
1301 2161 1339 2212 sd
1351 2161 1379 2214 h.

241 2235 285 2284 ΊΙ.
306 2234 366 2294 111,
380 2232 423 2283 35.
439 2231 482 2283 36.
502 2258 536 2267 -
555 2233 597 2280 Ad
610 2233 785 2297 signiiiostio-
835 2235 851 2285 l.
868 2234 934 2286 hoec
948 2235 1108 2284 annotavit:
1129 2234 1231 2296 „Quae
1245 2234 1380 2283 continua

241 2319 301 2354 uem
318 2303 394 2354 vorbi
406 2294 648 2367 ὑπερβαλλόμενοι
661 2303 695 2353 oi.
709 2304 784 2364 v1,9
834 2305 916 2369 louge
935 2305 1018 2367 serie,
1042 2303 1098 2352 slis
1114 2311 1172 2366 post
1189 2301 1289 2363 uliam,
1303 2304 1380 2351 inoe-

240 2375 334 2439 ibique
347 2372 441 2422 allatu.
454 2370 552 2421 -Pro
566 2362 703 2436 οὐδεμίην
716 2374 783 2423 sori·
834 2375 903 2424 dunt
913 2390 1015 2436 nunes,
1035 2374 1144 2423 eaedem
1155 2371 1209 2422 levi
1220 2372 1298 2422 faeta
1312 2388 1379 2421 oon-

241 2435 443 2510 ρείοὐδεμέαν.
533 2499 539 2517 μ
775 2444 780 2452 “
832 2445 957 2495 versione
975 2443 1068 2493 eodem
1087 2442 1169 2507 longo
1188 2441 1284 2492 ordine
1300 2448 1380 2492 stunt

276 2511 355 2563 θεῶν
366 2505 400 2560 τὰ
414 2509 461 2560 lou
470 2508 627 2576 νεμόντων]
646 2511 663 2561 i.
675 2528 699 2562 e.
713 2514 737 2561 ri
747 2513 784 2561 dii
833 2514 889 2564 slis
903 2517 976 2565 ἰυαια
992 2512 1089 2575 ulium,
1114 2519 1145 2561 nt
1164 2511 1237 2576 spud
1251 2512 1378 2576 l'hneyd.

241 2587 352 2649 utrisque
373 2580 543 2648 prepotentibus
572 2596 653 2645 αεραα
674 2582 782 2643 pruche·
832 2583 994 2645 v111‚lor.
1027 2585 1116 2648 Atque
1135 2583 1174 2630 its
1187 2580 1261 2645 spnd
1274 2581 1376 2635 Athen.

241 2654 412 2715 hnut,neutri
426 2653 498 2714 porti
506 2650 635 2713 foventes,
657 2651 738 2715 pisus
753 2659 783 2701 ut
832 2653 910 2705 Xlll.
946 2652 1048 2704 .thss
1068 2657 1096 2702 et
1108 2653 1130 2701 l*
1143 2656 1180 2702 et.
1200 2666 1227 2715 p.
1240 2651 1320 2702 569ss
1330 2665 1378 2713 prr·

240 2726 289 2787 VI,
306 2724 364 2786 109,
379 2721 425 2771 ubi
437 2721 516 2779 Miot‚
531 2718 625 2769 Gallus
639 2720 783 2785 interpres,
832 2725 899 2772 ellae
916 2669 1017 2786 ὑόνεξῆς
1036 2712 1083 2770 tut
1101 2714 1189 2782 κέρως
1211 2714 1378 2784 τεταγμέναι

240 2793 373 2844 reddidit:
391 2793 415 2841 si
425 2794 462 2840 les
476 2791 554 2838 dicun
565 2796 660 2839 restent
671 2801 781 2842 neutros.
833 2796 898 2842 sunt
909 2795 983 2857 torpa
992 2795 1059 2842 serie
1070 2794 1123 2840 olio
1136 2794 1210 2840 iuxta
1221 2792 1297 2839 otium
1305 2798 1379 2840 stan-

241 2866 334 2928 Neque
346 2862 426 2911 uliter
435 2860 503 2909 haee
515 2859 615 2922 neoiplt
625 2860 730 2910 Geisler
741 2862 783 2910 in:

241 2930 395 2983 Muetzell’s
408 2927 565 2979 zeitschrift
579 2930 597 2981 l.
613 2929 783 2992 Gymnesiul·

241 3018 305 3052 wes.
313 3002 377 3053 ΧΠ.
389 3017 416 3065 p.
426 2999 484 3051 393.
497 2998 551 3048 Pro
562 2989 782 3062 έλαοσαίσεσθαι,

241 3072 312 3137 (γοοδ
339 3085 421 3120 sensu
451 3068 565 3133 passivo
594 3068 782 3132 accipiendum

242 3140 311 3206 (vid.
322 3144 391 3192 nott.
403 3138 439 3188 sd
452 3139 483 3197 V,
495 3135 551 3200 35),
566 3138 781 3200 Medioeus,Flo·

240 3211 364 3261 rentinus
394 3222 454 3258 cunr
479 3205 561 3256 eliis:
590 3199 783 3272 ἐλασσωθήσε-

242 3278 328 3340 σθαι,
351 3277 423 3344 qnod
436 3293 450 3327 e
462 3275 626 3340 glossemate
640 3283 728 3327 orturn
743 3280 783 3329 vi·

242 3350 330 3402 detur.
355 3349 421 3413 lpss
432 3347 569 3396 sententio
581 3346 653 3396 hund
667 3347 783 3398 obscure

241 3424 297 3470 est:
311 3419 423 3483 equidem
432 3418 457 3466 in
465 3432 502 3465 ιπε
512 3418 607 3480 recipio
617 3432 639 3465 s.
646 3418 715 3467 υοδίε
720 3435 783 3482 pro-

241 3493 318 3547 mitto,
333 3488 419 3539 hoster
430 3494 474 3536 aut
484 3502 663 3551 αοιιρτεεεανοε
680 3504 728 3537 που
742 3506 783 3538 es·

240 3576 268 3610 ει
278 3558 399 3609 uobiscum
412 3563 464 3615 out,
477 3559 501 3606 ει·
513 3557 716 3622 remediantur,
729 3562 782 3609 iou-

238 3644 272 3695 ρε
283 3630 419 3693 inferiores
429 3627 498 3690 sore.

439 3799 505 3850 Cle.
519 3798 584 3851 XII.

275 3895 391 3969 ἀνάγων
413 3893 544 3952 ἑκάστοτε
563 3893 609 3951 lut
629 3897 714 3965 κέρας
732 3892 781 3958 τὰς

241 3969 317 4040 νέας]
343 3975 362 4025 i.
378 3990 401 4023 e.
421 3965 535 4034 ἀνοίγων
551 3966 603 4028 τὰς
619 3965 684 4028 νέας
696 3967 780 4037 ἀλλή-

240 4045 301 4102 λαις
313 4037 541 4104 ὑκολουθούοας,
551 4047 582 4092 ut
591 4041 659 4093 bene
669 4044 781 4106 exponit

239 4115 371 4166 Valcken.
404 4111 507 4163 Eadem
521 4111 624 4162 looutio
638 4112 691 4175 Vl,
707 4114 738 4162 ll
753 4116 780 4163 et

240 4184 410 4251 frequentius
423 4184 496 4247 apud
505 4180 689 4247 Thucydidem
704 4180 741 4245 (v.
754 4198 778 4233 o.

833 2869 880 2911 tes.
914 2862 969 2925 Qui
985 2861 1058 2925 opud
1076 2862 1206 2910 Nostrum
1225 2859 1298 2915 (mox
1315 2874 1378 2924 cup.

835 2929 879 2996 14)
898 2920 1063 2993 ἀντανῆγον
1074 2925 1125 2986 τὰς
1140 2928 1206 2986 νέας
1219 2919 1268 2978 ixl
1282 2924 1376 2992 κέρας,

833 3014 881 3050 eos
896 3015 958 3050 mox
976 3002 1092 3050 navibus
1116 2998 1214 3049 leviter
1235 3001 1377 3049 conversis

833 3084 866 3119 ex
876 3069 994 3120 adverso
1005 3072 1116 3121 navium
1128 3068 1268 3119 hostilium
1282 3070 1378 3119 stetis·

832 3155 862 3189 se
872 3139 1048 3205 intellegitur.
1065 3141 1125 3190 Hoc
1134 3139 1202 3201 loco,
1211 3139 1239 3188 in
1251 3154 1302 3204 quo
1314 3153 1377 3189 rer-

832 3225 933 3272 sumur,
945 3210 1095 3275 Dionysius
1106 3201 1220 3272 ἀνάγων
1233 3200 1279 3256 ἐπὶ
1291 3207 1377 3268 κέρας

832 3274 882 3336 τὰς
893 3275 959 3336 νέας
975 3280 1048 3329 binis
1059 3279 1149 3344 longis
1160 3277 1299 3328 ordinibus
1311 3278 1378 3328 edu·

832 3350 905 3400 τίετε
914 3364 999 3399 nevos
1010 3348 1131 3408 videtum
1144 3353 1376 3413 quse,postqusm

831 3421 859 3468 in
876 3419 961 3468 ultum
981 3426 1046 3469 sunt
1066 3423 1195 3479 erectus,
1221 3416 1277 3467 levi
1300 3418 1378 3468 isetn

833 3489 1156 3553 utrimqueoouversione
1165 3487 1281 3537 frontem
1290 3487 1379 3536 tronti

833 3560 987 3623 oppositum
999 3558 1152 3609 lrsbebuntz
1176 3572 1229 3622 qno
1244 3556 1320 3606 sueto
1335 3572 1377 3607 re-

833 3629 918 3694 miges
936 3630 964 3678 in
987 3628 1033 3678 illo
1055 3628 1224 3680 decursionis
1247 3629 1378 3677 nuntiese

831 3714 940 3763 genere,
952 3700 998 3764 qni
1009 3691 1159 3754 διέκπλους
1168 3701 1292 3759 vocatur,
1300 3712 1377 3748 exer·

831 3769 980 3828 uehentum
1008 3769 1041 3818 de
1060 3784 1115 3833 qno
1133 3765 1238 3817 consuli
1258 3772 1377 3831 possunt

832 3838 922 3889 Sohol.
937 3837 972 3889 ud
987 3838 1110 3903 Thucyd.
1127 3838 1155 3900 1,
1169 3838 1204 3887 th
1216 3840 1245 3886 et
1258 3851 1329 3901 quse
1342 3850 1376 3887 ex

831 3910 943 3960 Ernesti
957 3907 1051 3957 lndioe
1064 3908 1214 3958 Graecitnt.
1228 3904 1327 3970 Polyb.
1346 3907 1376 3956 in

830 3984 952 4030 nostrum
961 3979 1056 4030 Lexie.
1070 3976 1166 4042 Polyb.
1179 3991 1206 4040 p.
1222 3976 1271 4026 158
1285 3980 1376 4025 trenu-

831 4047 952 4099 tulimus.
985 4046 1064 4111 Apud
1085 4045 1292 4110 Xenophontem
1310 4045 1376 4095 Hel·

830 4117 883 4167 len.
900 4119 921 4179 1,
934 4118 961 4181 6,
974 4118 1008 4166 22
1019 4116 1200 4166 Athenienses
1212 4115 1247 4164 nd
1256 4115 1377 4179 Arginu-

830 4202 875 4237 sus
887 4189 973 4237 uoiern
984 4189 1024 4236 its
1033 4188 1230 4247 instruxerunt,
1241 4189 1272 4234 ut
1280 4184 1375 4248 plnres

239 4256 287 4319 Vl,
300 4256 342 4307 32.
355 4252 398 4304 50.
411 4253 490 4317 Vlll,
507 4250 565 4315 104)
578 4258 605 4301 et
617 4251 780 4315 Xenophon·
829 4257 939 4306 nuvium
950 4256 1058 4306 ordines
1069 4255 1139 4306 elius
1150 4252 1305 4319 postellum
1317 4259 1376 4304 stn-

239 4331 293 4376 tem
313 4324 380 4390 (vid.
396 4323 492 4374 Lexie.
507 4320 630 4386 Xenoph.
647 4323 679 4374 T.
694 4321 729 4372 ll.
749 4338 777 4386 p.
829 4325 1003 4390 rent(nempe
1014 4341 1067 4376 non
1077 4315 1124 4373 ἐπὶ
1134 4318 1231 4385 κε’ρυς,
1241 4322 1289 4373 sed
1300 4325 1373 4388 quod

239 4395 317 4460 732),
336 4393 383 4443 ubi
402 4407 508 4457 semper
527 4381 574 4439 έπλ
593 4388 696 4454 κε’ρονς,
717 4391 736 4441 i.
753 4407 776 4441 e.
828 4395 899 4446 idem
911 4396 1033 4460 Xenoph.
1050 4383 1371 4457 νῐ,ν,18ίπὶφαίαγ-

237 4468 311 4531 ἱυαρο
328 4465 439 4530 αραίαε,
465 4468 496 4512 ut
516 4460 607 4512 reddit
625 4463 720 4528 Poppo
742 4461 777 4511 sd
826 4479 877 4530 γος
890 4464 983 4532 dicit),
996 4480 1029 4515 ne
1051 4464 1090 4533 τῷ
1107 4458 1230 4530 drinio)
1249 4462 1371 4516 hostium
