<?xml version="1.0" encoding="UTF-8"?>
<!DOCTYPE html PUBLIC "-//W3C//DTD XHTML 1.0 Transitional//EN"
    "http://www.w3.org/TR/xhtml1/DTD/xhtml1-transitional.dtd">
<html xmlns="http://www.w3.org/1999/xhtml" xml:lang="en" lang="en">
 <head>
  <title>
</title>
<meta http-equiv="Content-Type" content="text/html;charset=utf-8" />
  <meta name='ocr-system' content='tesseract 3.04.00' />
  <meta name='ocr-capabilities' content='ocr_page ocr_carea ocr_par ocr_line ocrx_word'/>
</head>
<body>
  <div class='ocr_page' id='page_1' title='image "./herodotihalicar03bhgoog_0559.png"; bbox 0 0 3046 5134; ppageno 0'>
   <div class='ocr_carea' id='block_1_1' title="bbox 225 372 286 433">
    <p class='ocr_par' dir='ltr' id='par_1_1' title="bbox 225 372 286 433">
     <span class='ocr_line' id='line_1_1' title="bbox 225 372 286 433; baseline 0 -1"><span class='ocrx_word' id='word_1_1' title='bbox 225 372 286 433; x_wconf 90' lang='grc'>534</span> 
     </span>
    </p>
   </div>
   <div class='ocr_carea' id='block_1_2' title="bbox 661 366 927 427">
    <p class='ocr_par' dir='ltr' id='par_1_2' title="bbox 661 366 927 427">
     <span class='ocr_line' id='line_1_2' title="bbox 661 366 927 427; baseline 0.004 -1"><span class='ocrx_word' id='word_1_2' title='bbox 661 366 927 427; x_wconf 79' lang='lat' dir='ltr'><strong>HERODOTI</strong></span> 
     </span>
    </p>
   </div>
   <div class='ocr_carea' id='block_1_3' title="bbox 179 536 1409 942">
    <p class='ocr_par' dir='ltr' id='par_1_3' title="bbox 179 536 1409 942">
     <span class='ocr_line' id='line_1_3' title="bbox 179 536 1360 633; baseline -0.003 -21"><span class='ocrx_word' id='word_1_3' title='bbox 179 554 218 612; x_wconf 77' lang='lat'>54</span> <span class='ocrx_word' id='word_1_4' title='bbox 233 545 365 633; x_wconf 80' lang='grc' dir='ltr'>Ταύτην</span> <span class='ocrx_word' id='word_1_5' title='bbox 394 542 456 631; x_wconf 76' lang='lat' dir='ltr'>plu</span> <span class='ocrx_word' id='word_1_6' title='bbox 486 540 548 630; x_wconf 74' lang='grc' dir='ltr'>τὴν</span> <span class='ocrx_word' id='word_1_7' title='bbox 574 536 699 629; x_wconf 79' lang='grc' dir='ltr'><em>ἡμέρην</em></span> <span class='ocrx_word' id='word_1_8' title='bbox 728 541 1014 629; x_wconf 78' lang='grc' dir='ltr'>παρεσκευάζοντο</span> <span class='ocrx_word' id='word_1_9' title='bbox 1042 543 1075 621; x_wconf 85' lang='grc' dir='ltr'>ές</span> <span class='ocrx_word' id='word_1_10' title='bbox 1101 537 1162 630; x_wconf 81' lang='grc' dir='ltr'>τὴν</span> <span class='ocrx_word' id='word_1_11' title='bbox 1189 538 1360 629; x_wconf 74' lang='grc' dir='ltr'>διάβασιν·</span> 
     </span>
     <span class='ocr_line' id='line_1_4' title="bbox 228 641 1360 738; baseline -0.004 -19"><span class='ocrx_word' id='word_1_12' title='bbox 228 656 267 738; x_wconf 78' lang='grc' dir='ltr'>τῃ</span> <span class='ocrx_word' id='word_1_13' title='bbox 292 650 329 718; x_wconf 75' lang='lat' dir='ltr'>dl</span> <span class='ocrx_word' id='word_1_14' title='bbox 351 644 509 734; x_wconf 72' lang='grc' dir='ltr'>ὑστεραίῃ</span> <span class='ocrx_word' id='word_1_15' title='bbox 536 641 701 731; x_wconf 83' lang='grc' dir='ltr'>ἆνέμενον</span> <span class='ocrx_word' id='word_1_16' title='bbox 726 642 785 713; x_wconf 84' lang='grc' dir='ltr'>τὸν</span> <span class='ocrx_word' id='word_1_17' title='bbox 813 641 908 732; x_wconf 78' lang='grc' dir='ltr'>ἥλιον</span> <span class='ocrx_word' id='word_1_18' title='bbox 932 649 1106 726; x_wconf 72' lang='grc' dir='ltr'>ἐθέλοντες</span> <span class='ocrx_word' id='word_1_19' title='bbox 1128 646 1264 712; x_wconf 78' lang='grc' dir='ltr'><strong><em>ἰδέσθαι</em></strong></span> <span class='ocrx_word' id='word_1_20' title='bbox 1287 642 1360 714; x_wconf 79' lang='lat' dir='ltr'>civi-</span> 
     </span>
     <span class='ocr_line' id='line_1_5' title="bbox 225 749 1409 840; baseline -0.003 -19"><span class='ocrx_word' id='word_1_21' title='bbox 225 776 363 840; x_wconf 78' lang='grc' dir='ltr'>σχοντοι,</span> <span class='ocrx_word' id='word_1_22' title='bbox 392 749 589 837; x_wconf 70' lang='grc' dir='ltr'>θυμιήματά</span> <span class='ocrx_word' id='word_1_23' title='bbox 614 776 649 816; x_wconf 83' lang='grc' dir='ltr'>τε</span> <span class='ocrx_word' id='word_1_24' title='bbox 678 763 820 817; x_wconf 77' lang='grc' dir='ltr'>παντοῖα</span> <span class='ocrx_word' id='word_1_25' title='bbox 848 752 903 817; x_wconf 69' lang='lat' dir='ltr'>tut</span> <span class='ocrx_word' id='word_1_26' title='bbox 924 755 992 819; x_wconf 78' lang='grc' dir='ltr'>τῶν</span> <span class='ocrx_word' id='word_1_27' title='bbox 1017 751 1197 836; x_wconf 78' lang='grc' dir='ltr'>γεφυρέων</span> <span class='ocrx_word' id='word_1_28' title='bbox 1220 758 1409 835; x_wconf 71' lang='lat' dir='ltr'>aesopi-otto</span> 
     </span>
     <span class='ocr_line' id='line_1_6' title="bbox 225 848 1362 942; baseline -0.002 -17"><span class='ocrx_word' id='word_1_29' title='bbox 225 865 335 941; x_wconf 77' lang='grc' dir='ltr'>ζονιες</span> <span class='ocrx_word' id='word_1_30' title='bbox 362 856 417 923; x_wconf 78' lang='grc' dir='ltr'>καὶ</span> <span class='ocrx_word' id='word_1_31' title='bbox 445 858 627 942; x_wconf 75' lang='grc' dir='ltr'>μυρσίνῃσι</span> <span class='ocrx_word' id='word_1_32' title='bbox 660 851 861 939; x_wconf 78' lang='grc' dir='ltr'>στορνύντες</span> <span class='ocrx_word' id='word_1_33' title='bbox 889 851 952 941; x_wconf 80' lang='grc' dir='ltr'>τὴν</span> <span class='ocrx_word' id='word_1_34' title='bbox 979 849 1070 923; x_wconf 77' lang='grc' dir='ltr'>ὁδόν.</span> <span class='ocrx_word' id='word_1_35' title='bbox 1113 848 1157 932; x_wconf 75' lang='grc' dir='ltr'>ὥς</span> <span class='ocrx_word' id='word_1_36' title='bbox 1187 850 1219 920; x_wconf 85' lang='lat' dir='ltr'>d’</span> <span class='ocrx_word' id='word_1_37' title='bbox 1243 855 1362 923; x_wconf 82' lang='grc' dir='ltr'>έπανέ·</span> 
     </span>
    </p>
   </div>
   <div class='ocr_carea' id='block_1_4' title="bbox 226 1067 780 4359">
    <p class='ocr_par' dir='ltr' id='par_1_4' title="bbox 226 1067 780 4359">
     <span class='ocr_line' id='line_1_7' title="bbox 226 1067 772 1136; baseline -0.016 -11"><span class='ocrx_word' id='word_1_38' title='bbox 226 1073 382 1125; x_wconf 87' lang='lat' dir='ltr'>nomiuibus</span> <span class='ocrx_word' id='word_1_39' title='bbox 398 1072 555 1136; x_wconf 87' lang='lat' dir='ltr'>plerumque</span> <span class='ocrx_word' id='word_1_40' title='bbox 575 1070 668 1122; x_wconf 88' lang='lat' dir='ltr'>iuncto</span> <span class='ocrx_word' id='word_1_41' title='bbox 685 1067 772 1122; x_wconf 90' lang='lat' dir='ltr'>simili</span> 
     </span>
     <span class='ocr_line' id='line_1_8' title="bbox 227 1139 771 1207; baseline -0.013 -12"><span class='ocrx_word' id='word_1_42' title='bbox 227 1143 431 1207; x_wconf 83' lang='lat' dir='ltr'>significatione</span> <span class='ocrx_word' id='word_1_43' title='bbox 445 1145 530 1206; x_wconf 84' lang='lat' dir='ltr'>atque</span> <span class='ocrx_word' id='word_1_44' title='bbox 547 1141 620 1205; x_wconf 91' lang='lat' dir='ltr'>apud</span> <span class='ocrx_word' id='word_1_45' title='bbox 632 1139 771 1202; x_wconf 84' lang='lat' dir='ltr'>Thucydi·</span> 
     </span>
     <span class='ocr_line' id='line_1_9' title="bbox 227 1205 770 1275; baseline -0.013 -10"><span class='ocrx_word' id='word_1_46' title='bbox 227 1215 287 1265; x_wconf 90' lang='lat' dir='ltr'>dem</span> <span class='ocrx_word' id='word_1_47' title='bbox 306 1214 349 1271; x_wconf 86' lang='lat'>11,</span> <span class='ocrx_word' id='word_1_48' title='bbox 368 1212 401 1261; x_wconf 81' lang='lat'>74</span> <span class='ocrx_word' id='word_1_49' title='bbox 421 1205 493 1275; x_wconf 73' lang='grc' dir='ltr'>ἔχειν</span> <span class='ocrx_word' id='word_1_50' title='bbox 513 1215 542 1259; x_wconf 85' lang='lat' dir='ltr'>ct</span> <span class='ocrx_word' id='word_1_51' title='bbox 563 1210 636 1274; x_wconf 88' lang='lat' dir='ltr'>apud</span> <span class='ocrx_word' id='word_1_52' title='bbox 655 1210 770 1259; x_wconf 81' lang='lat' dir='ltr'>Latinos</span> 
     </span>
     <span class='ocr_line' id='line_1_10' title="bbox 227 1280 770 1342; baseline -0.013 -7"><span class='ocrx_word' id='word_1_53' title='bbox 227 1286 324 1341; x_wconf 75' lang='lat' dir='ltr'>colere,</span> <span class='ocrx_word' id='word_1_54' title='bbox 336 1282 439 1342; x_wconf 80' lang='lat' dir='ltr'>lubere,</span> <span class='ocrx_word' id='word_1_55' title='bbox 453 1284 567 1331; x_wconf 84' lang='lat' dir='ltr'>notante</span> <span class='ocrx_word' id='word_1_56' title='bbox 577 1280 770 1337; x_wconf 84' lang='lat' dir='ltr'>Valckenario‚</span> 
     </span>
     <span class='ocr_line' id='line_1_11' title="bbox 228 1347 772 1420; baseline -0.011 -17"><span class='ocrx_word' id='word_1_57' title='bbox 228 1354 275 1420; x_wconf 88' lang='lat' dir='ltr'>qui</span> <span class='ocrx_word' id='word_1_58' title='bbox 289 1351 458 1402; x_wconf 85' lang='lat' dir='ltr'>Herodotum</span> <span class='ocrx_word' id='word_1_59' title='bbox 470 1350 498 1398; x_wconf 92' lang='lat' dir='ltr'>in</span> <span class='ocrx_word' id='word_1_60' title='bbox 510 1347 611 1399; x_wconf 86' lang='lat' dir='ltr'>talibus</span> <span class='ocrx_word' id='word_1_61' title='bbox 626 1351 667 1399; x_wconf 88' lang='lat' dir='ltr'>ait</span> <span class='ocrx_word' id='word_1_62' title='bbox 678 1351 772 1412; x_wconf 78' lang='lat' dir='ltr'>po‘cta·</span> 
     </span>
     <span class='ocr_line' id='line_1_12' title="bbox 228 1418 774 1475; baseline -0.013 -2"><span class='ocrx_word' id='word_1_63' title='bbox 228 1439 287 1473; x_wconf 89' lang='lat' dir='ltr'>rum</span> <span class='ocrx_word' id='word_1_64' title='bbox 302 1437 376 1472; x_wconf 88' lang='lat' dir='ltr'>more</span> <span class='ocrx_word' id='word_1_65' title='bbox 386 1436 446 1470; x_wconf 89' lang='lat' dir='ltr'>esse</span> <span class='ocrx_word' id='word_1_66' title='bbox 460 1418 595 1475; x_wconf 83' lang='lat' dir='ltr'>loentum,</span> <span class='ocrx_word' id='word_1_67' title='bbox 612 1419 672 1469; x_wconf 88' lang='lat' dir='ltr'>coll.</span> <span class='ocrx_word' id='word_1_68' title='bbox 685 1418 774 1469; x_wconf 87' lang='lat' dir='ltr'>Theo·</span> 
     </span>
     <span class='ocr_line' id='line_1_13' title="bbox 230 1488 773 1553; baseline -0.011 -11"><span class='ocrx_word' id='word_1_69' title='bbox 230 1495 293 1543; x_wconf 86' lang='lat' dir='ltr'>crit.</span> <span class='ocrx_word' id='word_1_70' title='bbox 311 1492 390 1547; x_wconf 85' lang='lat' dir='ltr'>xvl.</span> <span class='ocrx_word' id='word_1_71' title='bbox 405 1492 449 1540; x_wconf 80' lang='lat'>88.</span> <span class='ocrx_word' id='word_1_72' title='bbox 467 1489 534 1550; x_wconf 85' lang='lat' dir='ltr'>Vll,</span> <span class='ocrx_word' id='word_1_73' title='bbox 554 1488 612 1540; x_wconf 85' lang='lat'>103.</span> <span class='ocrx_word' id='word_1_74' title='bbox 647 1489 773 1553; x_wconf 87' lang='lat' dir='ltr'>Namque</span> 
     </span>
     <span class='ocr_line' id='line_1_14' title="bbox 229 1558 773 1625; baseline -0.009 -13"><span class='ocrx_word' id='word_1_75' title='bbox 229 1564 329 1613; x_wconf 89' lang='lat' dir='ltr'>Noster</span> <span class='ocrx_word' id='word_1_76' title='bbox 342 1560 388 1610; x_wconf 80' lang='lat' dir='ltr'>bic</span> <span class='ocrx_word' id='word_1_77' title='bbox 401 1575 509 1625; x_wconf 88' lang='lat' dir='ltr'>quoqne</span> <span class='ocrx_word' id='word_1_78' title='bbox 520 1558 685 1608; x_wconf 86' lang='lat' dir='ltr'>Graecorum</span> <span class='ocrx_word' id='word_1_79' title='bbox 700 1572 773 1607; x_wconf 88' lang='lat' dir='ltr'>more</span> 
     </span>
     <span class='ocr_line' id='line_1_15' title="bbox 229 1629 773 1698; baseline -0.011 -15"><span class='ocrx_word' id='word_1_80' title='bbox 229 1633 384 1698; x_wconf 87' lang='lat' dir='ltr'>loquentem</span> <span class='ocrx_word' id='word_1_81' title='bbox 397 1630 465 1679; x_wconf 83' lang='lat' dir='ltr'>facit</span> <span class='ocrx_word' id='word_1_82' title='bbox 478 1629 594 1678; x_wconf 79' lang='lat' dir='ltr'>Xerxem</span> <span class='ocrx_word' id='word_1_83' title='bbox 608 1644 655 1687; x_wconf 89' lang='lat' dir='ltr'>ea,</span> <span class='ocrx_word' id='word_1_84' title='bbox 672 1643 742 1692; x_wconf 84' lang='lat' dir='ltr'>quse</span> <span class='ocrx_word' id='word_1_85' title='bbox 756 1643 773 1677; x_wconf 90' lang='lat' dir='ltr'>a</span> 
     </span>
     <span class='ocr_line' id='line_1_16' title="bbox 229 1698 774 1753; baseline -0.011 0"><span class='ocrx_word' id='word_1_86' title='bbox 229 1703 373 1753; x_wconf 87' lang='lat' dir='ltr'>Persarum</span> <span class='ocrx_word' id='word_1_87' title='bbox 394 1698 530 1749; x_wconf 87' lang='lat' dir='ltr'>institutis</span> <span class='ocrx_word' id='word_1_88' title='bbox 550 1698 641 1748; x_wconf 87' lang='lat' dir='ltr'>aliena</span> <span class='ocrx_word' id='word_1_89' title='bbox 661 1698 774 1747; x_wconf 82' lang='lat' dir='ltr'>videan-</span> 
     </span>
     <span class='ocr_line' id='line_1_17' title="bbox 231 1767 774 1835; baseline -0.011 -14"><span class='ocrx_word' id='word_1_90' title='bbox 231 1778 289 1830; x_wconf 84' lang='lat' dir='ltr'>tur3</span> <span class='ocrx_word' id='word_1_91' title='bbox 314 1769 408 1835; x_wconf 88' lang='lat' dir='ltr'>qualiu</span> <span class='ocrx_word' id='word_1_92' title='bbox 423 1767 497 1817; x_wconf 82' lang='lat' dir='ltr'>baud</span> <span class='ocrx_word' id='word_1_93' title='bbox 518 1784 607 1832; x_wconf 83' lang='lat' dir='ltr'>pauca</span> <span class='ocrx_word' id='word_1_94' title='bbox 627 1771 774 1818; x_wconf 88' lang='lat' dir='ltr'>occurrunt</span> 
     </span>
     <span class='ocr_line' id='line_1_18' title="bbox 231 1836 775 1903; baseline -0.006 -14"><span class='ocrx_word' id='word_1_95' title='bbox 231 1842 259 1895; x_wconf 83' lang='lat' dir='ltr'>in</span> <span class='ocrx_word' id='word_1_96' title='bbox 267 1838 395 1903; x_wconf 76' lang='lat' dir='ltr'>Aeschyli</span> <span class='ocrx_word' id='word_1_97' title='bbox 407 1836 500 1887; x_wconf 81' lang='lat' dir='ltr'>sabula</span> <span class='ocrx_word' id='word_1_98' title='bbox 511 1838 695 1900; x_wconf 86' lang='lat' dir='ltr'>celeberrima,</span> <span class='ocrx_word' id='word_1_99' title='bbox 704 1852 775 1901; x_wconf 85' lang='lat' dir='ltr'>quae</span> 
     </span>
     <span class='ocr_line' id='line_1_19' title="bbox 231 1907 775 1970; baseline -0.006 -10"><span class='ocrx_word' id='word_1_100' title='bbox 231 1912 377 1960; x_wconf 75' lang='lat' dir='ltr'>Persarum</span> <span class='ocrx_word' id='word_1_101' title='bbox 389 1907 496 1956; x_wconf 88' lang='lat' dir='ltr'>nomine</span> <span class='ocrx_word' id='word_1_102' title='bbox 508 1908 673 1970; x_wconf 73' lang='lat' dir='ltr'>inscribitur,</span> <span class='ocrx_word' id='word_1_103' title='bbox 690 1914 775 1970; x_wconf 87' lang='lat' dir='ltr'>atque</span> 
     </span>
     <span class='ocr_line' id='line_1_20' title="bbox 231 1976 776 2044; baseline -0.007 -15"><span class='ocrx_word' id='word_1_104' title='bbox 231 1978 302 2044; x_wconf 83' lang='lat' dir='ltr'>apud</span> <span class='ocrx_word' id='word_1_105' title='bbox 318 1978 407 2041; x_wconf 88' lang='lat' dir='ltr'>ipsum</span> <span class='ocrx_word' id='word_1_106' title='bbox 421 1976 607 2031; x_wconf 84' lang='lat' dir='ltr'>Herodotum.</span> <span class='ocrx_word' id='word_1_107' title='bbox 624 1984 654 2026; x_wconf 86' lang='lat' dir='ltr'>ut</span> <span class='ocrx_word' id='word_1_108' title='bbox 671 1978 776 2025; x_wconf 90' lang='lat' dir='ltr'>monui-</span> 
     </span>
     <span class='ocr_line' id='line_1_21' title="bbox 232 2045 770 2107; baseline -0.009 -9"><span class='ocrx_word' id='word_1_109' title='bbox 232 2065 291 2098; x_wconf 86' lang='lat' dir='ltr'>mus</span> <span class='ocrx_word' id='word_1_110' title='bbox 305 2046 340 2095; x_wconf 81' lang='lat' dir='ltr'>ad</span> <span class='ocrx_word' id='word_1_111' title='bbox 354 2046 417 2107; x_wconf 86' lang='lat' dir='ltr'>Vll,</span> <span class='ocrx_word' id='word_1_112' title='bbox 433 2046 472 2095; x_wconf 84' lang='lat'>10.</span> <span class='ocrx_word' id='word_1_113' title='bbox 488 2045 722 2107; x_wconf 77' lang='lat' dir='ltr'>§.4.5.V11‚to.</span> <span class='ocrx_word' id='word_1_114' title='bbox 740 2045 770 2095; x_wconf 83' lang='grc'>51</span> 
     </span>
     <span class='ocr_line' id='line_1_22' title="bbox 232 2114 774 2180; baseline -0.009 -13"><span class='ocrx_word' id='word_1_115' title='bbox 232 2118 347 2180; x_wconf 83' lang='lat' dir='ltr'>aliisque</span> <span class='ocrx_word' id='word_1_116' title='bbox 358 2114 425 2164; x_wconf 90' lang='lat' dir='ltr'>locis</span> <span class='ocrx_word' id='word_1_117' title='bbox 438 2114 509 2163; x_wconf 86' lang='lat' dir='ltr'>baud</span> <span class='ocrx_word' id='word_1_118' title='bbox 518 2114 623 2179; x_wconf 87' lang='lat' dir='ltr'>paucis.</span> <span class='ocrx_word' id='word_1_119' title='bbox 639 2115 693 2176; x_wconf 86' lang='lat' dir='ltr'>Qui</span> <span class='ocrx_word' id='word_1_120' title='bbox 704 2115 774 2164; x_wconf 88' lang='lat' dir='ltr'>enim</span> 
     </span>
     <span class='ocr_line' id='line_1_23' title="bbox 232 2182 775 2249; baseline -0.006 -13"><span class='ocrx_word' id='word_1_121' title='bbox 232 2188 270 2236; x_wconf 89' lang='lat' dir='ltr'>dii</span> <span class='ocrx_word' id='word_1_122' title='bbox 282 2182 413 2235; x_wconf 74' lang='lat' dir='ltr'><strong>tutelares</strong></span> <span class='ocrx_word' id='word_1_123' title='bbox 424 2182 541 2247; x_wconf 88' lang='lat' dir='ltr'>aliquam</span> <span class='ocrx_word' id='word_1_124' title='bbox 551 2184 686 2249; x_wconf 80' lang='lat' dir='ltr'>regionem</span> <span class='ocrx_word' id='word_1_125' title='bbox 698 2200 775 2248; x_wconf 88' lang='lat' dir='ltr'>prae·</span> 
     </span>
     <span class='ocr_line' id='line_1_24' title="bbox 232 2254 774 2320; baseline -0.006 -14"><span class='ocrx_word' id='word_1_126' title='bbox 232 2257 311 2320; x_wconf 83' lang='lat' dir='ltr'>cipue</span> <span class='ocrx_word' id='word_1_127' title='bbox 337 2254 409 2303; x_wconf 87' lang='lat' dir='ltr'>tucri</span> <span class='ocrx_word' id='word_1_128' title='bbox 435 2257 582 2317; x_wconf 83' lang='lat' dir='ltr'>putantur,</span> <span class='ocrx_word' id='word_1_129' title='bbox 613 2269 682 2319; x_wconf 85' lang='lat' dir='ltr'>quac</span> <span class='ocrx_word' id='word_1_130' title='bbox 707 2254 774 2318; x_wconf 90' lang='lat' dir='ltr'>ipsis</span> 
     </span>
     <span class='ocr_line' id='line_1_25' title="bbox 233 2323 774 2391; baseline 0 -18"><span class='ocrx_word' id='word_1_131' title='bbox 233 2324 313 2391; x_wconf 87' lang='lat' dir='ltr'>quasi</span> <span class='ocrx_word' id='word_1_132' title='bbox 332 2328 406 2373; x_wconf 89' lang='lat' dir='ltr'>sorte</span> <span class='ocrx_word' id='word_1_133' title='bbox 427 2323 526 2388; x_wconf 81' lang='lat' dir='ltr'>obtigit</span> <span class='ocrx_word' id='word_1_134' title='bbox 545 2324 666 2373; x_wconf 80' lang='lat' dir='ltr'>iuvaris</span> <span class='ocrx_word' id='word_1_135' title='bbox 685 2324 774 2373; x_wconf 84' lang='lat' dir='ltr'>variu-</span> 
     </span>
     <span class='ocr_line' id='line_1_26' title="bbox 234 2394 776 2459; baseline -0.004 -14"><span class='ocrx_word' id='word_1_136' title='bbox 234 2411 291 2445; x_wconf 87' lang='lat' dir='ltr'>rum</span> <span class='ocrx_word' id='word_1_137' title='bbox 304 2394 425 2459; x_wconf 88' lang='lat' dir='ltr'>gentium</span> <span class='ocrx_word' id='word_1_138' title='bbox 442 2408 475 2443; x_wconf 86' lang='lat' dir='ltr'>ac</span> <span class='ocrx_word' id='word_1_139' title='bbox 489 2394 632 2444; x_wconf 84' lang='lat' dir='ltr'>civitatum</span> <span class='ocrx_word' id='word_1_140' title='bbox 647 2394 776 2443; x_wconf 86' lang='lat' dir='ltr'>distribu-</span> 
     </span>
     <span class='ocr_line' id='line_1_27' title="bbox 234 2463 775 2515; baseline -0.006 0"><span class='ocrx_word' id='word_1_141' title='bbox 234 2466 308 2515; x_wconf 84' lang='lat' dir='ltr'>tione</span> <span class='ocrx_word' id='word_1_142' title='bbox 324 2465 382 2513; x_wconf 85' lang='lat' dir='ltr'>sive</span> <span class='ocrx_word' id='word_1_143' title='bbox 397 2464 541 2513; x_wconf 88' lang='lat' dir='ltr'>sortitione</span> <span class='ocrx_word' id='word_1_144' title='bbox 558 2464 630 2513; x_wconf 89' lang='lat' dir='ltr'>inter</span> <span class='ocrx_word' id='word_1_145' title='bbox 647 2464 712 2513; x_wconf 89' lang='lat' dir='ltr'>deos</span> <span class='ocrx_word' id='word_1_146' title='bbox 732 2463 775 2512; x_wconf 85' lang='lat' dir='ltr'>la-</span> 
     </span>
     <span class='ocr_line' id='line_1_28' title="bbox 233 2526 776 2596; baseline -0.013 -10"><span class='ocrx_word' id='word_1_147' title='bbox 233 2542 294 2596; x_wconf 80' lang='lat' dir='ltr'>cta,</span> <span class='ocrx_word' id='word_1_148' title='bbox 317 2533 336 2581; x_wconf 90' lang='lat' dir='ltr'>ii</span> <span class='ocrx_word' id='word_1_149' title='bbox 358 2533 486 2583; x_wconf 88' lang='lat' dir='ltr'>dicuutur</span> <span class='ocrx_word' id='word_1_150' title='bbox 506 2537 605 2583; x_wconf 85' lang='lat' dir='ltr'>terram</span> <span class='ocrx_word' id='word_1_151' title='bbox 625 2526 776 2595; x_wconf 75' lang='grc' dir='ltr'>λαγχάνειν</span> 
     </span>
     <span class='ocr_line' id='line_1_29' title="bbox 233 2594 775 2667; baseline -0.006 -13"><span class='ocrx_word' id='word_1_152' title='bbox 233 2605 351 2667; x_wconf 85' lang='lat' dir='ltr'>indeque</span> <span class='ocrx_word' id='word_1_153' title='bbox 370 2618 430 2653; x_wconf 85' lang='lat' dir='ltr'>eom</span> <span class='ocrx_word' id='word_1_154' title='bbox 450 2594 540 2666; x_wconf 70' lang='grc' dir='ltr'>ἔχειν,</span> <span class='ocrx_word' id='word_1_155' title='bbox 562 2604 580 2655; x_wconf 90' lang='lat' dir='ltr'>i.</span> <span class='ocrx_word' id='word_1_156' title='bbox 594 2619 618 2653; x_wconf 89' lang='lat' dir='ltr'>e.</span> <span class='ocrx_word' id='word_1_157' title='bbox 635 2608 728 2653; x_wconf 88' lang='lat' dir='ltr'>tenere</span> <span class='ocrx_word' id='word_1_158' title='bbox 748 2604 775 2651; x_wconf 91' lang='lat' dir='ltr'>in</span> 
     </span>
     <span class='ocr_line' id='line_1_30' title="bbox 234 2673 776 2747; baseline -0.009 -22"><span class='ocrx_word' id='word_1_159' title='bbox 234 2674 408 2740; x_wconf 72' lang='lat' dir='ltr'>possessione</span> <span class='ocrx_word' id='word_1_160' title='bbox 419 2675 502 2735; x_wconf 83' lang='lat' dir='ltr'>atque</span> <span class='ocrx_word' id='word_1_161' title='bbox 515 2673 577 2723; x_wconf 88' lang='lat' dir='ltr'>inde</span> <span class='ocrx_word' id='word_1_162' title='bbox 591 2673 660 2722; x_wconf 92' lang='lat' dir='ltr'>tucri</span> <span class='ocrx_word' id='word_1_163' title='bbox 673 2673 776 2747; x_wconf 74' lang='lat' dir='ltr'>firmam</span> 
     </span>
     <span class='ocr_line' id='line_1_31' title="bbox 234 2741 775 2804; baseline -0.006 -11"><span class='ocrx_word' id='word_1_164' title='bbox 234 2762 266 2794; x_wconf 83' lang='lat' dir='ltr'>ac</span> <span class='ocrx_word' id='word_1_165' title='bbox 283 2742 419 2792; x_wconf 88' lang='lat' dir='ltr'>stabilem.</span> <span class='ocrx_word' id='word_1_166' title='bbox 455 2742 515 2804; x_wconf 80' lang='lat' dir='ltr'>Sic,</span> <span class='ocrx_word' id='word_1_167' title='bbox 536 2741 591 2791; x_wconf 87' lang='lat' dir='ltr'>alia</span> <span class='ocrx_word' id='word_1_168' title='bbox 612 2747 642 2792; x_wconf 91' lang='lat' dir='ltr'>ut</span> <span class='ocrx_word' id='word_1_169' title='bbox 658 2746 775 2803; x_wconf 87' lang='lat' dir='ltr'>taceam,</span> 
     </span>
     <span class='ocr_line' id='line_1_32' title="bbox 235 2810 776 2877; baseline -0.009 -13"><span class='ocrx_word' id='word_1_170' title='bbox 235 2813 307 2864; x_wconf 86' lang='lat' dir='ltr'>Plat.</span> <span class='ocrx_word' id='word_1_171' title='bbox 322 2812 349 2860; x_wconf 90' lang='lat' dir='ltr'>in</span> <span class='ocrx_word' id='word_1_172' title='bbox 363 2812 435 2864; x_wconf 85' lang='lat' dir='ltr'>Tim.</span> <span class='ocrx_word' id='word_1_173' title='bbox 448 2825 473 2875; x_wconf 90' lang='lat' dir='ltr'>p.</span> <span class='ocrx_word' id='word_1_174' title='bbox 486 2812 558 2863; x_wconf 77' lang='lat' dir='ltr'>&#39;23E‚</span> <span class='ocrx_word' id='word_1_175' title='bbox 572 2827 634 2877; x_wconf 85' lang='lat' dir='ltr'>pag.</span> <span class='ocrx_word' id='word_1_176' title='bbox 646 2813 677 2863; x_wconf 81' lang='grc'>15</span> <span class='ocrx_word' id='word_1_177' title='bbox 688 2810 776 2865; x_wconf 77' lang='lat' dir='ltr'>Bclrlr.</span> 
     </span>
     <span class='ocr_line' id='line_1_33' title="bbox 234 2869 776 2944; baseline -0.007 -12"><span class='ocrx_word' id='word_1_178' title='bbox 234 2883 266 2933; x_wconf 89' lang='lat' dir='ltr'>dc</span> <span class='ocrx_word' id='word_1_179' title='bbox 276 2883 414 2931; x_wconf 83' lang='lat' dir='ltr'>Minerva:</span> <span class='ocrx_word' id='word_1_180' title='bbox 429 2869 507 2943; x_wconf 79' lang='grc' dir='ltr'>ἣτήν</span> <span class='ocrx_word' id='word_1_181' title='bbox 517 2895 545 2928; x_wconf 83' lang='grc' dir='ltr'>τε</span> <span class='ocrx_word' id='word_1_182' title='bbox 556 2871 692 2944; x_wconf 74' lang='grc' dir='ltr'>ὑμετέραν</span> <span class='ocrx_word' id='word_1_183' title='bbox 705 2880 776 2941; x_wconf 78' lang='lat' dir='ltr'>(scil.</span> 
     </span>
     <span class='ocr_line' id='line_1_34' title="bbox 234 2943 775 3014; baseline 0.002 -14"><span class='ocrx_word' id='word_1_184' title='bbox 234 2948 331 3013; x_wconf 83' lang='grc' dir='ltr'>πόλιν)</span> <span class='ocrx_word' id='word_1_185' title='bbox 343 2944 391 2998; x_wconf 82' lang='grc' dir='ltr'>καὶ</span> <span class='ocrx_word' id='word_1_186' title='bbox 404 2944 487 3013; x_wconf 77' lang='grc' dir='ltr'>τήνδ’</span> <span class='ocrx_word' id='word_1_187' title='bbox 501 2943 589 3014; x_wconf 74' lang='grc' dir='ltr'><em>ἔλαχε.</em></span> <span class='ocrx_word' id='word_1_188' title='bbox 620 2950 683 2999; x_wconf 88' lang='lat' dir='ltr'>Vid.</span> <span class='ocrx_word' id='word_1_189' title='bbox 698 2949 728 2998; x_wconf 84' lang='lat' dir='ltr'>O.</span> <span class='ocrx_word' id='word_1_190' title='bbox 743 2951 775 3002; x_wconf 82' lang='lat' dir='ltr'>F.</span> 
     </span>
     <span class='ocr_line' id='line_1_35' title="bbox 234 3017 775 3070; baseline -0.007 0"><span class='ocrx_word' id='word_1_191' title='bbox 234 3021 388 3070; x_wconf 87' lang='lat' dir='ltr'>Hermann:</span> <span class='ocrx_word' id='word_1_192' title='bbox 403 3018 611 3069; x_wconf 85' lang='lat' dir='ltr'>Gottesdienstl</span> <span class='ocrx_word' id='word_1_193' title='bbox 623 3017 737 3068; x_wconf 78' lang='lat' dir='ltr'>Alterth.</span> <span class='ocrx_word' id='word_1_194' title='bbox 749 3017 775 3067; x_wconf 88' lang='lat' dir='ltr'>d.</span> 
     </span>
     <span class='ocr_line' id='line_1_36' title="bbox 235 3088 776 3151; baseline -0.004 -13"><span class='ocrx_word' id='word_1_195' title='bbox 235 3088 343 3139; x_wconf 85' lang='lat' dir='ltr'>Griecb.</span> <span class='ocrx_word' id='word_1_196' title='bbox 364 3091 389 3150; x_wconf 67' lang='grc'>5.</span> <span class='ocrx_word' id='word_1_197' title='bbox 404 3088 447 3137; x_wconf 76' lang='lat'>&#39;20-</span> <span class='ocrx_word' id='word_1_198' title='bbox 461 3092 518 3141; x_wconf 87' lang='lat' dir='ltr'>not.</span> <span class='ocrx_word' id='word_1_199' title='bbox 538 3089 561 3137; x_wconf 92' lang='lat' dir='ltr'>l.</span> <span class='ocrx_word' id='word_1_200' title='bbox 600 3088 679 3137; x_wconf 84' lang='lat' dir='ltr'>Hanc</span> <span class='ocrx_word' id='word_1_201' title='bbox 694 3088 776 3151; x_wconf 90' lang='lat' dir='ltr'>igitur</span> 
     </span>
     <span class='ocr_line' id='line_1_37' title="bbox 234 3157 776 3220; baseline -0.004 -12"><span class='ocrx_word' id='word_1_202' title='bbox 234 3160 400 3209; x_wconf 80' lang='lat' dir='ltr'>Graecorum</span> <span class='ocrx_word' id='word_1_203' title='bbox 417 3157 571 3220; x_wconf 87' lang='lat' dir='ltr'>opinionem</span> <span class='ocrx_word' id='word_1_204' title='bbox 587 3157 620 3208; x_wconf 88' lang='lat' dir='ltr'>de</span> <span class='ocrx_word' id='word_1_205' title='bbox 634 3157 687 3206; x_wconf 86' lang='lat' dir='ltr'>diis</span> <span class='ocrx_word' id='word_1_206' title='bbox 704 3163 776 3207; x_wconf 88' lang='lat' dir='ltr'>tute-</span> 
     </span>
     <span class='ocr_line' id='line_1_38' title="bbox 234 3225 777 3289; baseline -0.002 -12"><span class='ocrx_word' id='word_1_207' title='bbox 234 3227 336 3278; x_wconf 80' lang='lat' dir='ltr'>laribus</span> <span class='ocrx_word' id='word_1_208' title='bbox 348 3225 467 3289; x_wconf 83' lang='lat' dir='ltr'>aliquom</span> <span class='ocrx_word' id='word_1_209' title='bbox 478 3227 612 3289; x_wconf 78' lang='lat' dir='ltr'>regionem</span> <span class='ocrx_word' id='word_1_210' title='bbox 626 3228 732 3277; x_wconf 87' lang='lat' dir='ltr'>sortitis</span> <span class='ocrx_word' id='word_1_211' title='bbox 742 3226 777 3276; x_wconf 87' lang='lat' dir='ltr'>ad</span> 
     </span>
     <span class='ocr_line' id='line_1_39' title="bbox 233 3295 777 3361; baseline -0.004 -13"><span class='ocrx_word' id='word_1_212' title='bbox 233 3301 333 3348; x_wconf 84' lang='lat' dir='ltr'>Persas</span> <span class='ocrx_word' id='word_1_213' title='bbox 344 3296 541 3361; x_wconf 84' lang='lat' dir='ltr'>quodammodo</span> <span class='ocrx_word' id='word_1_214' title='bbox 552 3295 712 3346; x_wconf 86' lang='lat' dir='ltr'>translatam</span> <span class='ocrx_word' id='word_1_215' title='bbox 723 3297 777 3347; x_wconf 77' lang='lat' dir='ltr'>exi·</span> 
     </span>
     <span class='ocr_line' id='line_1_40' title="bbox 234 3365 777 3430; baseline -0.006 -12"><span class='ocrx_word' id='word_1_216' title='bbox 234 3367 340 3428; x_wconf 78' lang='lat' dir='ltr'>stirpes,</span> <span class='ocrx_word' id='word_1_217' title='bbox 356 3365 427 3429; x_wconf 87' lang='lat' dir='ltr'>apud</span> <span class='ocrx_word' id='word_1_218' title='bbox 439 3381 506 3429; x_wconf 88' lang='lat' dir='ltr'>quos</span> <span class='ocrx_word' id='word_1_219' title='bbox 519 3368 563 3430; x_wconf 89' lang='lat' dir='ltr'>qui</span> <span class='ocrx_word' id='word_1_220' title='bbox 574 3372 708 3417; x_wconf 84' lang='lat' dir='ltr'>vocantur</span> <span class='ocrx_word' id='word_1_221' title='bbox 718 3367 777 3415; x_wconf 83' lang='lat' dir='ltr'>Arn-</span> 
     </span>
     <span class='ocr_line' id='line_1_41' title="bbox 234 3434 777 3499; baseline -0.004 -12"><span class='ocrx_word' id='word_1_222' title='bbox 234 3435 406 3499; x_wconf 63' lang='lat' dir='ltr'>redamando,</span> <span class='ocrx_word' id='word_1_223' title='bbox 434 3450 481 3484; x_wconf 87' lang='lat' dir='ltr'>eos</span> <span class='ocrx_word' id='word_1_224' title='bbox 509 3434 582 3485; x_wconf 88' lang='lat' dir='ltr'>bsud</span> <span class='ocrx_word' id='word_1_225' title='bbox 607 3437 777 3486; x_wconf 86' lang='lat' dir='ltr'>incommode</span> 
     </span>
     <span class='ocr_line' id='line_1_42' title="bbox 235 3504 777 3570; baseline 0 -15"><span class='ocrx_word' id='word_1_226' title='bbox 235 3507 287 3557; x_wconf 88' lang='lat' dir='ltr'>huc</span> <span class='ocrx_word' id='word_1_227' title='bbox 307 3505 392 3554; x_wconf 81' lang='lat' dir='ltr'>traxit</span> <span class='ocrx_word' id='word_1_228' title='bbox 410 3504 528 3555; x_wconf 81' lang='lat' dir='ltr'>Kleulrer</span> <span class='ocrx_word' id='word_1_229' title='bbox 555 3507 582 3554; x_wconf 90' lang='lat' dir='ltr'>iu</span> <span class='ocrx_word' id='word_1_230' title='bbox 600 3506 724 3570; x_wconf 80' lang='lat' dir='ltr'>Append.</span> <span class='ocrx_word' id='word_1_231' title='bbox 742 3505 777 3556; x_wconf 92' lang='lat' dir='ltr'>ad</span> 
     </span>
     <span class='ocr_line' id='line_1_43' title="bbox 235 3574 777 3640; baseline 0 -14"><span class='ocrx_word' id='word_1_232' title='bbox 235 3574 398 3627; x_wconf 84' lang='lat' dir='ltr'>Zeudavest.</span> <span class='ocrx_word' id='word_1_233' title='bbox 420 3574 471 3624; x_wconf 87' lang='lat'><em>111.</em></span> <span class='ocrx_word' id='word_1_234' title='bbox 486 3591 550 3640; x_wconf 80' lang='lat' dir='ltr'>pag.</span> <span class='ocrx_word' id='word_1_235' title='bbox 565 3578 607 3626; x_wconf 75' lang='lat'>24.</span> <span class='ocrx_word' id='word_1_236' title='bbox 639 3578 692 3638; x_wconf 79' lang='lat' dir='ltr'>Qui</span> <span class='ocrx_word' id='word_1_237' title='bbox 710 3592 777 3626; x_wconf 87' lang='lat' dir='ltr'>sane</span> 
     </span>
     <span class='ocr_line' id='line_1_44' title="bbox 236 3643 777 3710; baseline -0.002 -15"><span class='ocrx_word' id='word_1_238' title='bbox 236 3645 345 3695; x_wconf 84' lang='lat' dir='ltr'>maximi</span> <span class='ocrx_word' id='word_1_239' title='bbox 358 3643 430 3708; x_wconf 87' lang='lat' dir='ltr'>apud</span> <span class='ocrx_word' id='word_1_240' title='bbox 444 3645 542 3694; x_wconf 80' lang='lat' dir='ltr'>Persas</span> <span class='ocrx_word' id='word_1_241' title='bbox 554 3643 689 3695; x_wconf 77' lang='lat' dir='ltr'>habentur</span> <span class='ocrx_word' id='word_1_242' title='bbox 704 3646 777 3710; x_wconf 88' lang='lat' dir='ltr'>genii</span> 
     </span>
     <span class='ocr_line' id='line_1_45' title="bbox 237 3713 777 3779; baseline -0.002 -13"><span class='ocrx_word' id='word_1_243' title='bbox 237 3718 295 3766; x_wconf 87' lang='lat' dir='ltr'>sive</span> <span class='ocrx_word' id='word_1_244' title='bbox 308 3714 360 3776; x_wconf 88' lang='lat' dir='ltr'>dii,</span> <span class='ocrx_word' id='word_1_245' title='bbox 377 3713 488 3779; x_wconf 90' lang='lat' dir='ltr'>reliquis</span> <span class='ocrx_word' id='word_1_246' title='bbox 500 3715 586 3779; x_wconf 84' lang='lat' dir='ltr'>geniis</span> <span class='ocrx_word' id='word_1_247' title='bbox 601 3715 777 3766; x_wconf 85' lang='lat' dir='ltr'>inferioribus</span> 
     </span>
     <span class='ocr_line' id='line_1_46' title="bbox 237 3784 780 3849; baseline 0.002 -16"><span class='ocrx_word' id='word_1_248' title='bbox 237 3788 318 3849; x_wconf 88' lang='lat' dir='ltr'>quasi</span> <span class='ocrx_word' id='word_1_249' title='bbox 333 3784 480 3848; x_wconf 84' lang='lat' dir='ltr'>praelecti,</span> <span class='ocrx_word' id='word_1_250' title='bbox 500 3785 585 3835; x_wconf 88' lang='lat' dir='ltr'>totius</span> <span class='ocrx_word' id='word_1_251' title='bbox 602 3787 675 3835; x_wconf 92' lang='lat' dir='ltr'>orbis</span> <span class='ocrx_word' id='word_1_252' title='bbox 694 3791 780 3835; x_wconf 86' lang='lat' dir='ltr'>terra-</span> 
     </span>
     <span class='ocr_line' id='line_1_47' title="bbox 236 3854 778 3915; baseline -0.002 -12"><span class='ocrx_word' id='word_1_253' title='bbox 236 3870 295 3903; x_wconf 88' lang='lat' dir='ltr'>rum</span> <span class='ocrx_word' id='word_1_254' title='bbox 310 3869 401 3904; x_wconf 86' lang='lat' dir='ltr'>curam</span> <span class='ocrx_word' id='word_1_255' title='bbox 416 3855 487 3905; x_wconf 91' lang='lat' dir='ltr'>inter</span> <span class='ocrx_word' id='word_1_256' title='bbox 498 3871 527 3905; x_wconf 87' lang='lat' dir='ltr'>se</span> <span class='ocrx_word' id='word_1_257' title='bbox 541 3854 658 3905; x_wconf 85' lang='lat' dir='ltr'>divisam</span> <span class='ocrx_word' id='word_1_258' title='bbox 675 3854 778 3915; x_wconf 84' lang='lat' dir='ltr'>sortiti,</span> 
     </span>
     <span class='ocr_line' id='line_1_48' title="bbox 238 3924 778 3988; baseline 0.002 -16"><span class='ocrx_word' id='word_1_259' title='bbox 238 3926 279 3973; x_wconf 86' lang='lat' dir='ltr'>ita</span> <span class='ocrx_word' id='word_1_260' title='bbox 291 3929 322 3973; x_wconf 89' lang='lat' dir='ltr'>ut</span> <span class='ocrx_word' id='word_1_261' title='bbox 337 3924 428 3973; x_wconf 88' lang='lat' dir='ltr'>omnia</span> <span class='ocrx_word' id='word_1_262' title='bbox 446 3924 474 3974; x_wconf 90' lang='lat' dir='ltr'>in</span> <span class='ocrx_word' id='word_1_263' title='bbox 492 3925 572 3975; x_wconf 88' lang='lat' dir='ltr'>terris</span> <span class='ocrx_word' id='word_1_264' title='bbox 585 3925 620 3974; x_wconf 92' lang='lat' dir='ltr'>ab</span> <span class='ocrx_word' id='word_1_265' title='bbox 638 3926 706 3988; x_wconf 89' lang='lat' dir='ltr'>ipsis</span> <span class='ocrx_word' id='word_1_266' title='bbox 719 3925 778 3988; x_wconf 82' lang='lat' dir='ltr'>regi</span> 
     </span>
     <span class='ocr_line' id='line_1_49' title="bbox 238 3994 779 4059; baseline 0.002 -16"><span class='ocrx_word' id='word_1_267' title='bbox 238 4000 320 4058; x_wconf 88' lang='lat' dir='ltr'>atque</span> <span class='ocrx_word' id='word_1_268' title='bbox 329 3994 459 4044; x_wconf 84' lang='lat' dir='ltr'>constitui</span> <span class='ocrx_word' id='word_1_269' title='bbox 470 3998 608 4058; x_wconf 86' lang='lat' dir='ltr'>putentur.</span> <span class='ocrx_word' id='word_1_270' title='bbox 629 3996 669 4043; x_wconf 89' lang='lat' dir='ltr'>De</span> <span class='ocrx_word' id='word_1_271' title='bbox 681 3995 779 4059; x_wconf 89' lang='lat' dir='ltr'>quibus</span> 
     </span>
     <span class='ocr_line' id='line_1_50' title="bbox 238 4063 778 4127; baseline 0.002 -14"><span class='ocrx_word' id='word_1_272' title='bbox 238 4064 323 4114; x_wconf 87' lang='lat' dir='ltr'>multa</span> <span class='ocrx_word' id='word_1_273' title='bbox 336 4063 442 4114; x_wconf 81' lang='lat' dir='ltr'>Rhode:</span> <span class='ocrx_word' id='word_1_274' title='bbox 463 4065 514 4114; x_wconf 89' lang='lat' dir='ltr'>Die</span> <span class='ocrx_word' id='word_1_275' title='bbox 532 4064 632 4127; x_wconf 86' lang='lat' dir='ltr'>beiligc</span> <span class='ocrx_word' id='word_1_276' title='bbox 646 4066 717 4127; x_wconf 76' lang='lat' dir='ltr'>Sage</span> <span class='ocrx_word' id='word_1_277' title='bbox 731 4064 778 4114; x_wconf 88' lang='lat' dir='ltr'>des</span> 
     </span>
     <span class='ocr_line' id='line_1_51' title="bbox 237 4133 779 4199; baseline -0.007 -14"><span class='ocrx_word' id='word_1_278' title='bbox 237 4133 390 4185; x_wconf 78' lang='lat' dir='ltr'>Zendvollrs</span> <span class='ocrx_word' id='word_1_279' title='bbox 410 4150 471 4199; x_wconf 90' lang='lat' dir='ltr'>pug.</span> <span class='ocrx_word' id='word_1_280' title='bbox 488 4133 538 4185; x_wconf 86' lang='grc'>315</span> <span class='ocrx_word' id='word_1_281' title='bbox 550 4150 624 4199; x_wconf 84' lang='lat' dir='ltr'>seqq.</span> <span class='ocrx_word' id='word_1_282' title='bbox 662 4134 779 4196; x_wconf 80' lang='lat' dir='ltr'>Quibus-</span> 
     </span>
     <span class='ocr_line' id='line_1_52' title="bbox 238 4203 780 4254; baseline -0.009 0"><span class='ocrx_word' id='word_1_283' title='bbox 238 4220 298 4254; x_wconf 94' lang='lat' dir='ltr'>cum</span> <span class='ocrx_word' id='word_1_284' title='bbox 322 4219 387 4253; x_wconf 84' lang='lat' dir='ltr'>sane</span> <span class='ocrx_word' id='word_1_285' title='bbox 411 4204 578 4253; x_wconf 90' lang='lat' dir='ltr'>conveniunt</span> <span class='ocrx_word' id='word_1_286' title='bbox 600 4219 695 4253; x_wconf 84' lang='lat' dir='ltr'>sacrae</span> <span class='ocrx_word' id='word_1_287' title='bbox 716 4203 780 4252; x_wconf 89' lang='lat' dir='ltr'>scri·</span> 
     </span>
     <span class='ocr_line' id='line_1_53' title="bbox 239 4271 780 4359; baseline -0.006 -35"><span class='ocrx_word' id='word_1_288' title='bbox 239 4279 334 4338; x_wconf 89' lang='lat' dir='ltr'>pturac</span> <span class='ocrx_word' id='word_1_289' title='bbox 347 4271 494 4337; x_wconf 76' lang='lat' dir='ltr'>orcbaupeli</span> <span class='ocrx_word' id='word_1_290' title='bbox 504 4273 562 4324; x_wconf 84' lang='lat' dir='ltr'>sive</span> <span class='ocrx_word' id='word_1_291' title='bbox 572 4275 665 4359; x_wconf 52' lang='lat' dir='ltr'>mli),</span> <span class='ocrx_word' id='word_1_292' title='bbox 679 4274 723 4337; x_wconf 91' lang='lat' dir='ltr'>qui</span> <span class='ocrx_word' id='word_1_293' title='bbox 736 4272 780 4321; x_wconf 91' lang='lat' dir='ltr'>dei</span> 
     </span>
    </p>
   </div>
   <div class='ocr_carea' id='block_1_5' title="bbox 238 4359 781 4493">
    <p class='ocr_par' dir='ltr' id='par_1_5' title="bbox 238 4359 781 4493">
     <span class='ocr_line' id='line_1_54' title="bbox 238 4359 781 4423; baseline -0.004 -15"><span class='ocrx_word' id='word_1_294' title='bbox 238 4360 314 4409; x_wconf 90' lang='lat' dir='ltr'>iussu</span> <span class='ocrx_word' id='word_1_295' title='bbox 330 4359 438 4423; x_wconf 87' lang='lat' dir='ltr'>singula</span> <span class='ocrx_word' id='word_1_296' title='bbox 458 4375 541 4423; x_wconf 87' lang='lat' dir='ltr'>regna</span> <span class='ocrx_word' id='word_1_297' title='bbox 555 4365 704 4423; x_wconf 81' lang='lat' dir='ltr'>gentesque</span> <span class='ocrx_word' id='word_1_298' title='bbox 723 4374 781 4409; x_wconf 89' lang='lat' dir='ltr'>sor-</span> 
     </span>
     <span class='ocr_line' id='line_1_55' title="bbox 238 4430 780 4493; baseline -0.002 -15"><span class='ocrx_word' id='word_1_299' title='bbox 238 4430 283 4479; x_wconf 89' lang='lat' dir='ltr'>titi</span> <span class='ocrx_word' id='word_1_300' title='bbox 308 4434 435 4478; x_wconf 87' lang='lat' dir='ltr'>tueantur</span> <span class='ocrx_word' id='word_1_301' title='bbox 459 4444 603 4493; x_wconf 84' lang='lat' dir='ltr'>eurumque</span> <span class='ocrx_word' id='word_1_302' title='bbox 625 4444 667 4478; x_wconf 88' lang='lat' dir='ltr'>res</span> <span class='ocrx_word' id='word_1_303' title='bbox 688 4444 780 4479; x_wconf 88' lang='lat' dir='ltr'>coram</span> 
     </span>
    </p>
   </div>
   <div class='ocr_carea' id='block_1_6' title="bbox 820 1069 1364 1850">
    <p class='ocr_par' dir='ltr' id='par_1_6' title="bbox 820 1069 1364 1850">
     <span class='ocr_line' id='line_1_56' title="bbox 821 1069 1364 1136; baseline 0.004 -15"><span class='ocrx_word' id='word_1_304' title='bbox 821 1071 872 1122; x_wconf 86' lang='lat' dir='ltr'>deo</span> <span class='ocrx_word' id='word_1_305' title='bbox 887 1076 1029 1135; x_wconf 82' lang='lat' dir='ltr'>peragunt.</span> <span class='ocrx_word' id='word_1_306' title='bbox 1044 1072 1091 1136; x_wconf 89' lang='lat' dir='ltr'>qui</span> <span class='ocrx_word' id='word_1_307' title='bbox 1103 1071 1162 1134; x_wconf 89' lang='lat' dir='ltr'>ipse</span> <span class='ocrx_word' id='word_1_308' title='bbox 1173 1069 1237 1120; x_wconf 89' lang='lat' dir='ltr'>hinc</span> <span class='ocrx_word' id='word_1_309' title='bbox 1249 1080 1364 1123; x_wconf 80' lang='lat' dir='ltr'>vocatur</span> 
     </span>
     <span class='ocr_line' id='line_1_57' title="bbox 820 1141 1364 1226; baseline 0.006 -39"><span class='ocrx_word' id='word_1_310' title='bbox 820 1143 994 1226; x_wconf 44' lang='lat' dir='ltr'>new-¹7³9,</span> <span class='ocrx_word' id='word_1_311' title='bbox 1021 1141 1039 1194; x_wconf 87' lang='lat' dir='ltr'>i.</span> <span class='ocrx_word' id='word_1_312' title='bbox 1062 1156 1085 1192; x_wconf 91' lang='lat' dir='ltr'>e.</span> <span class='ocrx_word' id='word_1_313' title='bbox 1107 1142 1247 1204; x_wconf 82' lang='lat' dir='ltr'>principum</span> <span class='ocrx_word' id='word_1_314' title='bbox 1270 1158 1291 1190; x_wconf 90' lang='lat' dir='ltr'>s.</span> <span class='ocrx_word' id='word_1_315' title='bbox 1315 1144 1364 1195; x_wconf 82' lang='lat' dir='ltr'>Ar,</span> 
     </span>
     <span class='ocr_line' id='line_1_58' title="bbox 821 1227 1362 1291; baseline 0.002 -15"><span class='ocrx_word' id='word_1_316' title='bbox 821 1227 997 1290; x_wconf 78' lang='lat' dir='ltr'>cbcnpelorum</span> <span class='ocrx_word' id='word_1_317' title='bbox 1018 1229 1137 1290; x_wconf 85' lang='lat' dir='ltr'>princeps</span> <span class='ocrx_word' id='word_1_318' title='bbox 1161 1227 1233 1291; x_wconf 86' lang='lat' dir='ltr'>apud</span> <span class='ocrx_word' id='word_1_319' title='bbox 1256 1228 1362 1279; x_wconf 78' lang='lat' dir='ltr'>Daniel.</span> 
     </span>
     <span class='ocr_line' id='line_1_59' title="bbox 822 1296 1362 1358; baseline 0.004 -13"><span class='ocrx_word' id='word_1_320' title='bbox 822 1296 899 1357; x_wconf 87' lang='lat' dir='ltr'>Vlll,</span> <span class='ocrx_word' id='word_1_321' title='bbox 916 1297 957 1346; x_wconf 76' lang='lat'>²5.</span> <span class='ocrx_word' id='word_1_322' title='bbox 986 1297 1028 1346; x_wconf 87' lang='lat' dir='ltr'>Tu</span> <span class='ocrx_word' id='word_1_323' title='bbox 1041 1297 1097 1346; x_wconf 83' lang='lat' dir='ltr'>vid.</span> <span class='ocrx_word' id='word_1_324' title='bbox 1111 1296 1211 1345; x_wconf 86' lang='lat' dir='ltr'>ibidem</span> <span class='ocrx_word' id='word_1_325' title='bbox 1222 1298 1257 1358; x_wconf 81' lang='lat' dir='ltr'>X,</span> <span class='ocrx_word' id='word_1_326' title='bbox 1270 1298 1309 1349; x_wconf 83' lang='grc'>13.</span> <span class='ocrx_word' id='word_1_327' title='bbox 1320 1300 1362 1348; x_wconf 75' lang='grc'>21.</span> 
     </span>
     <span class='ocr_line' id='line_1_60' title="bbox 822 1366 1363 1431; baseline 0.002 -15"><span class='ocrx_word' id='word_1_328' title='bbox 822 1366 891 1425; x_wconf 84' lang='lat' dir='ltr'>Xll,</span> <span class='ocrx_word' id='word_1_329' title='bbox 908 1367 930 1418; x_wconf 86' lang='lat' dir='ltr'>l.</span> <span class='ocrx_word' id='word_1_330' title='bbox 962 1367 1056 1431; x_wconf 82' lang='lat' dir='ltr'>quue</span> <span class='ocrx_word' id='word_1_331' title='bbox 1071 1366 1153 1417; x_wconf 89' lang='lat' dir='ltr'>etiam</span> <span class='ocrx_word' id='word_1_332' title='bbox 1167 1366 1213 1415; x_wconf 83' lang='lat' dir='ltr'>illa</span> <span class='ocrx_word' id='word_1_333' title='bbox 1231 1368 1363 1430; x_wconf 84' lang='lat' dir='ltr'>pertinere</span> 
     </span>
     <span class='ocr_line' id='line_1_61' title="bbox 822 1436 1362 1503; baseline 0.006 -20"><span class='ocrx_word' id='word_1_334' title='bbox 822 1436 923 1485; x_wconf 86' lang='lat' dir='ltr'>dicitur</span> <span class='ocrx_word' id='word_1_335' title='bbox 936 1436 1097 1486; x_wconf 86' lang='lat' dir='ltr'>ludaeorum</span> <span class='ocrx_word' id='word_1_336' title='bbox 1111 1436 1287 1499; x_wconf 84' lang='lat' dir='ltr'>superstitio,</span> <span class='ocrx_word' id='word_1_337' title='bbox 1302 1453 1362 1503; x_wconf 86' lang='lat' dir='ltr'>qua,</span> 
     </span>
     <span class='ocr_line' id='line_1_62' title="bbox 823 1506 1363 1569; baseline 0.004 -15"><span class='ocrx_word' id='word_1_338' title='bbox 823 1520 884 1554; x_wconf 90' lang='lat' dir='ltr'>cnm</span> <span class='ocrx_word' id='word_1_339' title='bbox 895 1506 1070 1569; x_wconf 75' lang='lat' dir='ltr'>septuaginta</span> <span class='ocrx_word' id='word_1_340' title='bbox 1079 1510 1168 1556; x_wconf 87' lang='lat' dir='ltr'>terrae</span> <span class='ocrx_word' id='word_1_341' title='bbox 1180 1507 1265 1557; x_wconf 90' lang='lat' dir='ltr'>totius</span> <span class='ocrx_word' id='word_1_342' title='bbox 1278 1509 1363 1557; x_wconf 81' lang='lat' dir='ltr'>natio</span> 
     </span>
     <span class='ocr_line' id='line_1_63' title="bbox 824 1576 1363 1641; baseline 0.004 -18"><span class='ocrx_word' id='word_1_343' title='bbox 824 1590 871 1625; x_wconf 88' lang='lat' dir='ltr'>nes</span> <span class='ocrx_word' id='word_1_344' title='bbox 883 1576 1061 1631; x_wconf 87' lang='lat' dir='ltr'>statuissent,</span> <span class='ocrx_word' id='word_1_345' title='bbox 1073 1577 1249 1639; x_wconf 75' lang='lat' dir='ltr'>septuaginta</span> <span class='ocrx_word' id='word_1_346' title='bbox 1260 1592 1363 1641; x_wconf 85' lang='lat' dir='ltr'>quoqne</span> 
     </span>
     <span class='ocr_line' id='line_1_64' title="bbox 825 1645 1363 1710; baseline 0.004 -17"><span class='ocrx_word' id='word_1_347' title='bbox 825 1645 951 1709; x_wconf 82' lang='lat' dir='ltr'>angelos,</span> <span class='ocrx_word' id='word_1_348' title='bbox 968 1646 1015 1709; x_wconf 87' lang='lat' dir='ltr'>qni</span> <span class='ocrx_word' id='word_1_349' title='bbox 1029 1645 1128 1710; x_wconf 89' lang='lat' dir='ltr'>singuli</span> <span class='ocrx_word' id='word_1_350' title='bbox 1150 1646 1265 1710; x_wconf 81' lang='lat' dir='ltr'>siugulis</span> <span class='ocrx_word' id='word_1_351' title='bbox 1279 1648 1363 1695; x_wconf 88' lang='lat' dir='ltr'>natio·</span> 
     </span>
     <span class='ocr_line' id='line_1_65' title="bbox 824 1716 1361 1780; baseline 0 -17"><span class='ocrx_word' id='word_1_352' title='bbox 824 1716 903 1764; x_wconf 90' lang='lat' dir='ltr'>nibus</span> <span class='ocrx_word' id='word_1_353' title='bbox 916 1719 1084 1780; x_wconf 82' lang='lat' dir='ltr'>praeessent,</span> <span class='ocrx_word' id='word_1_354' title='bbox 1097 1720 1263 1765; x_wconf 88' lang='lat' dir='ltr'>statuerunt.</span> <span class='ocrx_word' id='word_1_355' title='bbox 1288 1716 1361 1766; x_wconf 73' lang='lat' dir='ltr'>(¹oni.</span> 
     </span>
     <span class='ocr_line' id='line_1_66' title="bbox 825 1783 1362 1850; baseline -0.002 -17"><span class='ocrx_word' id='word_1_356' title='bbox 825 1784 1012 1848; x_wconf 78' lang='lat' dir='ltr'>(lenes.ll1,7.</span> <span class='ocrx_word' id='word_1_357' title='bbox 1029 1783 1099 1835; x_wconf 85' lang='lat' dir='ltr'>Phil.</span> <span class='ocrx_word' id='word_1_358' title='bbox 1107 1786 1176 1849; x_wconf 89' lang='lat' dir='ltr'>Opp.</span> <span class='ocrx_word' id='word_1_359' title='bbox 1187 1785 1224 1838; x_wconf 86' lang='lat'>11.</span> <span class='ocrx_word' id='word_1_360' title='bbox 1234 1788 1362 1850; x_wconf 58' lang='lat' dir='ltr'>pegusa.</span> 
     </span>
    </p>
   </div>
   <div class='ocr_carea' id='block_1_7' title="bbox 1017 1957 1176 2010">
    <p class='ocr_par' dir='ltr' id='par_1_7' title="bbox 1017 1957 1176 2010">
     <span class='ocr_line' id='line_1_67' title="bbox 1017 1957 1176 2010; baseline -0.019 -3"><span class='ocrx_word' id='word_1_361' title='bbox 1017 1957 1083 2010; x_wconf 82' lang='lat' dir='ltr'>Car.</span> <span class='ocrx_word' id='word_1_362' title='bbox 1104 1957 1176 2008; x_wconf 86' lang='lat' dir='ltr'>LIV.</span> 
     </span>
    </p>
   </div>
   <div class='ocr_carea' id='block_1_8' title="bbox 824 2052 1372 4495">
    <p class='ocr_par' dir='ltr' id='par_1_8' title="bbox 824 2052 1364 2319">
     <span class='ocr_line' id='line_1_68' title="bbox 861 2052 1362 2124; baseline 0.008 -18"><span class='ocrx_word' id='word_1_363' title='bbox 861 2052 1115 2124; x_wconf 77' lang='grc' dir='ltr'>παρεσκευάζοντο]</span> <span class='ocrx_word' id='word_1_364' title='bbox 1137 2062 1276 2112; x_wconf 79' lang='lat' dir='ltr'>Revocavi</span> <span class='ocrx_word' id='word_1_365' title='bbox 1293 2061 1362 2110; x_wconf 85' lang='lat' dir='ltr'>ides</span> 
     </span>
     <span class='ocr_line' id='line_1_69' title="bbox 825 2128 1364 2195; baseline 0.002 -17"><span class='ocrx_word' id='word_1_366' title='bbox 825 2128 939 2187; x_wconf 81' lang='lat' dir='ltr'>Aldina,</span> <span class='ocrx_word' id='word_1_367' title='bbox 962 2146 1022 2180; x_wconf 90' lang='lat' dir='ltr'>cum</span> <span class='ocrx_word' id='word_1_368' title='bbox 1039 2130 1148 2195; x_wconf 85' lang='lat' dir='ltr'>plurimi</span> <span class='ocrx_word' id='word_1_369' title='bbox 1166 2130 1228 2180; x_wconf 91' lang='lat' dir='ltr'>libri</span> <span class='ocrx_word' id='word_1_370' title='bbox 1250 2131 1364 2180; x_wconf 81' lang='lat' dir='ltr'>afferant</span> 
     </span>
     <span class='ocr_line' id='line_1_70' title="bbox 826 2197 1364 2265; baseline 0.009 -20"><span class='ocrx_word' id='word_1_371' title='bbox 826 2197 1099 2262; x_wconf 71' lang='grc' dir='ltr'>παρασκιυοζσντσς</span> <span class='ocrx_word' id='word_1_372' title='bbox 1123 2200 1179 2253; x_wconf 82' lang='lat' dir='ltr'>vid.</span> <span class='ocrx_word' id='word_1_373' title='bbox 1202 2216 1285 2265; x_wconf 87' lang='lat' dir='ltr'>supra</span> <span class='ocrx_word' id='word_1_374' title='bbox 1304 2201 1364 2263; x_wconf 78' lang='lat' dir='ltr'>vn,</span> 
     </span>
     <span class='ocr_line' id='line_1_71' title="bbox 824 2269 868 2319; baseline 0.068 -4"><span class='ocrx_word' id='word_1_375' title='bbox 824 2269 868 2319; x_wconf 70' lang='lat'><strong>¹25).</strong></span> 
     </span>
    </p>

    <p class='ocr_par' dir='ltr' id='par_1_9' title="bbox 825 2326 1372 3923">
     <span class='ocr_line' id='line_1_72' title="bbox 859 2326 1365 2403; baseline 0.01 -20"><span class='ocrx_word' id='word_1_376' title='bbox 859 2329 998 2397; x_wconf 78' lang='grc' dir='ltr'>ἀνέμενον</span> <span class='ocrx_word' id='word_1_377' title='bbox 1011 2329 1060 2386; x_wconf 81' lang='grc' dir='ltr'>τὸν</span> <span class='ocrx_word' id='word_1_378' title='bbox 1073 2326 1166 2403; x_wconf 74' lang='grc' dir='ltr'>ἥλιον]</span> <span class='ocrx_word' id='word_1_379' title='bbox 1184 2339 1365 2403; x_wconf 77' lang='lat' dir='ltr'>Exspectasse</span> 
     </span>
     <span class='ocr_line' id='line_1_73' title="bbox 825 2405 1365 2459; baseline 0.004 -4"><span class='ocrx_word' id='word_1_380' title='bbox 825 2405 886 2457; x_wconf 90' lang='lat' dir='ltr'>illos</span> <span class='ocrx_word' id='word_1_381' title='bbox 904 2406 962 2457; x_wconf 85' lang='lat' dir='ltr'>vult</span> <span class='ocrx_word' id='word_1_382' title='bbox 978 2406 1096 2457; x_wconf 79' lang='lat' dir='ltr'>Kleulrer</span> <span class='ocrx_word' id='word_1_383' title='bbox 1115 2407 1134 2457; x_wconf 86' lang='lat' dir='ltr'>l.</span> <span class='ocrx_word' id='word_1_384' title='bbox 1156 2407 1173 2457; x_wconf 95' lang='lat' dir='ltr'>l.</span> <span class='ocrx_word' id='word_1_385' title='bbox 1192 2409 1258 2458; x_wconf 87' lang='lat' dir='ltr'>solis</span> <span class='ocrx_word' id='word_1_386' title='bbox 1278 2414 1365 2459; x_wconf 90' lang='lat' dir='ltr'>ortum</span> 
     </span>
     <span class='ocr_line' id='line_1_74' title="bbox 826 2476 1366 2542; baseline -0.002 -16"><span class='ocrx_word' id='word_1_387' title='bbox 826 2482 856 2526; x_wconf 90' lang='lat' dir='ltr'>ut</span> <span class='ocrx_word' id='word_1_388' title='bbox 866 2476 1053 2541; x_wconf 80' lang='lat' dir='ltr'>proficiscendi</span> <span class='ocrx_word' id='word_1_389' title='bbox 1063 2477 1185 2542; x_wconf 80' lang='lat' dir='ltr'>signum,</span> <span class='ocrx_word' id='word_1_390' title='bbox 1199 2478 1298 2541; x_wconf 88' lang='lat' dir='ltr'>quippe</span> <span class='ocrx_word' id='word_1_391' title='bbox 1310 2478 1366 2542; x_wconf 90' lang='lat' dir='ltr'>qui·</span> 
     </span>
     <span class='ocr_line' id='line_1_75' title="bbox 825 2544 1365 2612; baseline 0 -17"><span class='ocrx_word' id='word_1_392' title='bbox 825 2546 876 2595; x_wconf 90' lang='lat' dir='ltr'>bus</span> <span class='ocrx_word' id='word_1_393' title='bbox 888 2544 945 2595; x_wconf 86' lang='lat' dir='ltr'>sole</span> <span class='ocrx_word' id='word_1_394' title='bbox 957 2546 1026 2595; x_wconf 89' lang='lat' dir='ltr'>duce</span> <span class='ocrx_word' id='word_1_395' title='bbox 1038 2546 1199 2612; x_wconf 86' lang='lat' dir='ltr'>signumque</span> <span class='ocrx_word' id='word_1_396' title='bbox 1211 2547 1294 2598; x_wconf 84' lang='lat' dir='ltr'>dante</span> <span class='ocrx_word' id='word_1_397' title='bbox 1306 2563 1365 2611; x_wconf 90' lang='lat' dir='ltr'>pro-</span> 
     </span>
     <span class='ocr_line' id='line_1_76' title="bbox 827 2615 1366 2681; baseline 0.002 -17"><span class='ocrx_word' id='word_1_398' title='bbox 827 2616 928 2679; x_wconf 83' lang='lat' dir='ltr'>gressis</span> <span class='ocrx_word' id='word_1_399' title='bbox 942 2616 1033 2665; x_wconf 87' lang='lat' dir='ltr'>omnia</span> <span class='ocrx_word' id='word_1_400' title='bbox 1044 2615 1135 2666; x_wconf 83' lang='lat' dir='ltr'>forent</span> <span class='ocrx_word' id='word_1_401' title='bbox 1147 2631 1286 2681; x_wconf 84' lang='lat' dir='ltr'>prospera.</span> <span class='ocrx_word' id='word_1_402' title='bbox 1314 2617 1366 2678; x_wconf 85' lang='lat' dir='ltr'>Qui</span> 
     </span>
     <span class='ocr_line' id='line_1_77' title="bbox 826 2680 1367 2750; baseline 0.004 -16"><span class='ocrx_word' id='word_1_403' title='bbox 826 2684 911 2747; x_wconf 87' lang='lat' dir='ltr'>idem,</span> <span class='ocrx_word' id='word_1_404' title='bbox 924 2686 969 2736; x_wconf 89' lang='lat' dir='ltr'>nbi</span> <span class='ocrx_word' id='word_1_405' title='bbox 981 2685 1016 2735; x_wconf 87' lang='lat' dir='ltr'>ad</span> <span class='ocrx_word' id='word_1_406' title='bbox 1030 2702 1124 2736; x_wconf 84' lang='lat' dir='ltr'>vocem</span> <span class='ocrx_word' id='word_1_407' title='bbox 1137 2680 1306 2750; x_wconf 73' lang='grc' dir='ltr'>θυμιήματα</span> <span class='ocrx_word' id='word_1_408' title='bbox 1320 2702 1367 2736; x_wconf 91' lang='lat' dir='ltr'>an·</span> 
     </span>
     <span class='ocr_line' id='line_1_78' title="bbox 828 2754 1367 2821; baseline 0.006 -17"><span class='ocrx_word' id='word_1_409' title='bbox 828 2759 922 2817; x_wconf 81' lang='lat' dir='ltr'>notat,</span> <span class='ocrx_word' id='word_1_410' title='bbox 945 2754 1020 2819; x_wconf 82' lang='lat' dir='ltr'>apud</span> <span class='ocrx_word' id='word_1_411' title='bbox 1039 2755 1138 2806; x_wconf 89' lang='lat' dir='ltr'>Persas</span> <span class='ocrx_word' id='word_1_412' title='bbox 1160 2762 1222 2806; x_wconf 83' lang='lat' dir='ltr'>tura</span> <span class='ocrx_word' id='word_1_413' title='bbox 1242 2756 1367 2821; x_wconf 84' lang='lat' dir='ltr'>aliasque</span> 
     </span>
     <span class='ocr_line' id='line_1_79' title="bbox 828 2825 1366 2876; baseline -0.002 -1"><span class='ocrx_word' id='word_1_414' title='bbox 828 2825 961 2875; x_wconf 86' lang='lat' dir='ltr'>eiusmodi</span> <span class='ocrx_word' id='word_1_415' title='bbox 990 2839 1032 2873; x_wconf 87' lang='lat' dir='ltr'>res</span> <span class='ocrx_word' id='word_1_416' title='bbox 1059 2827 1204 2875; x_wconf 74' lang='lat' dir='ltr'>maximam</span> <span class='ocrx_word' id='word_1_417' title='bbox 1228 2841 1366 2876; x_wconf 88' lang='lat' dir='ltr'>sacrorum</span> 
     </span>
     <span class='ocr_line' id='line_1_80' title="bbox 827 2895 1369 2959; baseline -0.004 -14"><span class='ocrx_word' id='word_1_418' title='bbox 827 2895 1005 2945; x_wconf 89' lang='lat' dir='ltr'>constituisse</span> <span class='ocrx_word' id='word_1_419' title='bbox 1039 2900 1158 2959; x_wconf 87' lang='lat' dir='ltr'>partem,</span> <span class='ocrx_word' id='word_1_420' title='bbox 1193 2896 1369 2955; x_wconf 82' lang='lat' dir='ltr'>sacrificium,</span> 
     </span>
     <span class='ocr_line' id='line_1_81' title="bbox 828 2963 1369 3030; baseline -0.002 -16"><span class='ocrx_word' id='word_1_421' title='bbox 828 2963 900 3030; x_wconf 87' lang='lat' dir='ltr'>quod</span> <span class='ocrx_word' id='word_1_422' title='bbox 924 2964 950 3013; x_wconf 87' lang='lat' dir='ltr'>b.</span> <span class='ocrx_word' id='word_1_423' title='bbox 976 2964 995 3012; x_wconf 89' lang='lat' dir='ltr'>l.</span> <span class='ocrx_word' id='word_1_424' title='bbox 1022 2970 1263 3027; x_wconf 84' lang='lat' dir='ltr'>commemoratur,</span> <span class='ocrx_word' id='word_1_425' title='bbox 1300 2966 1369 3015; x_wconf 81' lang='lat' dir='ltr'>mari</span> 
     </span>
     <span class='ocr_line' id='line_1_82' title="bbox 827 3033 1370 3100; baseline 0 -17"><span class='ocrx_word' id='word_1_426' title='bbox 827 3034 912 3085; x_wconf 84' lang='lat' dir='ltr'>fuisse</span> <span class='ocrx_word' id='word_1_427' title='bbox 934 3033 1055 3083; x_wconf 80' lang='lat' dir='ltr'>oblatum</span> <span class='ocrx_word' id='word_1_428' title='bbox 1076 3036 1176 3085; x_wconf 86' lang='lat' dir='ltr'>statuit</span> <span class='ocrx_word' id='word_1_429' title='bbox 1198 3036 1257 3087; x_wconf 85' lang='lat' dir='ltr'>sive</span> <span class='ocrx_word' id='word_1_430' title='bbox 1278 3037 1370 3100; x_wconf 85' lang='lat' dir='ltr'>potius</span> 
     </span>
     <span class='ocr_line' id='line_1_83' title="bbox 827 3104 1371 3169; baseline 0 -16"><span class='ocrx_word' id='word_1_431' title='bbox 827 3119 932 3169; x_wconf 86' lang='lat' dir='ltr'>cquae,</span> <span class='ocrx_word' id='word_1_432' title='bbox 946 3118 1014 3168; x_wconf 88' lang='lat' dir='ltr'>qnae</span> <span class='ocrx_word' id='word_1_433' title='bbox 1026 3108 1089 3167; x_wconf 89' lang='lat' dir='ltr'>post</span> <span class='ocrx_word' id='word_1_434' title='bbox 1098 3104 1188 3169; x_wconf 90' lang='lat' dir='ltr'>ignem</span> <span class='ocrx_word' id='word_1_435' title='bbox 1199 3106 1315 3156; x_wconf 81' lang='lat' dir='ltr'>maxime</span> <span class='ocrx_word' id='word_1_436' title='bbox 1324 3122 1371 3154; x_wconf 88' lang='lat' dir='ltr'>cc-</span> 
     </span>
     <span class='ocr_line' id='line_1_84' title="bbox 826 3172 1369 3225; baseline 0.002 -3"><span class='ocrx_word' id='word_1_437' title='bbox 826 3173 890 3223; x_wconf 87' lang='lat' dir='ltr'>litur</span> <span class='ocrx_word' id='word_1_438' title='bbox 904 3189 920 3223; x_wconf 81' lang='lat' dir='ltr'>a</span> <span class='ocrx_word' id='word_1_439' title='bbox 932 3172 1022 3224; x_wconf 86' lang='lat' dir='ltr'>Persis</span> <span class='ocrx_word' id='word_1_440' title='bbox 1039 3174 1110 3223; x_wconf 89' lang='lat' dir='ltr'>inter</span> <span class='ocrx_word' id='word_1_441' title='bbox 1124 3190 1213 3225; x_wconf 87' lang='lat' dir='ltr'>rernm</span> <span class='ocrx_word' id='word_1_442' title='bbox 1225 3175 1369 3225; x_wconf 85' lang='lat' dir='ltr'>elementa.</span> 
     </span>
     <span class='ocr_line' id='line_1_85' title="bbox 828 3243 1370 3308; baseline 0.004 -15"><span class='ocrx_word' id='word_1_443' title='bbox 828 3245 920 3308; x_wconf 89' lang='lat' dir='ltr'>Bring.</span> <span class='ocrx_word' id='word_1_444' title='bbox 940 3244 968 3291; x_wconf 88' lang='lat' dir='ltr'>in</span> <span class='ocrx_word' id='word_1_445' title='bbox 980 3243 1184 3294; x_wconf 86' lang='lat' dir='ltr'>Dissertatione</span> <span class='ocrx_word' id='word_1_446' title='bbox 1201 3245 1236 3295; x_wconf 86' lang='lat' dir='ltr'>ad</span> <span class='ocrx_word' id='word_1_447' title='bbox 1252 3246 1318 3308; x_wconf 89' lang='lat' dir='ltr'>Vll,</span> <span class='ocrx_word' id='word_1_448' title='bbox 1336 3244 1370 3295; x_wconf 85' lang='grc'>35</span> 
     </span>
     <span class='ocr_line' id='line_1_86' title="bbox 827 3312 1370 3378; baseline -0.002 -16"><span class='ocrx_word' id='word_1_449' title='bbox 827 3313 941 3363; x_wconf 85' lang='lat' dir='ltr'>laudata</span> <span class='ocrx_word' id='word_1_450' title='bbox 959 3328 1020 3375; x_wconf 75' lang='lat' dir='ltr'>pag.</span> <span class='ocrx_word' id='word_1_451' title='bbox 1036 3312 1069 3364; x_wconf 78' lang='lat'>37</span> <span class='ocrx_word' id='word_1_452' title='bbox 1089 3313 1122 3363; x_wconf 83' lang='lat' dir='ltr'>de</span> <span class='ocrx_word' id='word_1_453' title='bbox 1137 3314 1239 3377; x_wconf 87' lang='lat' dir='ltr'>duplici</span> <span class='ocrx_word' id='word_1_454' title='bbox 1260 3314 1305 3364; x_wconf 85' lang='lat' dir='ltr'>hic</span> <span class='ocrx_word' id='word_1_455' title='bbox 1323 3314 1370 3378; x_wconf 84' lang='lat' dir='ltr'>agi</span> 
     </span>
     <span class='ocr_line' id='line_1_87' title="bbox 828 3381 1369 3447; baseline -0.002 -15"><span class='ocrx_word' id='word_1_456' title='bbox 828 3388 906 3447; x_wconf 82' lang='lat' dir='ltr'>putat</span> <span class='ocrx_word' id='word_1_457' title='bbox 919 3381 1065 3446; x_wconf 85' lang='lat' dir='ltr'>sacrificio,</span> <span class='ocrx_word' id='word_1_458' title='bbox 1081 3389 1111 3432; x_wconf 86' lang='lat' dir='ltr'>ut</span> <span class='ocrx_word' id='word_1_459' title='bbox 1126 3388 1190 3433; x_wconf 83' lang='lat' dir='ltr'>ante</span> <span class='ocrx_word' id='word_1_460' title='bbox 1202 3389 1290 3434; x_wconf 90' lang='lat' dir='ltr'>ortum</span> <span class='ocrx_word' id='word_1_461' title='bbox 1303 3383 1369 3435; x_wconf 85' lang='lat' dir='ltr'>solis</span> 
     </span>
     <span class='ocr_line' id='line_1_88' title="bbox 828 3451 1370 3517; baseline 0.004 -17"><span class='ocrx_word' id='word_1_462' title='bbox 828 3451 957 3501; x_wconf 86' lang='lat' dir='ltr'>odoribus</span> <span class='ocrx_word' id='word_1_463' title='bbox 967 3458 994 3501; x_wconf 92' lang='lat' dir='ltr'>et</span> <span class='ocrx_word' id='word_1_464' title='bbox 1003 3458 1091 3515; x_wconf 80' lang='lat' dir='ltr'>myrto</span> <span class='ocrx_word' id='word_1_465' title='bbox 1098 3452 1306 3517; x_wconf 87' lang='lat' dir='ltr'>Hellespontum</span> <span class='ocrx_word' id='word_1_466' title='bbox 1317 3453 1370 3503; x_wconf 91' lang='lat' dir='ltr'>sibi</span> 
     </span>
     <span class='ocr_line' id='line_1_89' title="bbox 828 3521 1371 3587; baseline 0.006 -18"><span class='ocrx_word' id='word_1_467' title='bbox 828 3522 975 3586; x_wconf 89' lang='lat' dir='ltr'>propitium</span> <span class='ocrx_word' id='word_1_468' title='bbox 995 3521 1124 3583; x_wconf 87' lang='lat' dir='ltr'>reddere,</span> <span class='ocrx_word' id='word_1_469' title='bbox 1143 3529 1206 3587; x_wconf 90' lang='lat' dir='ltr'>post</span> <span class='ocrx_word' id='word_1_470' title='bbox 1222 3523 1289 3574; x_wconf 89' lang='lat' dir='ltr'>solis</span> <span class='ocrx_word' id='word_1_471' title='bbox 1306 3538 1371 3573; x_wconf 85' lang='lat' dir='ltr'>vcro</span> 
     </span>
     <span class='ocr_line' id='line_1_90' title="bbox 829 3590 1372 3657; baseline -0.002 -15"><span class='ocrx_word' id='word_1_472' title='bbox 829 3595 917 3642; x_wconf 89' lang='lat' dir='ltr'>ortum</span> <span class='ocrx_word' id='word_1_473' title='bbox 943 3590 1076 3642; x_wconf 85' lang='lat' dir='ltr'>libatione</span> <span class='ocrx_word' id='word_1_474' title='bbox 1098 3591 1172 3642; x_wconf 90' lang='lat' dir='ltr'>hunc</span> <span class='ocrx_word' id='word_1_475' title='bbox 1192 3592 1260 3643; x_wconf 89' lang='lat' dir='ltr'>coeli</span> <span class='ocrx_word' id='word_1_476' title='bbox 1281 3609 1372 3657; x_wconf 84' lang='lat' dir='ltr'>regem</span> 
     </span>
     <span class='ocr_line' id='line_1_91' title="bbox 829 3660 1371 3728; baseline 0.007 -19"><span class='ocrx_word' id='word_1_477' title='bbox 829 3661 954 3711; x_wconf 83' lang='lat' dir='ltr'>venerari</span> <span class='ocrx_word' id='word_1_478' title='bbox 968 3660 1086 3710; x_wconf 84' lang='lat' dir='ltr'>voluerit</span> <span class='ocrx_word' id='word_1_479' title='bbox 1099 3662 1216 3723; x_wconf 61' lang='lat' dir='ltr'>Xerxem</span> <span class='ocrx_word' id='word_1_480' title='bbox 1238 3665 1285 3728; x_wconf 86' lang='lat' dir='ltr'>qui</span> <span class='ocrx_word' id='word_1_481' title='bbox 1303 3664 1371 3713; x_wconf 89' lang='lat' dir='ltr'>liba·</span> 
     </span>
     <span class='ocr_line' id='line_1_92' title="bbox 830 3731 1372 3797; baseline 0.007 -19"><span class='ocrx_word' id='word_1_482' title='bbox 830 3732 905 3781; x_wconf 85' lang='lat' dir='ltr'>tione</span> <span class='ocrx_word' id='word_1_483' title='bbox 923 3746 983 3781; x_wconf 90' lang='lat' dir='ltr'>cum</span> <span class='ocrx_word' id='word_1_484' title='bbox 1001 3731 1127 3795; x_wconf 85' lang='lat' dir='ltr'>precibus</span> <span class='ocrx_word' id='word_1_485' title='bbox 1149 3732 1225 3782; x_wconf 82' lang='lat' dir='ltr'>facta</span> <span class='ocrx_word' id='word_1_486' title='bbox 1242 3732 1372 3797; x_wconf 83' lang='lat' dir='ltr'>phialam,</span> 
     </span>
     <span class='ocr_line' id='line_1_93' title="bbox 829 3801 1371 3866; baseline 0 -17"><span class='ocrx_word' id='word_1_487' title='bbox 829 3805 961 3851; x_wconf 87' lang='lat' dir='ltr'>craterem</span> <span class='ocrx_word' id='word_1_488' title='bbox 978 3816 1090 3850; x_wconf 86' lang='lat' dir='ltr'>aureum</span> <span class='ocrx_word' id='word_1_489' title='bbox 1106 3807 1133 3851; x_wconf 91' lang='lat' dir='ltr'>et</span> <span class='ocrx_word' id='word_1_490' title='bbox 1151 3801 1272 3866; x_wconf 87' lang='lat' dir='ltr'>gladium</span> <span class='ocrx_word' id='word_1_491' title='bbox 1284 3802 1371 3852; x_wconf 88' lang='lat' dir='ltr'>Persi-</span> 
     </span>
     <span class='ocr_line' id='line_1_94' title="bbox 830 3869 1370 3923; baseline 0.004 -3"><span class='ocrx_word' id='word_1_492' title='bbox 830 3886 891 3920; x_wconf 88' lang='lat' dir='ltr'>cum</span> <span class='ocrx_word' id='word_1_493' title='bbox 903 3871 971 3919; x_wconf 86' lang='lat' dir='ltr'>mari</span> <span class='ocrx_word' id='word_1_494' title='bbox 984 3869 1086 3920; x_wconf 88' lang='lat' dir='ltr'>donare</span> <span class='ocrx_word' id='word_1_495' title='bbox 1101 3870 1221 3922; x_wconf 83' lang='lat' dir='ltr'>voluisse</span> <span class='ocrx_word' id='word_1_496' title='bbox 1235 3872 1370 3923; x_wconf 82' lang='lat' dir='ltr'>videatur.</span> 
     </span>
    </p>

    <p class='ocr_par' dir='ltr' id='par_1_10' title="bbox 830 3932 1371 4495">
     <span class='ocr_line' id='line_1_95' title="bbox 864 3932 1370 4004; baseline -0.002 -16"><span class='ocrx_word' id='word_1_497' title='bbox 864 3938 1016 4003; x_wconf 79' lang='grc' dir='ltr'>μυρσίνῃσι</span> <span class='ocrx_word' id='word_1_498' title='bbox 1030 3933 1199 3999; x_wconf 77' lang='grc' dir='ltr'>στορνύντες</span> <span class='ocrx_word' id='word_1_499' title='bbox 1216 3932 1269 4004; x_wconf 75' lang='grc' dir='ltr'>τὴν</span> <span class='ocrx_word' id='word_1_500' title='bbox 1288 3932 1370 4004; x_wconf 81' lang='grc' dir='ltr'>ὁδὸν]</span> 
     </span>
     <span class='ocr_line' id='line_1_96' title="bbox 830 4007 1371 4074; baseline 0.006 -14"><span class='ocrx_word' id='word_1_501' title='bbox 830 4011 891 4060; x_wconf 87' lang='lat' dir='ltr'>Duo</span> <span class='ocrx_word' id='word_1_502' title='bbox 903 4009 980 4060; x_wconf 87' lang='lat' dir='ltr'>codd.</span> <span class='ocrx_word' id='word_1_503' title='bbox 991 4007 1124 4074; x_wconf 73' lang='grc' dir='ltr'>μυρσίνῃ.</span> <span class='ocrx_word' id='word_1_504' title='bbox 1150 4010 1228 4064; x_wconf 78' lang='lat' dir='ltr'>Cous.</span> <span class='ocrx_word' id='word_1_505' title='bbox 1241 4012 1318 4073; x_wconf 82' lang='lat' dir='ltr'>vm,</span> <span class='ocrx_word' id='word_1_506' title='bbox 1327 4010 1371 4070; x_wconf 72' lang='lat' dir='ltr'>till,</span> 
     </span>
     <span class='ocr_line' id='line_1_97' title="bbox 830 4078 1370 4145; baseline -0.002 -16"><span class='ocrx_word' id='word_1_507' title='bbox 830 4081 877 4130; x_wconf 89' lang='lat' dir='ltr'>ubi</span> <span class='ocrx_word' id='word_1_508' title='bbox 889 4080 982 4131; x_wconf 82' lang='lat' dir='ltr'>eadem</span> <span class='ocrx_word' id='word_1_509' title='bbox 998 4078 1109 4130; x_wconf 90' lang='lat' dir='ltr'>locutio.</span> <span class='ocrx_word' id='word_1_510' title='bbox 1133 4081 1191 4130; x_wconf 87' lang='lat' dir='ltr'>Neo</span> <span class='ocrx_word' id='word_1_511' title='bbox 1203 4083 1291 4145; x_wconf 86' lang='lat' dir='ltr'>magis</span> <span class='ocrx_word' id='word_1_512' title='bbox 1302 4081 1370 4132; x_wconf 90' lang='lat' dir='ltr'>reci·</span> 
     </span>
     <span class='ocr_line' id='line_1_98' title="bbox 830 4142 1370 4215; baseline 0 -16"><span class='ocrx_word' id='word_1_513' title='bbox 830 4150 956 4215; x_wconf 88' lang='lat' dir='ltr'>piendum</span> <span class='ocrx_word' id='word_1_514' title='bbox 979 4142 1179 4207; x_wconf 79' lang='grc' dir='ltr'>σιορεννύντες</span> <span class='ocrx_word' id='word_1_515' title='bbox 1204 4166 1236 4201; x_wconf 83' lang='lat' dir='ltr'>ex</span> <span class='ocrx_word' id='word_1_516' title='bbox 1257 4151 1370 4201; x_wconf 76' lang='lat' dir='ltr'>Aldinae</span> 
     </span>
     <span class='ocr_line' id='line_1_99' title="bbox 832 4217 1371 4286; baseline -0.002 -16"><span class='ocrx_word' id='word_1_517' title='bbox 832 4221 951 4286; x_wconf 78' lang='lat' dir='ltr'>margine</span> <span class='ocrx_word' id='word_1_518' title='bbox 961 4236 966 4275; x_wconf 92' lang='lat'>;</span> <span class='ocrx_word' id='word_1_519' title='bbox 979 4217 1015 4268; x_wconf 83' lang='lat' dir='ltr'>cl.</span> <span class='ocrx_word' id='word_1_520' title='bbox 1027 4219 1186 4272; x_wconf 86' lang='lat' dir='ltr'>Strabonem</span> <span class='ocrx_word' id='word_1_521' title='bbox 1196 4221 1271 4272; x_wconf 82' lang='lat' dir='ltr'>XlV.</span> <span class='ocrx_word' id='word_1_522' title='bbox 1284 4236 1309 4285; x_wconf 90' lang='lat' dir='ltr'>p.</span> <span class='ocrx_word' id='word_1_523' title='bbox 1320 4219 1371 4271; x_wconf 73' lang='lat' dir='ltr'>osu</span> 
     </span>
     <span class='ocr_line' id='line_1_100' title="bbox 832 4288 1369 4354; baseline 0 -14"><span class='ocrx_word' id='word_1_524' title='bbox 832 4306 854 4340; x_wconf 91' lang='lat' dir='ltr'>s.</span> <span class='ocrx_word' id='word_1_525' title='bbox 871 4306 896 4354; x_wconf 86' lang='lat' dir='ltr'>p.</span> <span class='ocrx_word' id='word_1_526' title='bbox 910 4288 997 4339; x_wconf 77' lang='grc'><strong>9530.</strong></span> <span class='ocrx_word' id='word_1_527' title='bbox 1035 4289 1076 4338; x_wconf 89' lang='lat' dir='ltr'>De</span> <span class='ocrx_word' id='word_1_528' title='bbox 1095 4290 1155 4353; x_wconf 88' lang='lat' dir='ltr'>ipso</span> <span class='ocrx_word' id='word_1_529' title='bbox 1176 4294 1269 4340; x_wconf 88' lang='lat' dir='ltr'>sutem</span> <span class='ocrx_word' id='word_1_530' title='bbox 1288 4306 1369 4348; x_wconf 85' lang='lat' dir='ltr'>more,</span> 
     </span>
     <span class='ocr_line' id='line_1_101' title="bbox 831 4356 1369 4424; baseline -0.004 -16"><span class='ocrx_word' id='word_1_531' title='bbox 831 4375 885 4423; x_wconf 87' lang='lat' dir='ltr'>quo</span> <span class='ocrx_word' id='word_1_532' title='bbox 899 4361 958 4409; x_wconf 85' lang='lat' dir='ltr'>vias</span> <span class='ocrx_word' id='word_1_533' title='bbox 973 4356 1084 4409; x_wconf 88' lang='lat' dir='ltr'>floribus</span> <span class='ocrx_word' id='word_1_534' title='bbox 1099 4359 1275 4424; x_wconf 87' lang='lat' dir='ltr'>odoratisque</span> <span class='ocrx_word' id='word_1_535' title='bbox 1289 4359 1369 4409; x_wconf 84' lang='lat' dir='ltr'>ramis</span> 
     </span>
     <span class='ocr_line' id='line_1_102' title="bbox 831 4426 1368 4495; baseline -0.006 -15"><span class='ocrx_word' id='word_1_536' title='bbox 831 4434 1003 4480; x_wconf 88' lang='lat' dir='ltr'>consternere</span> <span class='ocrx_word' id='word_1_537' title='bbox 1016 4426 1069 4478; x_wconf 85' lang='lat' dir='ltr'>luit</span> <span class='ocrx_word' id='word_1_538' title='bbox 1082 4428 1201 4489; x_wconf 89' lang='lat' dir='ltr'>solitum,</span> <span class='ocrx_word' id='word_1_539' title='bbox 1215 4429 1294 4495; x_wconf 88' lang='lat' dir='ltr'>plura</span> <span class='ocrx_word' id='word_1_540' title='bbox 1306 4428 1368 4479; x_wconf 80' lang='lat' dir='ltr'>affe-</span> 
     </span>
    </p>
   </div>
   <div class='ocr_carea' id='block_1_9' title="bbox 0 0 1547 5134">
    <p class='ocr_par' dir='ltr' id='par_1_11' title="bbox 0 0 1547 5134">
     <span class='ocr_line' id='line_1_103' title="bbox 0 0 1547 5134; baseline 0 0"><span class='ocrx_word' id='word_1_541' title='bbox 0 0 1547 5134; x_wconf 95' lang='lat' dir='ltr'> </span> 
     </span>
    </p>
   </div>
  </div>
 </body>
</html>
