3046 5134
481 389 753 452 POLYMNIA.
778 393 847 452 VII.
872 403 915 456 35.
939 401 982 456 36.

1235 391 1296 453 503

159 562 315 654 τριήρεας
334 566 519 645 συνθέντες
539 559 606 634 ὑπὸ
625 565 688 653 μὲν
704 561 767 655 τὴν
792 562 875 653 πρὸς
894 570 956 634 τοῦ
975 563 1141 650 Εὐξείνου
1161 549 1296 635 Πόντου
1369 600 1376 608 ·

160 667 320 757 ἑξήκοντα
340 695 375 736 τε
398 669 453 737 καὶ
470 677 677 758 τριηκοσίας,
697 664 765 739 ὑπὸ
788 669 826 737 dt
843 666 904 757 τὴν
926 671 1043 759 ἑτέρην
1061 679 1294 757 τεσσερεσκαί-

161 777 244 841 δεκα
257 773 313 839 καλ
328 780 537 861 τριηκοσίας,
557 777 617 842 τοῦ
631 771 693 861 μὲν
707 771 842 842 Πόντου
857 775 1069 861 ἐπικαρσίας,
1094 778 1156 842 τοῦ
1170 773 1208 843 dl
1223 770 1294 843 Ἐλ-

159 972 273 1022 etructis
286 971 437 1023 clariorem
448 972 509 1024 lnce
521 973 703 1025 collocaretur

159 1050 287 1106 recteque
299 1042 513 1108 intelligeretur,
531 1058 620 1108 neque
632 1043 703 1094 iniu-

158 1113 199 1161 ria
219 1112 295 1162 lieret
313 1114 441 1178 scriptori
460 1128 478 1163 a
498 1113 635 1165 nonnullis
657 1111 701 1162 vel

159 1197 248 1231 rerum
263 1181 402 1232 navalium
415 1183 545 1233 inscitiae
557 1182 602 1235 vel
616 1181 701 1248 negli-

156 1253 268 1317 gentiae
278 1256 424 1303 occursio:
435 1268 452 1302 ιι
463 1268 515 1317 quo
525 1259 640 1318 utroque
650 1254 702 1303 cri·

158 1322 231 1372 mine
250 1319 326 1371 illum
345 1321 425 1387 longe
445 1322 543 1373 abesse
562 1322 699 1373 existimo

156 1392 247 1456 Atque
264 1390 332 1441 hoec
350 1396 379 1442 nt
393 1391 490 1443 melius
504 1407 701 1457 cognosceren-

158 1466 217 1523 tur,
238 1459 332 1510 addidi
352 1464 457 1527 etipse
477 1461 613 1525 tabulam,
637 1478 701 1512 con-

156 1531 302 1585 formatum
316 1529 391 1581 illam
401 1531 511 1596 quidem
521 1531 556 1581 ad
565 1530 701 1583 Herodoti

154 1601 240 1653 verba
261 1606 336 1650 recte
353 1606 483 1666 percepta
502 1617 588 1667 eaque
607 1617 701 1667 presse

156 1686 186 1721 se
207 1675 325 1721 uectem.

211 1732 430 1802 εντηκοντίροτς
441 1735 487 1787 καὶ
496 1729 626 1804 τριήρεας
637 1751 701 1789 σαν-

156 1802 257 1866 θέντες
270 1823 296 1861 κ.
311 1822 335 1861 τ
351 1808 387 1872 λ]
408 1806 512 1859 Sensus
526 1808 581 1860 loci
594 1810 640 1860 vix
654 1810 702 1859 ob·

155 1894 264 1930 scnrus·
258 1914 265 1940 ‚
272 1879 325 1929 duo
336 1879 407 1929 enim
416 1878 461 1929 bic
470 1879 629 1930 indicentur
637 1894 700 1944 pon·

155 1953 214 2013 tes,
237 1963 350 2014 quorum
373 1949 466 2009 alteri,
488 1950 535 2014 qui
553 1949 633 1999 Ponto
648 1948 701 1997 En-

154 2021 219 2068 xino
242 2017 297 2081 (vel
310 2016 475 2082 Propontidi}
487 2018 617 2069 obversus
631 2023 699 2080 eret,

155 2087 274 2138 CCCLX
281 2102 365 2138 naves
373 2088 544 2149 substratae·
556 2088 635 2139 elteri
638 2089 700 2153 ,qni

156 2158 285 2222 Αεραειικι
298 2173 368 2208 mare
386 2157 544 2222 spectabat,
568 2157 699 2208 cccxlv

155 2242 252 2290 nares,
262 2234 293 2277 ut
302 2227 370 2278 bene
380 2228 450 2277 vidit
461 2226 699 2308 Wesseling.1ta·

175 2312 210 2347 ue
234 2286 307 2346 ad
293 2288 350 2345 απὸ
374 2288 425 2359 μὲν
452 2290 505 2359 τὴν
528 2300 556 2347 et
580 2297 614 2346 ad
640 2288 698 2345 ὑπὸ

155 2314 241 2415 dl
175 2358 263 2430 ἔτην
286 2355 384 2431 ἑτέρην
406 2381 438 2416 ee
458 2381 491 2415 ue
514 2365 629 2445 intellig.
654 2363 698 2431 pt-

155 2450 266 2500 φυραν;
291 2435 326 2485 ad
340 2451 427 2491 ,voces
440 2380 582 2499 liquores?
598 2448 628 2484 τε
649 2429 697 2483 καλ

154 2503 321 2567 τριηκοσίας
345 2502 385 2569 (in
407 2505 503 2571 quibus
524 2506 649 2556 voculam
669 2518 697 2553 τε

154 2576 252 2626 abesse
265 2575 369 2625 mavult
382 2574 499 2624 Oecnn'
492 2591 520 2624 ru
534 2575 695 2626 commenti.

154 2645 295 2695 seminarii
305 2643 459 2709 philologio
470 2645 608 2695 Giessene
617 2645 695 2708 ll.p.

157 2717 207 2778 12,
223 2715 321 2780 quippe
343 2729 413 2779 ques
430 2717 458 2763 in
477 2713 630 2764 huiusmodi
648 2728 697 2763 nu-

154 2786 238 2835 meris
258 2783 455 2847 coniungendis
478 2786 542 2848 poni
561 2784 632 2833 hsud
652 2799 695 2833 so·

154 2854 225 2916 leat,
240 2854 287 2904 ubi
301 2853 455 2918 particulae
465 2847 512 2900 καὶ
526 2852 656 2919 sufficiat)
671 2858 697 2902 et

153 2924 190 2974 ad
206 2920 453 2986 τεσσερεσκαίδεκα
470 2918 518 2971 καλ
531 2922 697 2987 τριηκοσίας

152 2993 243 3059 suppl.
252 2990 317 3050 νέας
327 2992 489 3049 συνθέντες.
508 2995 623 3044 Acroce
634 3006 698 3042 συν-

151 3059 255 3120 θέντες
267 3064 367 3114 Noster
383 3064 507 3113 indieurc
524 3061 644 3114 voluisse
657 3064 697 3111 vi·

153 3135 249 3196 detur,
269 3135 297 3183 iu
315 3139 431 3198 utroque
446 3135 530 3198 ponte
551 3137 699 3197 pentecon-

151 3210 228 3255 toros
248 3220 333 3255 naves
346 3206 374 3255 et
389 3202 513 3254 triremes
527 3218 618 3254 secum
633 3218 696 3252 con-

152 3275 262 3326 iunctus
273 3274 369 3336 luisse,
384 3288 481 3338 neque,
493 3278 523 3321 nt
534 3273 611 3337 ponit
620 3273 694 3322 Krec

152 3343 201 3394 1.1.
218 3359 280 3409 pag.
294 3343 310 3393 8
326 3358 400 3408 seq.‚
418 3343 533 3393 alterum
551 3347 658 3408 pontem
681 3358 695 3391 e

152 3413 220 3464 solis
232 3414 448 3478 pentecontcris,
469 3413 582 3463 alterum
602 3410 695 3463 esolis

151 3484 308 3534 triremibus
319 3482 491 3534 constitisse:
511 3483 584 3547 quod
595 3486 626 3531 nt
639 3487 695 3531 sta-

152 3562 279 3616 rnamus,
298 3552 432 3603 Herodoti
449 3551 532 3602 verbe
548 3551 621 3601 haud
636 3567 697 3616 per·

153 3625 276 3679 mittunt.
291 3638 359 3688 quse
370 3623 394 3672 si
403 3625 531 3672 accurate
540 3636 695 3687 sequamur,

154 3696 182 3744 in
196 3708 303 3759 quoquc
314 3697 396 3757 ponte
406 3696 435 3742 ct
447 3695 656 3757 pentecontoros
669 3695 697 3741 et

152 3765 278 3814 triremes
293 3761 366 3812 haud
383 3765 441 3811 scio
456 3777 492 3810 cn
510 3760 635 3812 consulto
650 3761 698 3811 ad-

152 3833 255 3884 hibitas
266 3837 293 3881 et
303 3833 466 3883 coniunctos
476 3846 537 3882 esse
551 3832 696 3883 dicendum

153 3904 215 3957 crit.
242 3901 345 3953 Etvid.
355 3901 559 3965 quaeDietsclr.
570 3901 589 3952 l.
601 3901 620 3952 l.
631 3918 694 3968 pag.

117 3992 123 4003 ·
152 3972 290 4026 :lucrecio
305 3972 338 4022 de
353 3970 396 4023 his
411 3971 524 4023 monuit.
559 3962 631 4032 πρὸς
645 3969 697 4020 τοῦ

152 4036 294 4102 Εὐξείνου
305 4035 413 4091 πόντου
424 4040 511 4091 valet.
526 4041 632 4093 Pontum
641 4044 695 4092 Ec·

150 4114 238 4162 minum
249 4127 339 4162 vermes
355 4127 376 4163 s.
389 4112 425 4164 cd
439 4112 543 4161 Pontum
559 4120 696 4174 spectans:

152 4198 206 4248 qno
215 4181 309 4232 eodem
319 4181 398 4232 modo
407 4174 479 4245 πρὸς
489 4181 527 4245 11
537 4180 581 4233 99.
591 4182 640 4246 IV,
650 4181 693 4245 ³7,

151 4252 199 4302 ubi
210 4250 285 4303 conl
297 4256 368 4302 nott.

187 4336 238 4370 του
228 4313 306 4386 pls
321 4313 436 4370 Πόντου
449 4309 629 4381 ἐπικαρσίας,
642 4315 695 4369 cod

151 4384 184 4440 dl
196 4382 405 4474 Ελλησιτόντου
421 4384 493 4439 κατὰ
510 4380 593 4455 ῥόον]
617 4391 694 4452 Quae

150 4461 235 4512 verbs
253 4462 292 4512 sic
305 4462 428 4527 pleniore
445 4458 640 4526 intellectuque
654 4460 694 4511 ίιι-

754 970 849 1023 οἰλίοιιι
862 971 975 1024 reddes:
993 964 1050 1023 ὖιτο
1040 964 1161 1037 θ’μὲν
1131 989 1183 1057 την
1197 966 1294 1040 (γέφυ-

752 1042 818 1107 ραν)
833 1035 905 1106 πρὸς
920 1058 971 1092 του
961 1038 1102 1094 Πόντου
1123 1039 1292 1111 (φέρουσαν)

751 1103 917 1172 ἐπικαρσίας
942 1108 1004 1193 (τὰς
1028 1107 1093 1171 νίας
1117 1109 1292 1194 συνθέντες),

750 1173 809 1231 ὑπὸ
830 1175 862 1232 dl
881 1197 935 1262 την
956 1175 1053 1262 ετέρην
1070 1177 1269 1263 (piperque)=
1230 1199 1292 1267 την

750 1244 841 1334 πρὸς
842 1247 896 1301 τοῦ
912 1243 958 1300 Ελ
944 1247 1122 1316 λλησπόντσυ
1138 1246 1210 1302 κατὰ
1222 1246 1293 1316 ρόον

749 1316 799 1379 τὰς
804 1315 875 1379 νέας
885 1317 1047 1388 συνθέντες,
1061 1324 1108 1374 ubi
1119 1323 1292 1390 potissimum

750 1392 906 1512 quaeritur,
898 1407 974 1457 ‚quo
989 1408 1072 1443 sensu
1083 1395 1183 1445 Noster
1196 1408 1291 1445 vocem

766 1459 919 1523 κικαρσίας
945 1465 1099 1528 acceperit,
1126 1464 1204 1514 ouius
1230 1462 1291 1513 loco

750 1534 867 1583 Tcetzee
884 1530 1161 1597 edLycophr.1432.
1180 1550 1207 1597 p.
1224 1534 1290 1584 19311

749 1600 841 1653 Muell.
856 1600 980 1652 exhibuit
993 1600 1122 1667 πλαγίας.
1151 1603 1290 1654 Ίνακεοαν-

748 1687 794 1723 τοι
818 1686 903 1721 neves
927 1671 1045 1737 indeque
1069 1673 1153 1724 etiam
1179 1687 1290 1722 nnmero

749 1740 841 1806 plures
855 1741 954 1806 prioris
965 1743 1058 1807 pontis
1072 1741 1205 1793 intellexit
1214 1742 1292 1791 Wes-

750 1810 862 1875 seling.,
880 1812 1039 1876 posterioris
1052 1813 1143 1878 pontis
1156 1827 1241 1862 naves
1252 1810 1290 1861 di-

749 1885 839 1930 rectas
858 1880 1018 1943 (secundum
1039 1880 1162 1947 flurium)
1182 1886 1211 1932 et
1228 1897 1290 1945 pro·

749 1955 844 2015 pterea
854 1952 1005 2017 pauciores.
1028 1951 1094 2001 Cum
1104 1966 1169 2003 vero
1179 1952 1289 2001 navium

748 2025 904 2070 transverse
914 2020 1109 2071 collocatarum
1120 2021 1206 2070 minor
1216 2025 1290 2071 certe

749 2104 876 2141 numerus
891 2104 951 2140 esse
968 2089 1068 2141 debeat
1086 2105 1167 2156 quarn
1186 2105 1289 2152 earum,

748 2174 819 2224 quoe
829 2160 947 2210 secundo
956 2160 1039 2210 fluvio
1051 2166 1142 2211 rectae
1152 2163 1231 2211 erent
1242 2176 1289 2224 po·

748 2229 833 2288 sitae,
853 2229 967 2281 Reunel.
990 2245 1051 2295 pag.
1065 2229 1117 2279 430
1135 2244 1208 2294 seqq.
1226 2228 1288 2279 coll.

748 2299 846 2348 Krusio
853 2298 955 2362 (Ucber
962 2298 1108 2349 Herodot's
1116 2298 1252 2350 Ausmese.
1262 2298 1288 2347 d.

747 2368 826 2418 Pont.
845 2384 872 2433 p.
887 2367 921 2418 89
934 2368 1005 2434 seq.)
1021 2384 1052 2419 eo
1066 2368 1131 2430 obit,
1147 2373 1178 2418 ut
1190 2368 1288 2432 prioris

748 2437 839 2502 pontis
854 2452 938 2501 naves
952 2452 969 2487 a
982 2441 1058 2488 recte
1071 2438 1157 2501 linea,
1174 2452 1228 2502 qua
1241 2453 1289 2501 po-

747 2507 870 2557 sterioris
879 2508 972 2568 pontis
985 2520 1069 2557 naves
1082 2508 1190 2571 positae
1201 2513 1287 2565 erunt,

746 2575 871 2627 nonnihil
884 2576 918 2626 ad
929 2576 1002 2625 latus
1016 2576 1212 2627 declinaverint
1221 2576 1288 2626 obli·

747 2644 968 2711 qnecollocatae.
991 2646 1047 2695 Noe
1057 2645 1288 2709 dicimusectruep

747 2733 768 2767 e.
785 2715 943 2780 ἱκεσίινιῑρεν
957 2716 1086 2781 lliclrtunp.
1125 2718 1223 2781 Itaque
1237 2715 1287 2765 bec

746 2801 814 2835 voce
838 2787 929 2850 pontis
952 2786 1039 2850 ipsius
1061 2785 1176 2835 navibus
1201 2784 1287 2835 iuncti

746 2855 862 2905 directio
876 2855 1015 2906 indicetur
1025 2854 1073 2920 (ci.
1082 2857 1164 2906 Krcz.
1176 2854 1194 2904 l.
1206 2854 1224 2907 l.
1234 2870 1260 2918 p.
1271 2853 1288 2901 9

747 2930 774 2976 ct
785 2925 886 2990 Campe
895 2925 915 2976 l.
926 2923 967 2989 1.),
981 2926 1005 2977 si
1016 2926 1123 2990 quidem
1133 2924 1210 2975 hicce
1219 2939 1287 2989 pons

746 3010 801 3045 non
819 2996 895 3046 recte
914 2994 987 3046 linei
1007 2996 1040 3045 ab
1055 3011 1108 3046 uno
1123 2994 1157 3044 ed
1172 2993 1285 3045 alterum

746 3064 812 3115 litus
828 3065 926 3116 drrotue
942 3064 1132 3129 perhibeatur,
1152 3064 1200 3114 sed
1216 3063 1287 3113 dirc-

746 3136 837 3186 ctione
846 3134 933 3199 magis
944 3134 1064 3199 obliquo,
1079 3134 1195 3200 indeque
1205 3133 1286 3184 etiem

746 3204 852 3269 longior
867 3204 1041 3270 pluribusque
1057 3204 1173 3254 navibus
1186 3204 1288 3253 inctru-

744 3280 806 3325 ctus
818 3274 874 3324 alio
889 3278 986 3339 ponte,
1008 3276 1053 3340 qui
1068 3273 1227 3324 rectilinei
1240 3271 1288 3322 du-

744 3351 805 3395 ctus
829 3349 974 3409 utrumque
1005 3344 1071 3395 litus
1100 3344 1287 3407 coniungeret,

744 3414 919 3480 paucioribus
944 3414 1039 3479 utique
1067 3412 1184 3464 navibus
1216 3417 1287 3461 etru-

723 3483 726 3488 ’
745 3489 820 3536 ctus:
852 3485 944 3549 prouti·
963 3499 979 3533 e
996 3482 1091 3534 tebule
1107 3481 1165 3532 aeri
1189 3482 1287 3543 incisu,

745 3569 825 3621 quem
839 3555 926 3613 Krnse
948 3552 1063 3615 adiecit,
1087 3553 1189 3617 optime
1206 3551 1288 3601 intel-

746 3624 794 3688 ligi
807 3626 920 3687 potest(
943 3622 1021 3683 Quod
1040 3622 1101 3672 ideo
1114 3623 1215 3671 iactum
1230 3636 1286 3670 cre·

747 3692 875 3755 uiderim,
892 3698 922 3743 ut
935 3693 1107 3758 priorpons,
1124 3692 1169 3757 qui
1181 3706 1285 3741 omnem

746 3765 800 3812 olm
818 3764 948 3813 fluctuum
969 3762 1085 3812 ePonto
1104 3760 1286 3812 delabentium

746 3833 882 3884 sustinere
900 3830 1031 3894 debebat,
1060 3829 1203 3882 cornelius
1220 3830 1287 3879 resi·

746 3907 819 3953 stete
847 3902 963 3966 indeque
987 3903 1060 3952 tueri
1089 3900 1286 3966 quodammodo

745 3977 840 4038 posset
849 3971 963 4022 alterum
974 3976 1083 4035 pontem
1095 3970 1208 4022 inferius
1219 3975 1287 4020 strn-

745 4048 819 4093 ctum
830 4048 857 4093 et
867 4042 943 4092 rectu
951 4038 1025 4092 linet
1035 4042 1158 4101 ductum,
1170 4039 1287 4090 navibus

745 4112 860 4178 singulis
875 4110 972 4176 positis
985 4105 1056 4160 κατὰ
1069 4104 1155 4173 ῥόον,
1175 4110 1193 4159 i
1206 4126 1230 4162 e.
1245 4125 1287 4159 se-

746 4182 863 4234 cundnm
876 4183 984 4232 fluxum.
1017 4182 1107 4245 Atque
1120 4180 1191 4229 hono
1202 4180 1286 4228 inter·

743 4254 925 4318 pretationem
938 4250 1091 4301 confirmari
1104 4253 1170 4315 puto
1182 4247 1287 4298 duobus

743 4323 806 4374 aliis
820 4323 915 4374 Nostri
928 4318 1009 4381 locis,
1028 4335 1142 4385 qnorum
1158 4318 1186 4368 in
1199 4316 1286 4367 altero

746 4391 787 4458 (1,
806 4391 866 4457 180)
892 4380 979 4446 ὀὸοὐς
1002 4383 1167 4472 ἐπικαρσίας
1187 4390 1287 4438 Noster

745 4463 860 4529 opponit
871 4463 934 4518 ταις
945 4452 1008 4511 ίθιί
995 4456 1067 4525 ίαις,
1082 4459 1112 4509 in
1124 4458 1211 4509 altero
1225 4455 1285 4522 (lV,
