3052 5134
146 392 151 397 ·
241 374 328 449 aer,
430 340 436 351 ’
672 370 940 437 nunonem

241 553 447 638 πολέμαρχος
466 553 695 637 Καλλίμαχος·
731 544 751 618 ὁ
775 547 853 638 γὰρ’
870 551 970 639 νόμος
988 549 1063 619 τότε
1090 548 1157 637 εἶχε
1176 543 1264 619 οὕτω
1289 563 1375 619 τοῖσι

236 654 463 742 Ἀθηναίοισι,
478 651 537 722 τὸν
551 656 760 740 πολέμαρχον
774 661 864 741 ἔχειν
877 657 975 743 κέρας
988 652 1025 723 τὸ
1040 656 1161 736 δεξιόν.
1192 650 1377 742 ἡγεομένου

241 759 279 828 δὲ
300 757 422 827 τούτου
444 759 635 838 ἐξεδέκοντο
658 753 702 836 ὡς
722 753 925 845 ἡριθμέονιο
944 763 981 827 αἱ
996 760 1120 846 φυλαὶ,
1147 758 1301 846 ἐχόμεναι
1316 753 1374 825 ἆλ-

241 864 386 950 ληλέων·
411 870 596 930 τελευταῖοι
610 860 648 929 δὲ
662 858 856 948 ἐτάσσοντο,
879 867 1010 949 ἔχοντες
1023 861 1060 931 τὸ
1076 859 1251 949 εὐώνυμον
1264 864 1376 948 κέρας,

276 1024 326 1078 cdv
349 1020 529 1091 πολέμαρχον
549 1020 623 1091 ἔχειν
635 1022 730 1108 Ικέρας
752 1019 783 1075 τὸ
834 1026 991 1078 alterthiim.
1007 1032 1032 1092 ξ.
1048 1029 1106 1080 ld'l.
1124 1034 1180 1079 not.
1197 1028 1237 1078 ld
1267 1029 1375 1077 Sirero

241 1090 361 1162 διξιόν]
395 1097 461 1147 Cum
484 1097 548 1146 olim
566 1113 612 1147 rex
634 1098 662 1147 iu
684 1097 781 1146 dextro
832 1099 974 1181 quaeritur
989 1098 1081 1164 (idque
1094 1099 1130 1148 ad
1148 1104 1271 1148 nostrum
1288 1098 1375 1147 locum

241 1185 327 1219 cornu
344 1170 491 1248 imperaret
508 1166 556 1229 (cf
575 1168 669 1231 Eurip.
686 1166 781 1232 Suppl.
832 1169 1094 1249 inprimisspectat),
1106 1168 1374 1234 quoordineinipsa

240 1238 348 1303 cuttu
324 1241 427 1287 utattt
440 1254 479 1286 rer
472 1236 618 1302 publicae
631 1238 717 1286 torma
728 1238 781 1286 rste
831 1240 892 1287 acie
912 1238 1104 1289 constituenda
1128 1237 1251 1303 singulae
1275 1238 1374 1301 phylse

240 1309 336 1371 honos,
344 1307 415 1372 quod
425 1306 782 1371 beneviditWesseliugins,
832 1323 863 1357 se
877 1307 1042 1372 exceperint,
1052 1308 1095 1358 vel
1105 1323 1166 1358 eum
1177 1306 1297 1357 ordinem
1308 1308 1376 1355 t'nis·

239 1376 411 1444 polemarcho
428 1377 537 1441 obtigit,
550 1377 584 1426 ds
597 1377 675 1427 cuius
690 1392 783 1428 mune·
832 1392 862 1427 se
878 1393 990 1429 necesse
1011 1384 1067 1438 est,
1087 1378 1134 1443 qui
1151 1378 1213 1427 inde
1234 1378 1270 1427 ab
1293 1378 1373 1426 initio

238 1464 267 1498 re
280 1449 334 1503 vid.
350 1452 419 1497 nott.
433 1448 467 1497 ad
484 1448 517 1509 t,
534 1446 591 1499 109.
832 1449 903 1499 iuter
915 1446 964 1497 has
977 1447 1193 1513 phylasomniuo
1203 1450 1373 1497 constitutus

251 1509 425 1599 ἡγεομένου
440 1509 472 1564 dl
492 1484 595 1565 codron
619 1507 780 1576 ἐξεδέκοντο
831 1519 859 1567 in
872 1532 951 1567 omne
965 1523 1071 1583 tempus
1085 1517 1221 1579 obtinuit,
1242 1532 1314 1567 nunc
1326 1534 1374 1566 co

202 1594 204 1597 ’
239 1579 278 1646 ὡς
297 1579 635 1652 ἠριθμέοννοαῖφολαὶ,
649 1577 779 1649 ἐχόμεναι
831 1589 925 1652 gnitus
942 1587 1317 1653 exiuscriptionibus(00rp
1328 1587 1374 1636 ln-

237 1655 286 1707 ἀλλ
291 1655 391 1724 ηλέων]
430 1656 505 1706 Haec
532 1656 617 1706 verba
645 1655 779 1721 Schweig·
830 1658 924 1722 script.
933 1657 979 1710 Gr
991 1656 1012 1707 1.
1024 1673 1065 1706 nr
1080 1658 1129 1708 166
1140 1656 1242 1722 seqq)
1257 1657 1298 1707 vel
1309 1673 1376 1706 cum

240 1728 386 1778 haeuaerus
400 1727 440 1776 ita
455 1725 554 1777 reddit:
576 1726 631 1789 „ab
643 1725 689 1774 hoc
703 1728 781 1791 ipitur
830 1727 962 1790 ordinem,
978 1741 1030 1791 quo
1040 1727 1165 1793 singulae
1177 1727 1295 1792 phylae
1290 1741 1316 1775 m
1332 1743 1373 1775 re·

235 1802 362 1862 principio
376 1797 465 1848 deirrde
480 1797 617 1846 collocutae
632 1805 706 1846 eraut
723 1812 782 1845 corr·
829 1797 941 1863 publica
964 1797 1183 1847 administranda
1204 1813 1252 1861 per
1269 1812 1372 1846 annum

239 1872 307 1918 tirum
321 1877 407 1918 tenore
421 1867 534 1931 siupulae
551 1866 631 1915 tribue
642 1867 779 1915 Athenien·

238 1940 299 1987 sium
314 1953 364 2002 pro
376 1938 493 2001 cruraque
501 1936 631 1985 numero.“
645 1936 777 2000 Langius,

238 2007 402 2058 vernaculus
416 2006 564 2070 interpres,
575 2003 655 2069 paulo
668 2005 779 2055 liberius

239 2079 330 2135 sict,
334 2076 430 2137 ,lluter
444 2077 534 2125 descen
545 2076 663 2139 d'itluurrp
681 2076 779 2138 solptcn

240 2163 289 2197 nrm
300 2114 341 2196 dig
353 2147 454 2211 r'tdrr'pen
467 2144 600 2194 Stdrnrne'
590 2160 615 2193 ru
631 2146 701 2196 ihrer
714 2146 779 2196 Ord-

238 2234 318 2281 ιιινιμ,
343 2218 412 2266 einer
429 2214 492 2265 nach
511 2216 565 2265 deor
584 2214 713 2265 andern‘·
746 2215 779 2264 Ιιι

240 2288 336 2367 quibus
348 2285 422 2351 quod
442 2284 526 2335 verba
543 2285 622 2334 initio
637 2284 728 2349 posita
748 2275 779 2347 ἡ·

238 2351 373 2421 γεομένον
398 2348 429 2403 dl
450 2348 554 2403 τούτου
572 2353 779 2420 Schweighaeu-

239 2442 315 2480 serus
330 2424 434 2476 reddit:
452 2424 484 2474 ab
497 2424 543 2475 hoc
557 2427 634 2490 ipitur
644 2427 778 2488 principio,

239 2499 326 2547 minus
340 2500 469 2547 accurate
481 2496 592 2560 utique,
604 2510 618 2544 e
638 2496 729 2545 uidem
744 2494 779 2544 sd

238 2581 400 2643 praegressa
425 2564 508 2616 verba
530 2562 593 2629 (tou
586 2510 661 2629 pls
681 2561 779 2624 δεξιον

237 2635 334 2700 κέρεος
344 2625 468 2701 η’χέετοὸ
485 2634 663 2699 πολέμαρχος
678 2632 779 2684 natet

238 2707 339 2772 μαχος)
364 2705 514 2771 respiciens
538 2705 628 2755 malim
650 2705 777 2755 reddere.

236 2777 282 2827 hoc
299 2774 574 2841 νανο(οιι11ἰιιιιοὴο)
596 2775 659 2825 duee
677 2774 779 2839 (dextri

238 2846 347 2912 cornus)
360 2844 532 2910 sequebantur
546 2847 597 2909 itu,
618 2854 645 2895 ut
662 2861 779 2895 nurnero·

237 2917 330 2967 bantur
340 2917 401 2981 (suo
412 2914 528 2977 ordine),
537 2914 632 2979 nuptae
640 2930 668 2965 se
677 2916 778 2964 invicem

237 2985 594 3050 excipientea(i.e.continuo
608 2984 713 3045 ordine,
723 3000 778 3034 una

237 3062 299 3120 post
318 3055 460 3116 alteram),
481 3055 550 3106 adeo
571 3059 603 3103 ut
624 3059 684 3104 tota
703 3056 776 3105 acies

235 3125 343 3189 longam
354 3123 492 3174 exhiberet
502 3129 529 3174 et
539 3123 724 3173 continuatam
737 3139 778 3174 se·

236 3196 312 3253 mem,
325 3195 403 3245 cuius
416 3194 538 3244 dextram
550 3199 655 3258 partem
670 3210 692 3243 s.
704 3194 777 3258 prin·

237 3266 340 3330 oipium
355 3266 444 3313 tenuit
457 3263 639 3313 Callimachus
653 3278 713 3313 curu
725 3278 776 3313 sua

236 3336 318 3396 tribu,
330 3348 411 3400 quum
420 3333 579 3383 deantidem
595 3333 681 3383 luisse
692 3338 776 3384 testa-

237 3413 281 3454 tur
303 3402 466 3455 Plutarchus
486 3405 515 3452 in
540 3404 726 3467 Symposiaoc.
749 3403 774 3466 1,

238 3476 280 3526 10.
296 3473 429 3539 pag.648,
440 3472 510 3522 banc
523 3488 588 3524 vero
601 3473 700 3523 tribum
714 3473 777 3525 reli·

236 3559 306 3609 quae
315 3544 403 3594 tribus
413 3560 435 3594 s.
446 3539 533 3606 φυλαὶ
544 3544 706 3608 exciperent.
726 3545 776 3593 Et-

237 3616 308 3665 enim
322 3614 466 3664 tenendum
479 3618 535 3677 est,
556 3615 584 3662 in
602 3614 717 3665 civitate
728 3616 776 3665 at-

236 3686 294 3735 tica
307 3685 422 3750 phylas,
440 3698 507 3748 quas
523 3682 586 3734 inde
596 3698 613 3732 a
627 3682 774 3735 Clistbenis

235 3760 328 3807 aetate
343 3754 410 3819 (vid.
424 3769 508 3819 supra
520 3754 552 3818 V,
566 3752 612 3819 68)
627 3753 720 3805 decem
732 3754 774 3804 lu-

235 3825 290 3876 isse
312 3825 452 3887 norimus,
476 3839 531 3874 uon
555 3824 589 3874 ad
612 3838 655 3875 res
678 3823 774 3876 civiles

234 3900 356 3958 tantum,
371 3909 465 3946 verum
484 3893 598 3945 bellicus
611 3909 716 3959 quoque
734 3895 775 3944 ita

234 3965 414 4029 pertinuisse,
440 3968 470 4014 ut
493 3963 616 4029 singulas
638 3964 773 4014 exercitus

235 4038 262 4084 in
276 4034 375 4086 bellurn
388 4033 583 4100 proficiscentis
600 4038 693 4098 partes
709 4048 774 4083 con-

235 4106 379 4156 stituerent
390 4110 417 4154 et
426 4104 455 4152 in
464 4105 525 4166 ipsa
536 4102 596 4152 acie
605 4114 682 4153 suum
691 4119 773 4169 quae-

234 4190 286 4240 que
301 4174 390 4226 locum
400 4189 417 4224 a
432 4174 548 4223 caeteris
561 4172 712 4223 seiunctum
725 4174 772 4224 ob·

233 4246 345 4303 tineret;
368 4242 439 4309 quod
455 4241 498 4292 vel
514 4243 615 4292 Noster
633 4241 709 4294 locus
725 4243 770 4294 de-

233 4315 334 4372 clarat,
355 4330 388 4364 ac
407 4316 545 4363 testantur
559 4311 697 4363 Plutarch.
712 4314 769 4366 Vit.

232 4383 346 4433 Aristid.
355 4385 381 4445 5,
395 4382 443 4432 alii
453 4397 470 4433 a
479 4382 544 4432 HF.
557 4382 716 4433 Hermanno
726 4398 771 4433 ex·

232 4453 312 4504 citati
328 4453 370 4504 tu:
390 4451 489 4504 Lehrb.
502 4451 528 4506 d.
540 4451 648 4505 Grisch.
663 4452 770 4504 Staats·

828 1867 936 1917 civilem
953 1882 982 1916 ee
994 1868 1183 1933 excipiebant,
1203 1872 1276 1917 sorte
1294 1876 1373 1931 quot·

829 1937 909 1987 annis
925 1938 1116 1990 coustitutum.
1151 1937 1232 1986 Hunc
1248 1951 1313 1988 vero
1328 1953 1371 1985 or-

829 2006 918 2057 dinem
932 2009 960 2055 in
971 2021 1062 2071 pugna
1072 2005 1247 2057 Marathonia
1262 2006 1372 2056 obtinu-

828 2077 883 2126 isse
900 2082 930 2126 ut
942 2078 1099 2138 credamus,
1115 2076 1214 2126 suadet
1228 2075 1371 2127 Plutarchi

828 2146 863 2196 ad
875 2146 1037 2209 Aeschylum
1052 2147 1228 2212 provocantis
1247 2147 1371 2197 testimo-

829 2217 902 2266 uium
921 2216 980 2266 loco
1001 2232 1083 2281 supra
1108 2216 1235 2280 laudato,
1262 2231 1370 2280 exque

827 2288 977 2336 ficoetidem
990 2288 1100 2349 tribum,
1115 2301 1186 2351 quae
1199 2302 1213 2336 e
1226 2287 1311 2352 priori
1327 2301 1372 2335 or-

828 2356 891 2405 dine
911 2372 978 2405 nouo
993 2357 1060 2416 fuit,
1088 2357 1201 2421 primurn
1224 2354 1315 2407 locum
1341 2355 1370 2404 iu

828 2425 923 2477 dextro
948 2441 1032 2477 cornu
1060 2426 1211 2476 obtinuisse
1238 2424 1370 2490 intelligi-

828 2510 901 2558 mus,
915 2502 998 2561 atque
1009 2496 1082 2546 haud
1100 2497 1158 2549 scio
1169 2510 1204 2544 an
1218 2495 1288 2546 idem
1301 2510 1370 2560 quo-

828 2580 879 2630 que
895 2566 987 2631 colligi
1003 2567 1091 2630 possit
1107 2582 1140 2615 ex
1158 2564 1246 2616 altero
1261 2565 1371 2615 Plutar-

828 2633 872 2684 chi
886 2635 946 2686 loco
966 2636 993 2685 iu
1008 2635 1120 2686 Arietid.
1139 2650 1199 2699 cap.
1212 2636 1245 2697 b,
1263 2652 1296 2685 ex
1314 2650 1370 2699 quo

828 2705 974 2756 Leontidem
995 2705 1109 2767 tribum,
1127 2720 1198 2769 quae
1216 2713 1323 2769 quarta,
1340 2711 1371 2754 et

827 2776 1014 2835 Arrtr'ochideur,
1028 2790 1097 2841 quae
1113 2776 1207 2824 decimo
1223 2774 1277 2824 tuit
1297 2776 1371 2825 iuter

827 2844 926 2911 phylas
941 2847 1090 2897 secundum
1107 2845 1220 2910 priorem
1236 2845 1369 2908 ordinem,

827 2918 857 2963 in
869 2917 931 2965 acie
950 2918 1027 2965 iuxta
1040 2932 1069 2967 se
1084 2915 1195 2966 stetisse
1209 2921 1237 2966 et
1248 2929 1370 2981 pugnas·

827 3000 857 3035 se
875 2992 1005 3050 apparet:
1030 2985 1073 3035 hic
1092 2985 1163 3036 eninr
1177 2984 1243 3034 ordo
1258 2986 1369 3050 utrique

826 3060 900 3105 sorte
924 3056 1069 3121 obtigerat.
1109 3056 1207 3133 ltaque
1234 3055 1369 3105 Herodoti

824 3125 910 3175 rerba
942 3115 1150 3185 ἐξεδέκοντο
1132 3139 1171 3181 ως
1190 3116 1367 3188 η’ριθμέοντο

826 3188 858 3242 αἱ
871 3190 959 3258 potul
975 3195 1048 3245 haud
1063 3193 1143 3245 aliter
1159 3194 1278 3260 intelligi
1290 3200 1368 3259 pote

825 3270 928 3327 terunt,
941 3266 995 3316 nist
988 3264 1059 3315 'hoo
1067 3263 1160 3315 modo.
1171 3262 1368 3315 Callimachum

824 3334 864 3399 (in
879 3335 975 3385 dextro
992 3350 1077 3386 cornu
1093 3350 1153 3385 cum
1168 3332 1302 3384 Aeantide
1313 3334 1368 3385 col-

824 3404 955 3469 locatum)
981 3407 1010 3455 in
1030 3407 1091 3455 acie
1109 3405 1283 3470 excipiebant
1305 3404 1368 3455 reli-

824 3490 894 3541 quae
907 3474 1009 3538 tribus,
1027 3474 1068 3524 ita
1078 3480 1110 3525 ut
1123 3474 1333 3524 numerabantur
1344 3490 1365 3524 s.

826 3561 857 3596 eo
871 3545 982 3607 ordine,
998 3546 1045 3609 qui
1064 3559 1174 3595 numero
1194 3549 1268 3595 sorte
1283 3543 1366 3594 ducto

826 3616 923 3680 cuique
934 3616 1100 3667 constitutus
1111 3620 1179 3677 erat,
1187 3628 1241 3664 una
1251 3620 1315 3679 post
1326 3613 1365 3663 al-

824 3691 910 3735 teram
928 3700 950 3737 e.
965 3701 1014 3750 pro
1034 3699 1083 3734 suo
1101 3699 1224 3749 quaeque
1243 3699 1365 3734 numero.

824 3755 987 3806 Huncrero
1005 3756 1127 3805 ordinem
1148 3754 1263 3804 eundem
1279 3753 1365 3804 lause

825 3829 907 3889 atque
916 3840 987 3888 eum,
995 3840 1048 3890 quo
1060 3826 1089 3874 in
1102 3829 1201 3874 senatu
1214 3824 1249 3874 ad
1261 3839 1305 3874 res
1315 3839 1362 3888 pu-

823 3895 910 3945 blicas
922 3894 1154 3946 administrandas
1165 3909 1213 3958 per
1226 3908 1309 3943 unum
1317 3909 1364 3945 an·

824 3966 867 4015 nis
890 3964 980 4015 ciuilis
1005 3979 1123 4015 mensem
1144 3963 1362 4025 advocabantur,

824 4034 945 4085 dubitari
963 4034 1036 4084 haud
1056 4038 1156 4100 potest.
1185 4034 1275 4098 Atque
1292 4032 1363 4082 lruuo

824 4106 852 4155 in
865 4103 972 4154 modum
987 4104 1071 4155 Grote
1084 4118 1191 4170 quoque
1202 4103 1318 4168 History
1334 4101 1364 4152 ol

823 4173 925 4225 Graece
938 4175 986 4226 1V.
999 4188 1060 4239 pag.
1071 4176 1124 4226 485
1137 4172 1206 4223 haec
1219 4172 1304 4223 rerba
1316 4187 1361 4222 ac·

821 4244 877 4309 cipi
889 4243 958 4307 vult,
974 4244 1092 4309 itemque
1105 4240 1230 4293 Boeckh:
1242 4244 1297 4293 Zur
1310 4242 1360 4292 Ge·

821 4313 944 4365 sehicbte
955 4313 981 4365 d.
992 4312 1172 4378 Mondcyelen
1186 4328 1212 4377 p.
1228 4314 1263 4363 68
1276 4327 1360 4378 sequ,

821 4385 899 4435 cuius
916 4384 1069 4435 sententiae
1083 4381 1308 4448 adstipulandum
1321 4396 1361 4432 es·

822 4469 851 4505 se
884 4462 966 4520 puto,
998 4453 1080 4505 aliter
1107 4453 1233 4518 quamvis
1256 4454 1360 4503 statuat
