3010 5134
452 385 720 447 POLYMNIA.
742 385 815 447 VII.
839 393 994 451 lut—127.

1226 384 1284 447 621

157 565 249 645 ρίου,
274 557 336 647 μήτ
341 554 581 644 ’ἐπεπειρέατο
602 555 717 629 αὐτοῦ.
758 559 835 627 Elei
855 557 891 627 dl
913 553 996 627 κατὰ
1009 562 1112 625 ταῦτα
1126 552 1166 624 τό
1182 565 1357 644 χωρία126

157 664 213 757 παὶ
228 664 360 742 λέοντες
374 664 506 747 πολλοὶ,
530 664 586 730 καὶ
600 662 677 750 βόες
696 657 823 748 ἄγριοι,
843 665 911 729 τῶν
923 689 964 729 τα
952 653 1116 747 κέρεα
1097 662 1289 747 υπερμεγά·

158 764 223 835 θεα
238 767 325 851 ἐστι
345 762 432 846 ιάἐς
439 762 601 853 Ελληνας
616 767 803 852 ῳοιτέοντα
831 790 930 852 ουρος
945 763 981 832 δε
995 778 1080 831 τοισι
1095 764 1211 832 λέουσι
1222 768 1291 834 ἐστι

158 865 224 937 ὅτε
241 864 288 937 δι’
309 863 481 956 Ἀβδήρων
495 871 582 954 ρἐν
596 864 742 957 ποταμός
756 869 884 948 Νέστος
898 870 952 935 καὶ
969 895 986 936 ο
974 861 1052 934 dr'
1072 862 1310 957 Ἀκαρνανίης

159 973 247 1061 ῥέων
266 967 433 1065 Ἀχελῷος.
468 967 546 1040 οὔτε
566 970 630 1060 γὰρ
647 969 684 1039 τδ
707 968 788 1058 πρὸς
808 969 869 1060 τὴν
885 967 934 1059 ἠοῖ
952 974 1012 1038 τοῦ
1032 972 1166 1038 Νέστου
1187 967 1291 1040 ου’δα-

158 1074 240 1163 μόθι
256 1073 362 1162 πόσης
383 1080 439 1162 της
461 1081 654 1163 ἔμπροσθεν
668 1071 834 1161 Εὐρώπης
848 1077 916 1142 ίδοι
931 1100 980 1153 τις
1000 1067 1044 1141 όν
1058 1074 1192 1159 λέοντα,
1214 1073 1293 1144 οὔτε

160 1174 241 1264 πρὸς
254 1178 395 1265 ἑσπέρης
408 1183 469 1246 τοῦ
486 1175 650 1271 Ἀχελῴου
665 1185 702 1247 ἐν
715 1182 756 1268 τῇ
772 1179 934 1268 ἐπιλοίπῳ
949 1172 1093 1269 ἠπείρῳ,
1110 1172 1183 1244 ἄλλ’
1202 1180 1239 1247 ἐν
1253 1183 1294 1270 τῇ

159 1278 283 1369 μεταξὺ
297 1281 426 1349 τούτων
445 1286 514 1350 τῶν
535 1286 694 1369 ποταμῶν
707 1288 870 1367 γίνονται.
909 1274 966 1358 Ὡς
981 1278 1019 1349 δέ
1034 1282 1067 1357 ἐς
1081 1276 1143 1367 τὴν
1156 1281 1360 1369 Θέρμην127

159 1383 298 1453 ἀπίκετο
319 1379 336 1452 ό
357 1387 496 1471 Ξέρξης,
523 1389 642 1470 ἵδρυσε
668 1380 773 1453 αὐτοῦ
791 1382 853 1472 τὴν
872 1381 1038 1471 στρατιήν.
1078 1385 1194 1470 ἐπέσχε
1214 1384 1251 1454 δέ
1273 1380 1291 1454 ό

160 1484 298 1574 στρατὸς
316 1484 420 1556 αὐτοῦ
439 1487 783 1576 στρατοπεδευόμενος
802 1485 864 1576 τὴν
883 1484 973 1575 παρὰ
991 1485 1167 1556 θάλασσαν
1179 1487 1292 1577 χωρην

160 1689 268 1751 leones,
290 1704 338 1754 per
350 1687 568 1754 Peloponnesum
580 1689 704 1755 incogni-

161 1765 214 1811 tos.
249 1758 302 1809 Sed
319 1757 389 1807 idem
408 1759 543 1809 Homerus
560 1763 654 1810 leonem
676 1763 704 1809 et

160 1838 259 1879 tourrun
273 1831 424 1893 pugnantes
438 1828 510 1878 haud
532 1829 614 1880 semei
632 1845 704 1891 eom·

161 1902 294 1948 memoret
312 1898 355 1947 lii.
374 1897 443 1959 Xll,
463 1897 522 1948 2u3.
544 1898 622 1959 XVI,
640 1900 701 1949 487.

160 1969 254 2029 xvn,
272 1968 338 2018 542:
361 1966 478 2033 indeque
502 1970 585 2018 etiem
603 1969 704 2035 Pythie

160 2040 189 2088 in
201 2036 305 2087 oraculi
317 2036 456 2098 versibus,
480 2036 552 2087 inire
565 2040 636 2101 apud
649 2040 704 2088 He·

161 2107 285 2158 rodotum
293 2105 357 2167 VII,
369 2106 421 2156 220
430 2106 555 2170 protetio.
578 2107 645 2156 inde
658 2109 704 2157 ob-

161 2183 256 2229 servet
267 2174 368 2226 Pinder
387 2174 558 2240 (Numismm.
574 2177 662 2226 inedd.
679 2177 701 2228 Ι

161 2263 223 2314 pag.
232 2245 288 2311 20),
299 2244 494 2295 Aeeutlriorum
504 2245 531 2294 in
541 2247 629 2295 nuruis
641 2261 705 2295 oon-

162 2317 232 2382 spiei
254 2319 346 2367 leonem
369 2320 397 2365 et
418 2322 516 2364 taurum
541 2322 703 2380 pugnantes,

162 2387 297 2451 suffertque
311 2400 437 2447 numum,
458 2385 505 2449 qui
521 2385 548 2433 in
561 2391 639 2449 perte
656 2399 705 2433 en·

162 2457 220 2506 tioo
243 2454 351 2505 exhibet
373 2457 468 2505 leonem
494 2458 522 2503 et
543 2454 704 2504 buerenium

142 2542 222 2594 'eum
242 2522 384 2575 cornibus:
416 2525 444 2573 iu
468 2539 521 2591 quo
540 2538 622 2573 numo
642 2523 702 2574 iilu-

162 2595 275 2647 strundo
290 2593 333 2645 vir
346 2592 443 2642 doetus
461 2593 540 2644 huius
553 2593 705 2644 Herodotei

161 2666 217 2716 ioci
229 2680 283 2714 non
298 2663 352 2712 fuit
366 2663 517 2723 immemor;
535 2663 608 2715 coni.
623 2665 706 2713 etiem

163 2732 295 2785 Classical
307 2732 430 2782 Mureom
445 2733 468 2783 Ι.
481 2747 545 2797 pag.
557 2732 591 2783 85
604 2738 631 2782 et
645 2733 707 2783 vide

163 2802 234 2871 qnue
249 2805 282 2853 de
301 2801 425 2851 leonibus
443 2817 492 2867 per
509 2801 560 2852 hus
579 2804 706 2867 regiones

164 2875 226 2924 oiim
238 2872 310 2922 heud
324 2871 539 2943 infrequentibus
553 2873 705 2924 monuimus

164 2943 199 2994 ιι
212 2944 258 3006 vr,
273 2944 316 2993 ιι.

330 3077 396 3129 Cer.
416 3078 539 3129 CXXVI.

199 3177 264 3249 βόες
280 3170 386 3248 όγριοι]
408 3181 544 3234 Credibile
560 3185 602 3233 est
623 3180 657 3232 de
673 3198 705 3233 eo

163 3253 190 3302 h.
198 3253 217 3304 l.
224 3253 270 3316 egi
281 3252 360 3301 boum
370 3267 477 3316 genere,
487 3252 532 3302 eui
542 3267 614 3302 nuno
623 3251 705 3315 vulgo

164 3337 259 3373 nomen
273 3325 315 3372 est
328 3322 458 3371 Auerorlu
470 3337 492 3372 s.
507 3323 615 3373 Νίσαια.
642 3321 706 3371 Plu·

163 3393 232 3442 rime
249 3391 326 3442 debit
336 3390 485 3441 Schneider
498 3393 537 3442 inr
556 3390 704 3442 Anmerkk.

164 3478 189 3513 π.
203 3461 318 3526 Bologg.
332 3459 425 3526 physe.
438 3475 499 3525 ρος.
510 3462 544 3511 25
559 3476 576 3509 ιι
586 3461 635 3511 Gr.
648 3459 706 3509 leu-

165 3533 256 3582 detus.
274 3531 366 3581 Hosoe
375 3530 458 3582 boves
468 3529 623 3592 silvestres,
640 3545 704 3594 quo-

74 3615 77 3620 ·
164 3617 222 3651 rum
234 3615 338 3652 eoruus
351 3601 483 3650 immense
496 3603 560 3649 sunt
571 3600 706 3663 magnitu-

164 3672 237 3734 dine,
255 3671 333 3722 novit
346 3685 453 3735 quoque
464 3668 664 3733 Theopompus,
678 3670 705 3717 in

164 3741 300 3791 Paeonios
309 3739 428 3804 Philippi
441 3738 616 3803 expeditione
628 3753 706 3787 ener-

166 3809 252 3859 rsude
274 3810 315 3859 sie
335 3809 458 3860 scribens
474 3813 545 3859 teste
562 3807 704 3857 Athenaeo

155 3876 220 3940 iil,
235 3878 284 3928 sl·
303 3870 371 3936 τούς
385 3871 416 3927 dl
432 3870 567 3977 Παιόνων
581 3874 706 3944 βασιλεῖς

166 4033 258 4099 πῳιων
275 4032 332 4067 των
336 4014 425 4100 βοων
440 4030 497 4067 των
515 4019 614 4074 αυτοῖς
629 4030 706 4081 peoo-

165 4082 259 4152 μένων
272 4082 378 4152 μεγάλα
382 4084 492 4172 κέρατα
504 4079 652 4166 φυόντων,
666 4101 706 4144 ως

165 4159 269 4239 χωρειν
286 4160 360 4220 τρεῖς
376 4174 394 4222 η
382 4150 543 4238 τέτταρας
557 4147 691 4236 χόαςμι
661 4147 732 4205 ἐκ-·

164 4222 284 4291 πιόματα
297 4229 391 4275 ποιειν
405 4217 484 4286 ἐξ’
447 4224 558 4289 αντιόν,
578 4219 613 4276 τὰ
627 4224 706 4291 χείλη
791 4252 794 4259 ’

165 4310 427 4360 περταρννρονντας
446 4292 495 4345 παλ
519 4293 705 4361 χρυσοῦντας,

166 4371 194 4417 et
205 4382 316 4447 esp.
260 4366 328 4417 .:3l
348 4361 413 4427 περί
425 4357 502 4414 dl
457 4380 524 4449 την
535 4362 705 4415 Μολοσσίδα

167 4429 197 4485 οἱ
214 4425 316 4505 βοες
301 4434 437 4502 νπερφυῆ
455 4427 636 4501 ίστορουνται
661 4433 704 4485 κέ·

753 1702 824 1751 ρατα
850 1681 937 1753 ἐχειν,
968 1683 1033 1751 περί
1062 1673 1103 1735 ὧν
1129 1686 1180 1752 τῆς
1209 1703 1294 1738 κατα-

753 1756 854 1822 σκευῆς
871 1756 1043 1820 Θεόπομπος
1058 1750 1174 1819 ἱστορεῖ,
1216 1759 1294 1821 Ques

752 1826 911 1891 tullerunt,
928 1833 959 1877 ut
970 1827 1005 1877 ud
1017 1827 1150 1877 Herodoti
1165 1830 1249 1880 verbe
1262 1829 1295 1878 il-

752 1897 896 1948 lustrende
916 1896 1041 1960 valeant,
1068 1912 1155 1963 neque
1174 1914 1239 1949 vero
1260 1916 1294 1950 ex

753 1967 893 2018 Herodoto
906 1966 1006 2016 iterate
1019 1967 1179 2030 videantur,
1194 1974 1224 2017 ut
1235 1969 1294 2034 plu·

753 2043 798 2088 cet
811 2035 974 2086 Frornruelio
993 2037 1020 2085 in
1041 2036 1167 2088 Creuneri
1188 2038 1293 2089 Meiett

753 2107 805 2157 ill.
823 2121 886 2171 peg
900 2104 959 2157 139.
985 2106 1026 2155 De
1038 2105 1180 2157 trocheum
1194 2123 1292 2173 genere

753 2192 823 2226 nune
836 2176 989 2240 disputavit
1004 2174 1206 2227 Tchihuteheff.
1228 2181 1294 2229 Asie

753 2249 873 2296 mineure
890 2245 925 2294 il.
941 2260 1004 2310 pag.
1017 2245 1068 2294 750
1084 2261 1160 2312 seqq

788 2311 822 2363 td
840 2305 893 2371 ἐς
893 2313 1018 2378 Ελληνος
1037 2313 1200 2379 φοιτέοντα]
1221 2316 1293 2366 Arti-

754 2385 841 2435 culum
862 2379 929 2440 τούς
944 2387 1050 2449 poste
1022 2374 1050 2439 ἐς
1068 2384 1149 2450 vulgo
1164 2384 1260 2436 libris
1254 2401 1295 2434 rn-

752 2455 818 2504 ritis
831 2454 962 2503 insertum
971 2453 1096 2518 equidem
1109 2470 1167 2504 oum
1179 2460 1294 2504 reeentt.

753 2522 814 2575 edd
833 2522 930 2573 deleri
969 2524 1044 2585 Quos
1060 2523 1168 2574 eosdem
1184 2530 1295 2574 secutus

755 2595 784 2644 in
807 2608 882 2658 seqq
900 2591 962 2642 dedi
987 2584 1126 2659 ἐπιλοίπῳ
1154 2609 1202 2658 pro
1224 2585 1296 2642 όπο-

755 2661 860 2727 λοίπῳ,
903 2660 973 2727 quod
1007 2663 1122 2712 retinuit
1148 2662 1294 2716 Matthiae.

754 2732 796 2783 sd
811 2736 973 2781 structurum
989 2733 1201 2813 praepositionis
1205 2725 1295 2810 πρὸς,

755 2818 825 2868 quee
838 2816 898 2851 eum
915 2802 1074 2851 accusativo
1088 2796 1171 2867 (πρὸς
1180 2817 1233 2867 την
1243 2797 1298 2880 qui)

755 2862 1297 3006 iiiii,323:,iiusffii'ui‘tiff

755 3028 812 3075 rur,
829 3010 884 3061 vid.
900 3009 987 3059 uiiute
1004 3010 1039 3061 ed
1054 2979 1107 3073 IV
1128 3012 1184 3060 122.
1206 3010 1251 3061 iul
1268 3015 1296 3060 et

755 3083 793 3133 ei.
814 3095 884 3146 quse
908 3094 994 3144 nuper
1019 3080 1149 3130 disseruit
1170 3079 1294 3131 Fritschr

754 3149 909 3215 Vergieieh.
929 3150 1066 3200 Beerbeit.
1094 3150 1119 3204 d.
1141 3151 1248 3202 Grieelr.
1269 3166 1296 3203 u.

754 3220 862 3271 Letein.
874 3218 1013 3269 Pertilreln
1025 3220 1062 3270 ΙΙ.
1074 3236 1100 3284 p.
1116 3222 1170 3271 121.
1195 3224 1236 3271 De
1246 3223 1296 3271 Ne·

754 3299 794 3341 sio
813 3289 898 3338 fluvio
916 3288 972 3340 vid.
993 3294 1063 3340 nott.
1083 3291 1118 3340 ud
1137 3291 1207 3353 Vll,
1231 3291 1293 3349 1093

755 3361 788 3409 de
801 3358 909 3408 Acheloo
931 3359 985 3407 vid.
1001 3359 1134 3409 Herodoti
1150 3361 1237 3410 locum
1256 3362 1294 3422 ΙΙ,

759 3430 802 3488 10;
826 3428 897 3478 elios
911 3434 1033 3481 veterum
1050 3428 1126 3479 iooos
1145 3430 1296 3481 attuleruut

756 3497 909 3548 Tzsohuok.
927 3499 954 3547 in
970 3503 1039 3547 nott.
1053 3514 1147 3564 exegg.
1168 3499 1203 3549 ed
1218 3501 1295 3549 Porn-

754 3583 818 3633 pon.
834 3567 897 3617 Mel.
911 3566 947 3631 11,
961 3570 985 3617 3.
1001 3571 1025 3632 3.
1040 3568 1080 3619 10.
1096 3584 1158 3633 pug.
1173 3568 1224 3620 330
1235 3586 1292 3636 seq.

754 3645 783 3689 et
794 3637 926 3702 Perbiger
939 3636 958 3688 i.
974 3637 992 3691 l.
1011 3638 1061 3687 ill.
1075 3653 1101 3702 p.
1116 3639 1177 3700 872²,
1192 3639 1240 3704 qui
1253 3655 1295 3689 re-

752 3708 887 3756 centiores
905 3722 1012 3773 quoque
1029 3705 1165 3758 indioevit
1179 3709 1295 3774 scripto-

753 3791 813 3838 res,
835 3777 880 3840 qui
893 3776 973 3826 huius
990 3777 1080 3838 fluvii,
1099 3778 1141 3827 eui
1156 3792 1228 3828 nuno
1245 3795 1294 3828 no-

754 3861 815 3896 men
828 3847 1027 3909 Aspropotuuro,
1044 3846 1207 3897 mentionem
1222 3849 1295 3900 fece·

754 3920 832 3975 runt3
854 3916 1012 3966 histuudd.
1027 3918 1058 3967 ll.
1072 3917 1235 3968 Sehillbaeh
1250 3924 1293 3970 ἰο.

754 3985 1065 4051 Arehneoiog.Auneig.
1089 3987 1293 4040 xvl.nr.112

678 4075 685 4095 e
755 4057 831 4119 (nuru
844 4054 956 4132 ussup
972 4055 1092 4107 186*.-
1105 4057 1158 4107 Pro
1171 4071 1293 4107 τοντεων

754 4125 864 4175 exhibui
877 4116 994 4173 τούτων.
1041 4192 1044 4197 ⁴

914 4261 977 4313 Cir.
998 4263 1135 4314 CXXVII.
1225 4258 1231 4269 ’

789 4358 884 4449 χτόρην
898 4357 1030 4432 τοσήνδε]
1042 4367 1085 4416 lte
1097 4366 1206 4444 plurimi
1216 4370 1296 4424 codd.

754 4436 860 4501 Quod
852 4452 881 4488 m
897 4436 960 4489 eliis
976 4442 1067 4488 exstet
1086 4431 1220 4502 τοσόνδε,
1241 4456 1295 4493 non
