2998 5138
248 350 288 412 νο
682 350 950 445 nasonem

248 527 395 617 καλύβης
415 553 469 613 τε,
494 529 531 595 ἐν
550 516 574 616 ᾗ
594 530 776 612 διαιτᾶται,
806 529 862 596 καὶ
881 525 990 615 θύρης
1011 530 1222 613 καταπακτῆς
1246 523 1300 595 διὰ
1319 531 1380 594 τῶν

249 640 366 717 ἰκρίων
394 629 483 700 κάτω
510 629 678 719 φερούσης
706 633 739 710 ἐς
767 628 828 718 τὴν
854 639 985 719 λίμνην.
1026 629 1066 700 τὰ
1088 630 1125 699 δὲ
1144 629 1249 718 νήπια
1270 636 1380 699 παιδία
1474 622 1475 629 ¹

250 741 363 806 δέουσι
378 745 437 805 τοῦ
451 732 553 813 ποδὸς
566 734 721 826 σπάρτῳ,
737 733 781 824 μὴ
796 740 1027 823 κατακυλισθῇ
1043 740 1278 822 δειμαίνοντες.
1302 750 1379 802 τοῖσι

248 936 289 986 Ad
305 939 492 1001 argumentum
508 935 562 985 loci
582 935 728 985 tenendum
744 940 794 993 est,
845 935 900 985 vim
914 935 1051 1002 quandam
1061 933 1183 1000 adeoque
1193 936 1329 998 impetum,
1343 947 1382 982 cu·

247 1005 318 1055 banc
331 1004 413 1055 sedes
433 1005 588 1055 exstruendi
603 1006 735 1055 rationem
750 1004 795 1055 vel
846 1006 890 1054 ius
910 1005 1025 1055 certain
1041 1004 1196 1055 huiusmodi
1213 1004 1302 1054 ianuis
1314 1007 1382 1066 pate·

247 1074 327 1125 hodie
345 1076 458 1140 reperiri
474 1076 547 1139 apud
560 1075 695 1125 Cossccos
712 1076 796 1124 Doni·
846 1074 981 1126 faciendis
996 1074 1086 1125 nullus
1101 1072 1187 1125 locus.
1218 1075 1307 1136 Quare
1324 1072 1381 1121 reti-

247 1160 309 1205 cos,
331 1161 443 1209 quorum
459 1146 523 1196 urbs
539 1146 663 1210 princeps
681 1144 795 1195 Tseber-
845 1146 963 1196 neudum
978 1150 1071 1195 censet
1080 1141 1276 1207 serunensis,
1289 1142 1330 1190 vel
1341 1156 1382 1205 po-

247 1214 318 1265 kask
331 1214 414 1264 simili
423 1214 503 1265 modo
513 1216 541 1265 in
552 1215 634 1265 fluvio
643 1214 738 1279 rapido
750 1232 795 1265 er·
845 1217 900 1265 tius
910 1214 1080 1266 scribendum
1093 1209 1285 1277 καταπηκτῆς.
1306 1212 1382 1275 Equi·
1474 1244 1475 1247 η

248 1289 354 1334 structa
367 1301 426 1335 esse
446 1284 545 1347 fertur,
569 1286 609 1334 ita
625 1288 656 1335 ut
671 1285 794 1348 singulae
846 1284 906 1335 dem
931 1301 991 1336 curu
1015 1283 1167 1334 editoribus
1187 1283 1309 1333 omnibus
1329 1279 1381 1328 vul·

247 1355 328 1406 aedes
340 1354 410 1421 palis
424 1358 629 1419 superstructae
639 1356 693 1404 sint
705 1354 733 1403 in
746 1355 793 1404 flu-
843 1360 938 1419 gstam
956 1353 1139 1414 καταπακτῆς
1160 1359 1189 1404 et
1206 1343 1382 1413 καταπακτὴν

247 1424 320 1475 vium
334 1424 477 1487 demissis,
492 1426 539 1490 qni
552 1423 626 1474 baud
638 1440 700 1475 ruro
711 1438 794 1473 exun·
842 1424 955 1490 reliqui,
974 1439 1054 1489 quam
1064 1423 1146 1473 Valla
1156 1439 1189 1473 ac
1198 1424 1298 1473 Portus
1308 1422 1381 1469 inter·

248 1495 318 1543 dans
337 1495 454 1559 speciem
467 1493 543 1545 lacus
557 1510 624 1545 sane
638 1494 739 1546 reterre
754 1495 792 1544 vi·
843 1499 987 1559 pretiantur
1004 1497 1103 1545 ianuam
1115 1493 1177 1543 berre
1194 1500 1342 1555 compactum
1358 1495 1383 1539 et

247 1563 334 1615 detur.
355 1564 417 1615 Vid.
429 1563 544 1615 Clarlre:
558 1564 683 1615 Travels.
695 1565 717 1615 1.
729 1579 790 1629 pag.
838 1566 945 1627 fimuiter
955 1565 1111 1627 obseratum,
1124 1562 1293 1613 Gronovius:
1312 1561 1382 1621 ‹lepu-

246 1634 298 1684 274
317 1650 375 1698 seq.
394 1633 446 1684 296
465 1650 539 1699 seqq.
562 1634 653 1699 ibique
669 1634 790 1684 tabulam
842 1638 1028 1693 ctamiauuum,
1041 1632 1326 1697 Schweighaeuserus:
1340 1630 1382 1691 pli·

246 1704 442 1754 aeriincisem.
470 1705 560 1765 Quid?
576 1704 646 1770 quod
660 1719 745 1768 nuper
756 1703 792 1753 sd
841 1706 955 1763 rutilent,
988 1718 1069 1768 quam
1094 1704 1122 1752 in
1144 1704 1248 1753 Lesico
1271 1699 1383 1750 Herodo-

245 1772 294 1823 hos
309 1774 430 1824 Paeones
444 1788 590 1838 eorumque
606 1773 793 1824 habitationes
842 1778 888 1822 teo
902 1773 1006 1824 reddit:
1027 1776 1127 1824 ιἰιιιααυι
1138 1789 1187 1823 νοτ
1205 1779 1323 1831 ereetum,
1340 1766 1381 1817 sed

245 1842 342 1893 retulit
358 1846 455 1908 Vouga
472 1843 583 1907 (Athen.
606 1843 691 1907 franc.
715 1844 790 1894 1855.
842 1844 908 1894 driusi
919 1851 1027 1893 stratum
1046 1848 1074 1893 et
1089 1844 1130 1892 ita
1144 1845 1328 1908 compactam,
1346 1842 1381 1896 ul,

246 1928 286 1961 ur.
305 1912 325 1961 l.
343 1928 406 1977 pag.
425 1911 469 1975 21)
491 1929 550 1963 earn
568 1913 716 1976 rationem,
739 1929 793 1977 qua
843 1913 1057 1978 quandoclauss
1069 1917 1216 1975 erat,cum
1229 1910 1331 1976 reliquo
1344 1912 1381 1955 ta-

230 2004 234 2009 ·
247 1981 342 2031 Celtae
354 1983 444 2046 prisco
456 1979 600 2032 admodum
613 1998 682 2033 aevo
693 1984 728 2032 ud
738 1984 792 2033 Tu·
844 1983 937 2033 bulato
954 1985 980 2032 in
998 1982 1092 2033 eodem
1105 1988 1177 2033 esset
1193 1983 1286 2049 plano.
1317 1977 1381 2027 Hinc

245 2051 377 2102 nicensem
396 2050 485 2101 laeum
500 2051 641 2103 habitasse
659 2053 792 2115 feruntur,
843 2054 938 2119 procul
967 2053 1050 2103 dnbio
1079 2058 1217 2103 nostrum:
1252 2047 1381 2106 Falltlire,

246 2136 377 2186 perquam
395 2118 526 2182 similem,
550 2125 581 2171 ut
595 2120 737 2171 declarant
752 2138 791 2172 re·
844 2123 979 2189 quelutre.
993 2124 1114 2185 Quocum
1124 2122 1381 2172 etiambenecouve·

246 2207 310 2242 cens
336 2191 444 2242 detecta
472 2190 578 2242 aedium
609 2197 636 2241 et
663 2191 792 2242 cellarum
842 2193 1009 2244 nituerbum
1026 2184 1191 2241 ἆνακλίνειν
1207 2191 1240 2242 de
1258 2184 1381 2240 eiusmodi

245 2261 400 2325 fragmenta
416 2276 464 2326 per
480 2261 624 2312 Helvetiae
643 2261 733 2317 laeus.
759 2262 792 2312 de
842 2255 1380 2328 loribusqrmmloaperuerimubeneadbi-

246 2331 343 2395 quibus
354 2330 448 2380 retulit
457 2332 539 2384 Ferd.
547 2331 651 2383 Keller:
667 2332 720 2381 Die
730 2332 792 2382 Kel-
842 2334 939 2394 bitum,
950 2348 1010 2383 eam
1024 2334 1133 2398 proprie
1144 2334 1180 2383 sit
1191 2332 1330 2398 reflectere,
1344 2340 1382 2374 rr·
1474 2346 1475 2349 ¹

245 2400 352 2450 tisehen
365 2401 546 2452 Piablbanten
565 2403 593 2451 in
610 2402 661 2452 den
676 2400 791 2452 Schwei·
840 2405 962 2466 aspirare
982 2411 1053 2453 reiro
1064 2418 1167 2468 ponere,
1181 2400 1254 2466 quod
1268 2399 1335 2449 idem
1345 2396 1382 2443 cst

246 2486 371 2533 nemeen,
391 2472 432 2520 in:
449 2471 651 2536 Mitthsilungg.
676 2470 701 2519 di
718 2472 791 2521 anti·
841 2480 925 2537 atque
943 2475 1060 2534 aperire,
1079 2477 1111 2523 ut
1129 2473 1203 2537 apud
1220 2472 1327 2521 Homer.
1340 2463 1379 2513 lli·

246 2556 324 2605 quar.
346 2540 494 2592 Gesellsch.
519 2543 547 2592 in
568 2540 667 2591 Ziirich
685 2542 739 2604 ΙΙΙ,
763 2544 788 2594 2.
842 2545 875 2597 V.
888 2543 947 2593 751.
961 2542 1013 2601 IX,
1027 2541 1087 2594 395.
1105 2543 1204 2605 Odyss.
1221 2539 1314 2595 XXII,
1329 2533 1380 2609 liti·

245 2611 313 2661 fasc.
331 2611 357 2662 3.
377 2627 439 2676 pag.
461 2612 493 2662 67
509 2627 584 2677 seqq.
624 2612 708 2663 Hisce
728 2613 791 2661 add.
845 2612 902 2663 157.
918 2613 966 2673 XI,
981 2612 1139 2665 525-Αδ
1154 2600 1286 2661 verbasci
1299 2598 1381 2680 δὲηα-

244 2681 304 2730 Alb.
320 2680 389 2731 lehn
403 2687 431 2730 et
440 2683 462 2731 Ι.
472 2681 621 2733 Uhlmsnu:
640 2682 692 2731 Die
702 2679 793 2730 Pfahl-
842 2697 895 2730 πια
908 2679 1011 2730 παιδία
1024 2676 1120 2731 δέουσι
1133 2680 1185 2729 τοῦ
1200 2672 1290 2734 ποδὸς
1303 2687 1381 2732 οταν·

244 2749 495 2801 bau-Altertbiimer
507 2766 560 2802 uon
572 2750 746 2801 Moossedori
754 2751 791 2799 im
841 2767 880 2817 τῳ
905 2751 934 2815 (i.
962 2766 984 2801 e.
1007 2752 1118 2813 insanies
1142 2751 1264 2814 emperie
1284 2748 1381 2809 alliserat

244 2821 355 2869 Kanton
373 2822 444 2869 Beru
464 2819 546 2885 (Beru
561 2818 654 2884 1857),
676 2821 724 2869 nbi
738 2821 792 2871 Hc·
838 2820 912 2886 sime)
923 2820 1083 2886 Wesseliug.
1095 2826 1238 2884 comparat
1248 2810 1381 2867 Heliodori

244 2889 334 2939 rodoti
348 2904 455 2954 quoque
476 2889 553 2940 loeus
570 2889 683 2939 affertur
696 2892 791 2954 pag.2
842 2891 988 2956 Aethiopp.
1010 2892 1034 2942 1.
1059 2890 1130 2957 [cap.
1146 2888 1174 2955 5]
1195 2890 1280 2955 p.ll.
1312 2886 1381 2934 V⁰c⁰

245 2973 320 3022 seq:
339 2958 410 3008 ande
428 2976 497 3010 cave
513 2959 643 3023 colligas,
668 2960 790 3009 Paeones
842 2952 968 3022 σπύρτου
983 2976 1035 3011 uno
1047 2961 1109 3011 loco
1119 2961 1255 3010 Homerus
1268 2959 1309 3006 eat
1319 2965 1380 3002 usui

245 3026 367 3080 Celticae
383 3029 476 3094 stirpis
491 3029 591 3080 fuisse:
617 3044 704 3094 neque
718 3030 790 3079 enim
841 3030 883 3082 Ili.
892 3031 930 3093 11,
940 3030 998 3094 135,
1011 3032 1058 3080 ubi
1068 3031 1123 3080 vid.
1133 3032 1294 3094 interpretes
1304 3025 1381 3074 Grae-

244 3097 319 3148 eliud
334 3098 397 3163 quid
411 3099 475 3149 inde
488 3101 627 3164 sequitur,
641 3099 696 3148 nisi
712 3099 790 3161 illud,
841 3115 888 3151 cos
908 3103 990 3165 utque
1008 3099 1124 3150 Gellium
1145 3100 1178 3149 N.
1198 3099 1230 3150 Α.
1251 3089 1378 3152 xv11‚3·

244 3168 397 3232 complures
415 3169 535 3219 inveniri
554 3169 705 3233 antiquitus
725 3185 789 3234 gen·
840 3170 902 3220 Alia
918 3170 997 3220 dabit
1014 3169 1094 3220 Thes.
1112 3170 1191 3234 Ling.
1214 3170 1260 3219 Gr.
1279 3162 1377 3223 vll-12·

244 3244 302 3298 tes,
321 3253 390 3301 quae
409 3240 437 3287 in
452 3239 521 3303 ipris
539 3239 619 3303 aquis
634 3237 789 3289 huiusmodi
839 3239 890 3291 558
903 3239 945 3292 ed.
957 3240 1084 3289 Dindorf.
1109 3239 1279 3291 Homericam
1291 3242 1379 3283 vocem

243 3307 384 3358 domicilia
394 3309 447 3358 sibi
456 3309 613 3358 struxerint.
627 3336 656 3344 -
672 3309 788 3358 Verbum
838 3302 956 3373 νήπιος,
971 3307 1004 3359 de
1017 3325 1071 3374 qua
1086 3308 1163 3374 plura
1173 3309 1201 3358 in
1212 3302 1320 3360 Lexicis
1330 3305 1379 3349 tra·

243 3377 358 3438 κρατεῖν
379 3377 473 3428 latiori
493 3380 589 3443 opinor
610 3392 691 3428 seusu
716 3379 788 3429 aeci·
840 3380 1043 3440 duntur,uemo
1060 3379 1175 3442 ignorat.
1200 3367 1380 3439 anpotissi·

244 3447 370 3513 piendum
383 3448 417 3498 de
429 3464 475 3511 eo,
489 3449 535 3513 qui
549 3449 659 3498 donuuus
672 3447 789 3498 alicuius
840 3465 911 3499 mum
933 3449 1038 3499 faciunt
1059 3449 1088 3499 bi
1106 3449 1163 3499 iere
1185 3447 1253 3498 loci:
1281 3436 1379 3505 νήπιος

243 3518 284 3567 rei
307 3515 423 3568 habetur
449 3533 563 3584 eumque
586 3520 707 3581 possidet.
746 3517 789 3567 Cf.
839 3510 903 3576 υἷός
919 3518 1019 3578 desitis
1035 3507 1377 3583 infanrelli.v,48⁰.68⁸·

243 3586 326 3637 Thes.
340 3587 421 3653 Ling.
433 3588 529 3639 Graec.
544 3590 589 3640 lV.
604 3604 631 3653 p.
647 3588 713 3639 1925
723 3588 790 3637 Din·
839 3589 877 3639 Vl
887 3626 894 3649 ‚
906 3588 966 3640 306.
983 3587 1045 3639 400.
1077 3580 1168 3652 νήπια
1181 3580 1266 3635 τέκνα
1284 3581 1325 3633 Ili.
1343 3575 1378 3635 ll,

243 3656 314 3707 dori.
842 3658 890 3709 136
905 3656 966 3710 coll.
982 3655 1043 3708 311.
1059 3658 1106 3719 IV,
1118 3657 1178 3709 238.
1193 3658 1242 3721 Vl,
1255 3655 1288 3705 lib
1300 3653 1349 3701 ete·

277 3721 373 3790 θύρης
382 3724 573 3792 καταπακτῆς]
585 3727 714 3779 Reiskius
725 3728 789 3777 scri·
867 3722 905 3792 μή
913 3727 1108 3792 κατακυλισθῇ
1119 3717 1348 3796 διιμαίνοντεςᾙ·
1356 3730 1377 3763 ⁰¹

242 3796 271 3846 bi
283 3797 389 3847 mavult
404 3793 600 3860 καταρρακτής
612 3802 640 3848 et
654 3814 725 3859 mox,
741 3798 789 3847 ubi
838 3802 962 3861 timentes,
981 3815 1013 3847 ue
1024 3799 1136 3860 infantes
1156 3796 1230 3861 (nam
1247 3787 1280 3842 τὰ
1294 3796 1378 3853 vum&

243 3867 314 3917 idem
324 3859 787 3932 reditvocabulummuruooorarriv,
839 3865 941 3917 παιδία
966 3872 1054 3917 mente
1078 3868 1133 3918 huc
1151 3864 1324 3931 repetendum
1347 3867 1378 3905 εἰ

243 3941 274 3987 ut
285 3940 363 3987 iurrua
375 3936 510 3987 eiusmodi
521 3937 702 4002 intelligatur,
717 3953 787 4003 qnae
838 3937 1074 4001 antecedentibus)
1090 3938 1205 3988 deorsum
1215 3937 1345 4007 solvantur
1356 3938 1377 3971 ⁸·

243 4005 336 4056 attolli
359 4022 390 4057 ac
414 4006 524 4057 demitti
542 4013 634 4072 queat.
672 4007 786 4058 Reislrio
835 4009 979 4073 procidant.
1011 4009 1111 4057 Forma
1129 4000 1322 4066 κατακυλισδη
1342 4008 1378 4043 ιθ·

242 4077 363 4128 accessit
387 4075 511 4126 Dindori.
543 4077 570 4126 in
593 4077 674 4127 Thes.
704 4077 784 4142 Liug.
837 4071 1305 4143 perendaaverboauresaures,
1327 4076 1376 4115 ‘¹⁰¹¹

242 4147 341 4197 Graec.
359 4147 406 4197 IV.
426 4163 453 4211 p.
470 4146 611 4197 11650011.
632 4147 703 4199 ¹203.
733 4147 785 4198 Sed
838 4164 855 4197 a
868 4145 1042 4208 susurriis),
1061 4152 1092 4197 at
1105 4152 1178 4197 recte
1193 4147 1283 4196 monet
1296 4133 1377 4189 Cobet

242 4222 316 4269 reete
330 4217 425 4267 reiecit
434 4216 633 4282 Wesselingius
647 4217 716 4268 banc
729 4234 787 4267 mu-
839 4220 866 4268 in
879 4221 1047 4282 Mnemosyn.
1057 4217 1123 4269 Vll.
1134 4233 1160 4281 p.
1177 4217 1224 4266 178
1236 4230 1291 4277 seq.
1304 4205 1376 4274 plura

240 4289 388 4349 tationem,
411 4287 455 4337 cui
475 4286 539 4336 libri
562 4288 659 4351 scripti
681 4304 787 4353 quoque
838 4288 871 4339 dc
883 4289 934 4339 hoc
944 4288 1027 4338 verbo
1037 4303 1070 4337 ac
1080 4287 1212 4338 similibus
1222 4282 1310 4336 verbis
1321 4287 1376 4340 9¹⁰·

243 4357 534 4417 adversanturonmes‚
546 4358 677 4423 siquidem
689 4373 788 4417 καταρ-
838 4358 939 4409 ferens.
973 4356 1042 4410 Add.
1062 4358 1178 4409 Bredou
1202 4374 1228 4421 p.
1246 4342 1374 4406 stultit

243 4421 348 4492 ρύιιτης
362 4443 467 4493 semper
481 4428 535 4479 sibi
556 4430 690 4479 sociatam
706 4428 789 4477 babet
837 4427 916 4493 Apud
925 4428 1073 4479 Homerum
1085 4427 1158 4478 baud
1167 4426 1322 4491 infrequens
1332 4425 1375 4461 δυ·
