2970 5128
478 366 658 432 ERATO.
686 364 742 432 VI.
763 376 806 437 39·
829 379 873 435 40.

1121 406 1127 419 ι
1179 362 1240 433 273

128 542 201 615 iria
219 548 284 614 τῶν
299 543 506 632 κατεχόντων
520 543 726 633 πρηγμάτων
739 544 963 634 χαλεπώτερα.
987 549 1087 638 τρίτῳ
1101 545 1163 634 μὲν
1176 544 1240 637 γὰρ

126 649 316 718 ἔτεῑτούτων
328 646 470 728 Σκύθας
485 651 658 737 ἐκφεύγει·
686 650 824 718 Σκύθαι
839 647 903 737 γὰρ
923 654 958 719 οί
969 647 1111 735 νομάδες
1126 653 1238 736 ἐρεθι-

123 879 215 944 iugisss
223 880 326 939 tradst;
341 879 494 930 Miltiadem
504 879 573 929 enim
582 878 648 929 Gro-

124 954 145 999 te
161 950 292 998 existimat
310 950 384 999 haud
405 950 509 1000 diutius
525 951 647 1013 potuisse

124 1020 145 1067 in
158 1017 319 1069 Chersoneso
331 1035 450 1081 manere,
464 1035 524 1069 cum
535 1019 647 1068 ionibus

123 1088 250 1138 consilium
270 1089 393 1139 dedisset
413 1089 504 1153 pontis
522 1087 649 1137 solvendi

122 1156 227 1213 (Herod.
246 1159 298 1219 1v,
321 1156 385 1221 137)
406 1173 492 1223 eoque
505 1159 648 1208 Persarum

122 1225 199 1276 odium
212 1231 238 1276 in
253 1244 282 1279 se
296 1228 491 1278 convertisset.
525 1228 581 1276 Nos
601 1227 649 1275 ad·

121 1298 245 1358 iiciamus,
268 1312 337 1362 quae
351 1297 384 1347 de
403 1298 464 1347 loco
477 1298 572 1360 utique
593 1311 647 1344 non

121 1367 179 1416 satis
190 1366 314 1431 expedito
335 1366 397 1416 olirn
415 1366 531 1431 protulit
550 1382 583 1415 sc
596 1382 646 1415 me·

120 1451 170 1484 eum
181 1435 392 1486 communicarit
407 1437 449 1485 uir
461 1435 646 1486 nobilissimus

119 1504 227 1569 idemque
241 1505 417 1556 doctissimus
434 1504 515 1554 Liber
528 1505 600 1554 Baro
614 1504 648 1552 de

120 1574 291 1638 Reireustein,
312 1575 402 1639 quiin
418 1574 553 1624 Budsrum
566 1574 647 1623 rebus

119 1645 231 1708 regundis
253 1658 387 1695 summurn
411 1659 427 1693 a
446 1643 568 1707 principe
587 1647 647 1707 ipso

119 1714 276 1763 serenissimo
302 1714 462 1763 obtinuerat
485 1712 583 1762 locum.
619 1712 647 1761 1s

119 1782 190 1832 rerba
207 1776 240 1831 τὰ
256 1780 415 1846 κατέχοντα
431 1776 581 1845 πρήγματα
593 1797 647 1831 non

118 1852 186 1902 aliter
212 1852 320 1918 quidem
346 1866 379 1902 ac
400 1851 598 1915 Wesselingius
621 1856 649 1900 et

118 1920 380 1986 Schweighaeuserus
400 1922 489 1986 accipi
505 1921 579 1983 vult,
600 1921 647 1971 sed

119 1991 175 2040 bene
187 1991 365 2056 eadistingui
379 2006 395 2040 u
408 1990 544 2055 prioribus
558 1990 647 2052 rebus,

118 2060 147 2109 ab
157 2062 188 2110 iis
202 2061 276 2123 scih,
291 2076 362 2126 quas
378 2067 441 2126 post
453 2060 597 2109 nomadum
607 2060 647 2109 in·

118 2132 255 2181 cursionem
264 2132 354 2181 redux
363 2129 454 2180 iactus
465 2131 583 2192 invenit,
596 2134 648 2178 ter·

118 2215 165 2248 τιτι
178 2200 236 2251 dico
246 2216 263 2250 a
273 2200 402 2250 barbaris
412 2205 549 2250 vastatam
559 2213 592 2248 ac
604 2198 648 2248 de-

119 2269 237 2333 solatam,
258 2285 333 2336 quae
354 2270 491 2319 revocatis
513 2268 649 2333 prioribus

121 2340 365 2392 incolisrelrecens
373 2336 604 2392 inductiacolouis
612 2336 648 2387 ad

118 2409 219 2470 priorem
232 2412 308 2460 floris
331 2414 432 2458 statum
448 2408 604 2459 revocanda
622 2423 649 2457 e·

119 2483 167 2536 rst;
192 2494 260 2544 qnae
278 2481 433 2543 sequuntur
456 2478 539 2529 verba
563 2475 648 2542 τρίτῳ

118 2538 159 2608 μὲι
171 2543 219 2612 γὰρ
234 2542 291 2598 ἔτεϊ
304 2562 331 2596 κ.
342 2562 366 2595 τ.
384 2546 407 2597 i.
422 2562 508 2611 usque
522 2546 647 2596 adfinem

118 2618 204 2680 capitis
230 2618 379 2669 interiecta
404 2616 529 2667 ridentur
553 2615 589 2665 ad
615 2631 648 2664 ea

119 2689 270 2752 enarranda,
288 2702 362 2752 quae
376 2685 409 2736 ob
428 2686 490 2738 illas
504 2687 578 2750 ipsus
594 2702 647 2746 res,

119 2756 258 2819 quasillum
275 2772 360 2822 quam
372 2757 487 2805 maxime
501 2757 646 2817 tenuerint,

119 2825 262 2877 acciderint.
287 2826 455 2876 Aduerbium
466 2821 564 2873 υετοοτί
576 2826 647 2875 idem

119 2894 153 2943 rir
166 2896 358 2961 sagacissimus
378 2895 487 2944 minime
509 2894 541 2945 de
561 2895 647 2958 primo

118 2963 238 3015 Miltiadis
255 2966 380 3016 adventu
394 2966 423 3013 in
438 2964 646 3027 Chersonesum,

119 3033 158 3083 ssd
172 3035 202 3085 de
214 3036 315 3098 reditu,
329 3035 461 3099 regressis
472 3032 592 3098 Scythis,
609 3036 649 3082 in-

119 3102 194 3167 telligi
206 3105 274 3168 vult,
289 3119 353 3154 curn
364 3104 472 3153 initium
486 3118 548 3167 cap.
558 3103 593 3152 40
605 3117 648 3151 ar·

53 3201 57 3210 ·
118 3180 155 3222 cte
165 3173 307 3224 cohaereat
316 3172 359 3237 (ut
370 3172 499 3237 diximus)
512 3188 572 3223 cum
586 3188 646 3236 cap.

119 3241 146 3291 33
157 3242 198 3291 fin.
212 3244 270 3293 sire
283 3259 345 3294 cum
359 3245 516 3292 narratione
525 3242 558 3291 de
567 3240 649 3291 Cher-

117 3313 197 3362 sonesi
208 3313 321 3363 urbibus
330 3312 493 3362 Phoenicum
505 3310 593 3361 classe
602 3327 649 3361 er-

118 3384 242 3444 pugnatis,
255 3381 348 3431 adhuc
360 3378 450 3445 (μέχρι
460 3376 533 3444 τότε)
549 3381 649 3430 Miltia·

119 3448 153 3497 dis
165 3452 273 3515 imperio
295 3450 430 3513 subditis,
450 3452 495 3515 qui
513 3465 567 3499 non
581 3449 650 3499 mul·

119 3522 166 3567 tum
177 3527 239 3571 aute
252 3520 421 3570 Phoenicum
437 3522 583 3570 adrentum
595 3519 650 3582 (υε-

119 3586 187 3652 ourl)
199 3605 258 3639 cum
273 3605 307 3640 eo
321 3589 455 3653 rediisset,
469 3588 554 3639 inulta
566 3589 649 3639 offen-

120 3656 154 3706 dit
174 3652 221 3723 (τά
238 3658 394 3723 κατέχοντα
413 3654 594 3723 πρήγματα),
620 3659 648 3708 in

119 3728 206 3789 quihus
217 3728 348 3780 curandis
361 3728 404 3777 rel
415 3731 555 3792 graviora,
571 3727 649 3791 χαλε-

120 3791 220 3860 τύτερα
237 3797 398 3862 (adveutum
417 3798 479 3848 dico
491 3796 587 3847 classis
603 3796 649 3846 ho-

119 3864 190 3927 stilis,
197 3883 249 3934 qua
258 3868 351 3931 iugem
361 3873 453 3931 petere
462 3872 574 3917 coactus
584 3864 648 3930 est),

119 3937 345 3999 superveniebant.
367 3938 446 3988 Unde
458 3938 591 4001 sequitur,
605 3952 650 3985 eo·

120 4002 172 4053 dem
188 4006 246 4056 riro
267 4012 407 4069 monente,
425 4006 589 4071 Scytharum
609 4007 650 4053 iu·

118 4076 263 4126 cursiouem
280 4077 362 4126 tertio
378 4082 442 4127 ante
458 4075 592 4126 Miltiadis
606 4075 649 4124 iu-

118 4157 174 4203 gam
188 4144 300 4196 alterurn
319 4161 391 4197 anuo
409 4151 436 4196 et
455 4144 573 4195 secundo
585 4149 651 4194 ante

120 4212 234 4264 Miletum
251 4220 374 4279 captam,
397 4223 497 4265 octavo
516 4214 559 4264 rel
578 4229 649 4263 nono

119 4280 251 4335 decimore
261 4286 343 4349 igitur
355 4301 427 4335 anno
443 4290 505 4350 post
514 4284 594 4334 Darii
607 4298 652 4333 ex-

120 4352 278 4412 peditionem
287 4355 427 4405 accidisse.
449 4353 527 4417 Quod
541 4355 565 4403 si
580 4369 652 4403 sum-

121 4422 211 4485 pseris,
223 4423 268 4474 rel
282 4423 376 4474 melius
390 4424 513 4490 singulas
525 4438 569 4474 res
587 4439 651 4475 con-

151 4524 310 4573 flaaonor.
330 4529 379 4572 111.

699 881 791 931 venire
813 885 900 944 patet.
932 882 1029 943 ltaque
1042 881 1178 934 Miltiadis
1196 882 1240 933 su-

697 965 776 1014 gam,
790 965 851 999 cum
866 950 984 1013 Scythae
1004 953 1122 1019 ingressi
1137 958 1239 1015 essent,

699 1020 770 1069 idem
796 1019 841 1068 ille
868 1022 946 1084 pouit
972 1026 1054 1073 tertio
1077 1030 1142 1073 ante
1166 1037 1239 1072 anno

697 1103 780 1153 quam
794 1089 915 1139 Athenas
933 1090 1060 1153 redierit3
1081 1098 1162 1157 atque
1177 1108 1239 1141 cum

698 1157 815 1223 Scythas
845 1159 872 1207 in
891 1158 1059 1212 Chersoneso
1081 1163 1148 1212 duos
1166 1167 1239 1213 certe

697 1242 783 1277 annos
797 1228 929 1278 mansisse
940 1231 1080 1293 probabile
1089 1232 1134 1294 sit,
1143 1234 1239 1281 tertio-

698 1313 749 1361 que
773 1297 879 1346 demum
898 1298 1049 1351 Miltiadem
1073 1317 1090 1350 a
1107 1300 1239 1350 Doloncis

697 1368 851 1428 reductum,
868 1366 914 1417 ille
931 1367 1038 1433 aliquot
1054 1369 1152 1420 abhinc
1166 1385 1239 1420 men·

697 1436 772 1486 sibus
792 1431 913 1501 (semoti,
927 1437 1019 1503 nuper)
1037 1440 1182 1490 advenisse
1199 1440 1239 1489 ri-

698 1506 792 1567 detur,
814 1521 874 1555 cum
895 1506 975 1557 rebus
995 1524 1067 1557 nunc
1085 1509 1238 1558 tractandis

697 1574 740 1624 vel
762 1575 921 1640 graviores,
943 1577 1057 1627 classem
1074 1578 1239 1628 Phoenicum

698 1644 760 1695 dico
791 1647 1041 1710 supervenientem,
1078 1647 1238 1711 inciderent,

699 1714 795 1777 quibus
814 1719 844 1763 ut
858 1713 981 1765 Athenas
998 1716 1158 1781 confugeret
1178 1732 1239 1767 coa·

696 1790 757 1832 ctus
771 1788 822 1834 est.

731 1850 816 1919 τρίτῳ
830 1844 887 1900 ἔτεϊ
902 1844 1023 1917 τούτων]
1051 1843 1161 1902 τούτων
1176 1854 1238 1905 dedi

697 1938 745 1986 pro
759 1916 892 1970 τουτέων.
904 1949 939 1959 -
955 1923 1039 1983 „Hoc
1060 1938 1106 1988 per
1121 1939 1150 1973 se
1164 1925 1238 1988 posi-

699 1997 757 2041 tum
778 1995 888 2056 poterat
909 1994 982 2041 lertio
998 2000 1057 2054 post
1070 2008 1136 2044 anuo
1155 1996 1239 2059 signi-

697 2061 788 2124 ficare,
815 2062 888 2110 sicut
910 2057 1031 2129 δευτέρῳ
1049 2055 1106 2111 ἔτεϊ
1127 2057 1238 2112 τούτου

698 2146 759 2195 cap.
769 2131 817 2189 463
834 2130 881 2179 sed
895 2146 927 2180 ex
938 2130 1077 2181 adiunctis
1089 2131 1142 2185 h.l.
1154 2131 1238 2183 facile

698 2206 827 2265 apparet,
852 2203 927 2250 tertio
950 2210 1010 2250 aute
1027 2216 1094 2250 ακτο
1113 2202 1238 2267 intelligi,

699 2271 770 2335 quod
784 2271 871 2334 ipsum
886 2283 993 2333 quoque
1004 2285 1066 2319 mox
1082 2271 1111 2319 in
1122 2269 1174 2320 fine
1189 2272 1239 2320 hu-

697 2340 741 2390 ius
760 2354 820 2403 cap.
843 2339 946 2388 diserte
964 2338 1133 2402 declaretur,
1153 2340 1238 2406 τρίτῳ

698 2403 754 2458 ἔτει·
773 2399 988 2470 πρότεροντῶν
1007 2400 1070 2457 τότε
1089 2422 1139 2471 μιν
1159 2422 1238 2457 κατε-

698 2470 839 2543 χύυτοτυ.“
864 2475 1035 2541 Schweiplr.
1064 2477 1238 2528 AddKueh-

699 2563 747 2597 uer
762 2546 809 2596 Gr.
823 2545 868 2595 Gr.
886 2549 911 2608 ξ.
930 2548 982 2597 514
997 2553 1025 2595 et
1045 2548 1082 2598 ci.
1100 2547 1239 2597 Weissen-

697 2618 779 2667 born:
797 2615 892 2665 Hellas
908 2630 971 2680 pag.
983 2616 1018 2666 94
1037 2631 1094 2681 seq.
1126 2617 1238 2680 Probat,

697 2688 776 2737 cuius
790 2684 869 2735 modo
882 2686 965 2734 attuli
977 2685 1239 2752 interpretationem,

697 2757 779 2807 Liber
792 2756 864 2804 Baro
877 2755 911 2805 de
925 2755 1110 2806 Reizenstein.

732 2816 852 2882 Σκύθας
863 2816 1004 2890 ἐκφεύγει]
1020 2815 1171 2889 „euprepes
1180 2824 1240 2877 vul·

696 2911 731 2960 go
749 2895 851 2952 editur3
878 2896 987 2959 quaesi
1007 2910 1072 2944 uera
1093 2897 1238 2959 scriptura,

697 2965 810 3015 verbum
841 2955 989 3026 ἐκφεύγειν
1020 2979 1074 3014 uon
1107 2972 1240 3016 consueta

697 3035 803 3099 slioqui
818 3034 944 3093 notione,
965 3039 996 3083 ut
1014 3034 1126 3098 capilii
1147 3037 1239 3101 accipi

698 3104 808 3153 debebit
838 3103 905 3168 (nec
935 3104 1004 3152 euim
1029 3103 1080 3153 hoc
1110 3107 1239 3155 admodum

695 3182 848 3239 praecerat,
856 3171 1052 3237 quodScythas
1063 3173 1177 3239 effupitk
1190 3175 1239 3225 sed

699 3236 828 3306 ἐκφεύγει
848 3241 874 3291 h.
894 3241 913 3290 l.
930 3241 1001 3291 idem
1021 3247 1103 3308 atque
1124 3243 1239 3308 simplex

700 3304 798 3375 φεύγει
818 3311 943 3371 sonabit,
967 3313 1004 3360 cd
1019 3313 1169 3377 Scytharum
1192 3314 1240 3362 ud-

698 3390 793 3433 oentum
818 3398 832 3431 e
850 3380 1004 3432 Chersoneso
1024 3383 1153 3447 prosapie,
1173 3381 1239 3447 sapei

699 3453 803 3501 salutem
817 3458 905 3513 petere
922 3459 1024 3501 coactus
1038 3459 1085 3501 est.
1120 3452 1172 3503 Sed
1187 3452 1240 3501 hac

700 3522 812 3571 notione
836 3520 955 3583 rectius,
980 3526 1011 3569 ut
1030 3519 1096 3569 mihi
1120 3522 1239 3580 videtur,

700 3584 800 3653 ἔφευγε
825 3590 949 3639 scribunt
973 3591 1027 3640 duo
1049 3590 1142 3649 codd,
1167 3589 1239 3655 quod

701 3662 785 3710 etiam
797 3658 876 3710 Valla
889 3675 938 3709 suo
954 3659 980 3708 in
998 3659 1091 3709 codice
1105 3661 1240 3724 reperisse

699 3730 819 3779 videtur:
839 3734 922 3794 utque
934 3730 1027 3779 eodem
1041 3729 1120 3779 modo
1133 3745 1194 3779 mox
1206 3729 1240 3778 li·

699 3799 740 3849 bri
760 3814 852 3849 omnes
870 3798 1026 3849 Herodoteo
1044 3814 1117 3849 more
1136 3799 1164 3850 id
1181 3815 1240 3849 rer-

700 3870 763 3918 bum
775 3872 917 3932 repetunt,
931 3862 1052 3926 τούτους
1064 3859 1197 3925 ἕτιόυτας
1207 3895 1240 3904 -

700 3931 835 4001 ίφευγε,“
861 3937 1031 4003 Schmeiph.
1072 3937 1151 3998 Quod
1171 3939 1239 3988 Sau-

700 4008 783 4057 croiti
796 4007 864 4056 liber
875 4023 933 4057 cunr
945 4007 999 4057 alio
1009 4001 1108 4069 ἔφευγε
1117 4009 1240 4074 praebet,

700 4077 728 4126 id
751 4078 901 4140 eproriure
925 4079 1051 4142 sequenti
1069 4071 1168 4141 ἔφευγε
1187 4078 1240 4127 huc

701 4146 862 4196 translatum
885 4140 1007 4197 ridetur:
1037 4149 1132 4211 itaque
1158 4146 1240 4196 malui

701 4233 762 4266 curn
779 4222 892 4267 receutt.
911 4216 971 4265 edd.
994 4216 1028 4265 sd
1043 4217 1184 4280 vulgatam
1203 4215 1241 4264 le·

701 4287 819 4335 ctionem
833 4275 962 4348 ἐκφεύγει
975 4285 1078 4348 redire,
1097 4300 1151 4349 qua
1167 4286 1241 4348 equi-

701 4355 761 4405 dem
785 4354 857 4404 lrsud
874 4354 1002 4405 offendor,
1037 4356 1100 4405 Mox
1117 4353 1179 4404 dedi
1192 4351 1241 4420 βα-

702 4420 792 4482 σιλέος
806 4441 855 4491 pro
869 4420 1011 4489 βασιλῆος.

1006 4505 1045 4569 18
