2970 5128
493 378 671 445 altaro.
694 380 748 441 VI.
772 387 816 443 57.
1163 369 1224 435 299

64 558 226 646 iadorae,
248 544 474 639 καδΠυθίους
495 558 668 647 αἱρέεσθαι
690 553 752 627 δύο
773 554 947 647 ἑκάτερον·
984 559 1019 626 οί
1039 553 1076 624 δὲ
1095 552 1226 624 Πόθιοί

105 673 159 737 είσι
171 662 354 753 θεοπρόποι
376 666 410 744 ές
422 659 598 752 Δελφοὺς,
621 659 807 749 σιτεόμενοι
820 659 901 751 μετὰ
922 665 992 731 των
1005 662 1172 748 βασιλέων
1185 655 1226 727 κδ

105 768 243 859 δημόσια.
275 764 320 856 μὴ
342 769 481 837 ἐλθοῦσι
504 766 547 847 δὲ·
563 781 648 836 τοῖσι
669 769 844 855 βασιλεῦσι
859 766 914 835 ἐπὶ
934 763 972 834 τό
987 770 1127 834 δεῖπνον
1140 759 1223 831 irro-

104 878 284 961 πέμπεσθαί
301 891 364 961 σφι
384 873 418 951 ἐς
437 869 477 940 τὰ
497 876 586 941 οίκία
607 866 759 957 ἀλφίτων
780 896 817 938 τε
836 868 897 939 δύο
918 875 1067 957 χοίνικας
1081 867 1224 958 ἑκατίρςο

104 979 151 1047 καὶ
170 987 264 1047 οίνου
293 973 457 1062 κοτύλην,
488 979 650 1064 παρεοῦσι
672 973 710 1042 δὲ
738 970 896 1061 διπλήσια
918 973 1027 1043 πάντα
1049 977 1225 1041 δίδοσθαι·

103 1078 199 1151 τόντό
221 1080 258 1150 δὲ
271 1084 371 1149 τοῦτο
390 1081 446 1149 καί
467 1076 549 1166 πρὸς
572 1078 736 1148 ἰδιωτέων
750 1080 936 1165 κληθέντας
953 1077 1007 1147 ἐπὶ
1022 1082 1162 1146 δεῖπνον
1174 1102 1224 1143 τι·
1242 1119 1247 1127 ·

103 1190 227 1274 μᾶσθαι.
258 1181 319 1263 τὰς
342 1183 379 1252 δὲ
406 1191 567 1272 μαντηίας
589 1179 647 1263 τὰς
672 1184 849 1270 γινομένας
870 1181 1009 1262 τούτους
1028 1178 1226 1270 φυλάσσειν,

686 1376 891 1446 προσελέσθαι,
907 1377 936 1433 οἳ
946 1372 982 1446 δὴ
995 1377 1044 1431 καλ
1055 1373 1166 1432 Πόθιοι
1179 1393 1228 1430 κα-

103 1387 185 1453 lleque
198 1401 262 1437 vero
275 1386 330 1437 hac
343 1385 372 1436 in
386 1400 415 1436 re
429 1385 461 1435 tle
474 1385 574 1450 legatis
587 1400 635 1450 pu·

687 1450 817 1513 λοῦνται,
833 1454 879 1504 ubi
891 1454 945 1504 vid.
957 1453 1066 1518 Sauppe
1078 1467 1140 1518 pag.
1153 1450 1187 1502 84
1199 1454 1227 1501 et

103 1457 162 1507 blice
175 1457 261 1507 missis
277 1456 400 1521 bospitio
413 1456 576 1521 recipiendis
592 1471 635 1505 so·

102 1526 223 1578 iummcdo
250 1528 356 1592 egitur,
382 1526 445 1581 sed.
473 1525 544 1590 quod
566 1525 635 1575 bene

102 1602 181 1647 monet
192 1596 276 1647 Μαῖαν
288 1596 311 1647 1.
324 1596 360 1659 1.,
375 1595 409 1645 de
419 1596 453 1646 iis
467 1610 574 1661 quoque
590 1610 634 1659 pe·

103 1667 204 1731 regrinie
218 1666 340 1733 cogitari
359 1665 477 1730 poterit,
497 1666 545 1729 qui
560 1666 636 1728 Hys-

103 1736 251 1786 cinthiorum
261 1735 307 1787 sel
319 1734 584 1801 Gymnopsedisrum
593 1733 636 1785 vel

103 1805 254 1857 Carneorum
273 1805 322 1858 rel
341 1805 457 1856 aliorum
474 1805 635 1856 solemnium

103 1892 174 1926 causa
191 1876 324 1940 Spartam
344 1876 486 1925 venissent
504 1874 584 1926 ludos
604 1879 635 1939 ut

103 1951 246 2011 spectarent
274 1944 530 2010 certaminibusque
557 1945 635 1996 ades·

104 2021 166 2066 sent:
193 2015 222 2065 hi
246 2016 335 2081 igitur
360 2031 453 2067 omues
477 2020 508 2065 ut
531 2015 635 2079 recipe·

103 2091 192 2147 rentur,
205 2101 389 2151 proxonorum
403 2100 498 2136 munus
513 2089 587 2147 erat,
600 2085 635 2135 ab

104 2155 159 2219 ipsis
170 2156 288 2221 regibus,
303 2154 339 2205 ad
353 2171 420 2221 quos
430 2159 584 2206 exterarum
594 2170 636 2205 re-

104 2240 151 2275 rum
160 2228 274 2277 omnium
285 2241 357 2276 cura
368 2225 532 2290 pertinebat,
547 2229 636 2275 trans·

105 2295 215 2358 nissum,
238 2311 332 2361 nsque
350 2295 405 2345 ullo
423 2295 503 2346 morlo
523 2295 636 2346 coniun-

105 2369 165 2414 ctum
183 2381 242 2417 cum
261 2381 296 2417 es
316 2381 396 2430 cura,
413 2381 482 2431 quae
506 2366 541 2415 ad
557 2361 637 2427 ξενη-

104 2432 191 2484 λασίαν
209 2435 376 2502 spectabat,
401 2441 432 2485 ut
453 2434 524 2486 idem
546 2434 636 2485 Μοίρι·

106 2501 215 2568 (quocum
228 2506 316 2570 plane
330 2503 484 2569 consentio)
501 2509 576 2555 reete
590 2520 637 2554 no·

105 2575 172 2624 tavit.
209 2575 314 2628 (illoesa
331 2574 489 2625 Herodotea
514 2573 550 2624 ari
569 2573 595 2626 h.
618 2573 636 2624 1.

105 2637 241 2704 πρόξενοι·
257 2638 289 2695 οἱ
299 2637 459 2706 προστάται
468 2635 579 2693 πόλεων
588 2639 636 2692 καλ

106 2710 257 2774 φροντιοταὶ
274 2711 328 2764 καλ
345 2710 444 2775 ξένους
463 2705 638 2778 ὑποδεχόμε-

107 2795 151 2831 νοι.
184 2786 232 2836 Cr.
245 2784 369 2836 conferri
387 2784 448 2833 vult
462 2783 638 2836 Boissonadii

106 2850 240 2905 Commeat.
258 2855 297 2905 ad
318 2854 459 2918 Inscriptt.
477 2854 583 2904 Actiac.
601 2853 636 2903 ad

106 2920 195 2973 calcem
207 2925 304 2975 Holst.
321 2922 450 2988 Epistoll.
468 2940 495 2988 p.
510 2923 564 2974 440
578 2938 637 2986 seq.

107 2991 204 3046 Tuadd.
217 2995 367 3046 Westerm.
380 2994 421 3043 De
431 2993 547 3058 publico.
556 2993 639 3044 Athe·

107 3061 193 3113 nieusr.
206 3063 353 3114 honoribb.
367 3062 454 3127 (Lips.
467 3062 545 3128 1830)
561 3079 588 3127 p.
602 3065 635 3113 41

107 3134 129 3179 st
139 3131 164 3181 C.
178 3133 207 3182 F.
221 3134 378 3185 Hermann:
403 3131 511 3184 Griech.
529 3133 638 3183 Staats·

106 3198 245 3253 sltertlrirm.
264 3208 291 3268 ξ.
312 3204 370 3255 116.
387 3204 472 3252 noti
490 3202 532 3253 ed.
546 3207 637 3267 quart.

106 3268 223 3321 Herodoti
245 3273 322 3324 hunc
344 3271 433 3323 locum
453 3272 568 3323 Ullriclr.
593 3272 638 3337 (de

107 3352 204 3401 preren.
223 3359 248 3405 p.
262 3342 313 3408 49)
335 3358 442 3407 quoque
461 3342 569 3400 attulit.
590 3343 638 3393 ob-

108 3423 201 3460 scurum
215 3413 292 3463 illum
310 3412 434 3478 quidem,
457 3417 488 3462 ut
504 3412 638 3477 perhibet,

109 3481 131 3527 st
139 3481 249 3543 unicum,
260 3484 310 3548 qui
322 3498 376 3532 nou
388 3497 447 3532 eam
460 3497 590 3542 normam,
603 3482 639 3531 ati

108 3561 177 3610 quam
191 3560 363 3604 caeterorum
381 3551 541 3616 populorum
556 3552 639 3603 Grae-

110 3632 188 3737 ηοιτηω
203 3624 377 3690 exigerentur
390 3622 519 3687 proxeni,
539 3638 639 3687 suppe-

125 3702 177 3740 re.

138 3753 179 3806 καί
199 3758 334 3817 Πυθίους
351 3754 500 3821 αἱρέεσθαι
519 3775 545 3809 κ.
562 3775 586 3811 τ.
601 3759 638 3826 1.]

111 3823 203 3879 Retulit
217 3830 281 3882 bine
299 3832 429 3882 Timaeus
448 3830 476 3880 in
493 3832 558 3881 Lex.
575 3831 639 3880 Pla·

110 3898 158 3949 ion.
170 3913 229 3965 pag.
239 3902 291 3950 227
302 3892 426 3965 (Πύθιοι
439 3892 467 3948 δ’
479 3890 582 3963 ἄνδρες
597 3893 640 3948 αἷ-

111 3963 177 4023 ρετολ
199 3964 276 4029 παρὰ
301 3963 448 4032 Λάκωσιν,
481 3961 534 4020 δόο
564 3962 637 4019 καθ’

687 1524 721 1575 (le
733 1524 892 1589 Pythiorum
911 1523 1074 1588 magistratu
1093 1521 1228 1571 disseren-

688 1600 741 1645 tem
755 1594 786 1645 Ο.
799 1594 833 1644 0.
844 1593 967 1643 Mueller.
978 1593 1044 1645 Dor.
1060 1592 1097 1642 II.
1110 1607 1172 1656 pag.
1186 1590 1227 1641 18.

688 1665 742 1727 Qui
767 1664 946 1728 magistratus
969 1662 1102 1728 pertinuit
1121 1661 1156 1710 sd
1175 1661 1229 1723 Py·

687 1735 755 1786 tbici
774 1732 877 1785 oraculi
895 1733 952 1783 vim
970 1735 998 1783 in
1019 1746 1110 1783 omues
1124 1731 1228 1781 Dorum

687 1820 730 1856 res
756 1819 789 1854 ac
813 1806 959 1869 praecipue
982 1804 1012 1853 iu
1031 1802 1228 1866 Spartanorum

685 1890 729 1925 res
742 1880 771 1925 et
782 1872 907 1939 publicas
921 1878 949 1924 et
964 1874 1104 1938 privatas,
1126 1871 1159 1921 de
1173 1886 1228 1936 qua

687 1944 803 1994 diximus
823 1943 858 1992 ad
874 1946 911 2006 V,
926 1945 970 1996 42.
989 1941 1022 1995 63
1038 1958 1072 1993 ac
1089 1941 1168 2007 plura
1184 1955 1229 1991 ex·

687 2015 786 2065 citavit
811 2013 840 2063 C.
867 2015 899 2063 F.
926 2014 1083 2064 Hermann:
1120 2010 1228 2063 Grieeh.

687 2083 940 2136 Stastselterthiim.
959 2087 982 2146 §-
996 2083 1039 2135 23.
1056 2087 1114 2133 not.
1129 2083 1168 2132 ll.
1184 2081 1227 2132 ed.

688 2159 778 2220 quart.
815 2153 933 2204 Oracula
951 2154 1022 2205 enim
1036 2155 1088 2204 rite
1101 2153 1229 2217 Spartam

688 2225 723 2275 ad
736 2239 815 2289 reges
828 2224 960 2288 perferre,
983 2238 1141 2288 omnemque
1159 2236 1227 2284 eam,

688 2310 758 2359 quae
781 2293 926 2357 Spartanis
949 2309 1010 2344 cunr
1035 2291 1145 2344 oraculo
1165 2289 1230 2342 Del·

687 2365 766 2430 phiec
783 2365 952 2426 intercessit,
974 2364 1109 2414 rationem
1131 2361 1230 2411 eretis-

688 2435 755 2485 sime
768 2435 839 2483 tueri
851 2433 1013 2498 Pythiorum
1027 2437 1101 2503 eget,
1116 2446 1230 2496 quorum

687 2505 751 2554 hinc
765 2518 870 2552 summa
884 2503 1002 2566 dignitas
1013 2507 1096 2567 atque
1110 2499 1231 2552 auctori-

687 2580 745 2635 tas,
759 2588 827 2637 ,qua
850 2588 942 2637 regum
962 2578 1055 2625 essent
1079 2585 1230 2622 assessores

688 2649 772 2708 atque
794 2643 1004 2694 contubernales
1030 2647 1058 2694 et
1079 2643 1229 2707 proximum

688 2715 758 2764 adeo
774 2714 920 2764 secuudum
937 2712 998 2765 illos
1011 2714 1101 2764 locum
1114 2726 1230 2775 occupa·

689 2788 759 2835 rent.
794 2783 867 2845 Quin
887 2784 974 2847 ipsius
994 2785 1120 2848 gerusiae
1141 2796 1231 2831 asses-

689 2868 764 2904 sores
781 2853 867 2905 fuisse
884 2853 999 2904 eCicer.
1012 2855 1055 2905 De
1073 2852 1187 2904 divinat.
1207 2850 1231 2912 1,

688 2924 722 2975 43
737 2923 848 2989 quidam
863 2923 1006 2988 colligunt.

725 2986 882 3056 σιτεόμενοι
895 2987 963 3056 μετὰ
977 2993 1035 3043 ταῖν
1048 2989 1186 3053 βασιλέων
1198 2981 1234 3040 τὰ

689 3055 822 3128 δημόσια]
832 3063 944 3113 Confert
951 3062 981 3113 0.
990 3063 1023 3115 Ο.
1031 3063 1154 3113 Mueller.
1163 3062 1230 3112 Dor.

688 3134 725 3183 II.
742 3149 804 3198 pag.
821 3133 1057 3184 losannensem
1077 3123 1167 3196 δήμια
1186 3129 1233 3181 πί.

690 3217 751 3252 νειν
769 3203 847 3253 Iliad.
868 3203 957 3254 XVll.
977 3218 1018 3252 vs.
1032 3202 1084 3253 250
1099 3203 1180 3267 idque
1192 3218 1234 3252 rs·

688 3273 743 3323 fert
755 3273 789 3322 ad
806 3272 902 3338 epulas
915 3273 1055 3337 publicas,
1080 3272 1233 3337 sumptibus

690 3341 806 3407 publicis
819 3344 926 3405 erogari
942 3341 1039 3394 solitas
1052 3344 1080 3393 in
1092 3343 1171 3393 iestis
1186 3357 1234 3405 pu-

689 3412 779 3463 blicis.
814 3413 918 3475 Quibus
940 3419 1116 3478 oppouuutur
1131 3404 1165 3460 τδι
1177 3410 1234 3461 δεῖ·

690 3497 762 3546 τινα,
783 3498 854 3547 quae
868 3483 1037 3547 privatorum
1050 3487 1114 3534 sunt
1125 3481 1233 3547 epulae,

690 3553 749 3604 sive
766 3551 909 3611 συσσίτια,
931 3553 1098 3618 singularum
1111 3553 1233 3617 gentium

691 3638 713 3673 s.
725 3621 890 3672 familiarum
905 3623 1016 3685 epulae,
1030 3623 1124 3673 eodem
1142 3622 1235 3672 obser·
1274 3653 1276 3657 «

690 3697 774 3743 rante
785 3691 917 3743 Muellero
930 3691 947 3745 l.
960 3692 978 3743 l.
993 3709 1055 3758 pag.
1071 3692 1120 3743 106
1133 3696 1186 3742 not.
1199 3718 1233 3725 —

692 3760 775 3812 νίνου
791 3754 896 3825 κοτόλη
910 3763 934 3811 si
948 3763 1041 3813 Attica
1052 3761 1233 3826 intelligatur,

691 3831 831 3882 dimidium
845 3833 903 3883 eius
917 3847 1075 3895 mensurae,
1088 3848 1169 3894 quarn
1185 3848 1235 3882 nos

691 3902 822 3965 Scloppen
847 3917 994 3965 vocemus,
1023 3902 1172 3967 significari
1202 3918 1235 3952 ex

691 3973 734 4033 iis,
747 3988 817 4037 quae
829 3988 912 4033 supra
926 3974 1094 4036 monuimus,
1110 3976 1234 4038 apparet.

110 4026 215 4087 ἕκαστον
230 4035 510 4103 terruannorum),
527 4040 782 4119 ubiHe·-Quuro
813 4043 900 4092 maior
933 4044 1066 4108 quaedam
1097 4058 1235 4104 mensura,

110 4105 189 4156 rolsti
209 4108 286 4160 locus
308 4126 362 4161 non
380 4110 451 4175 fugit
469 4111 578 4161 doctum
599 4113 640 4161 iu·
693 4112 781 4177 qualis
809 4112 879 4176 apud
897 4114 1021 4164 Lacones
1045 4115 1072 4162 iu
1098 4128 1149 4163 usu
1166 4115 1234 4175 erat,

111 4176 252 4238 terpretsm.
279 4180 355 4232 Adde
364 4180 494 4230 Eustatb.
507 4180 542 4230 ad
554 4180 597 4230 lli.
615 4182 639 4231 I.
691 4181 763 4231 haud
777 4184 834 4231 scio
852 4197 888 4231 an
901 4182 1019 4248 intelligi
1032 4184 1140 4234 debeat.

112 4256 167 4305 pta.
176 4247 216 4311 55,
226 4250 260 4299 44
271 4265 293 4300 s.
303 4252 345 4306 42.
356 4251 371 4299 7
384 4251 504 4315 itemque
514 4249 638 4300 Photium
725 4242 776 4307 τοὶς
795 4243 826 4300 δέ
844 4248 985 4314 μαντηίας
1002 4244 1053 4308 τοὶς
1070 4249 1234 4315 γινομένοις]

112 4317 136 4360 st
147 4313 252 4367 Sairisrn
269 4335 290 4368 s.
302 4320 459 4384 alienopb.
475 4322 518 4370 De
533 4320 638 4397 republ.
691 4320 780 4385 Supra
795 4321 832 4371 11.
847 4322 890 4373 57.
907 4322 941 4373 83
960 4313 978 4385 ἡ
994 4316 1118 4383 μαντηίη
1133 4326 1175 4371 est
1192 4336 1235 4370 ra-

112 4379 218 4436 bucera.
237 4388 302 4451 XV,
316 4392 346 4441 5:
369 4382 456 4440 ἔδωκε
474 4381 502 4437 δ’
519 4406 556 4439 uo
572 4391 638 4455 (Ly-
690 4391 730 4440 tio
740 4390 852 4441 oracula
864 4405 888 4441 s.
899 4392 1033 4443 vaticinia
1043 4389 1150 4441 edendi.
1172 4390 1234 4441 Hoc

113 4454 211 4521 sargus)
224 4452 271 4507 καλ
282 4452 439 4525 συσκήνους
449 4454 502 4510 δύο
517 4449 638 4528 ἕκατέρηι
689 4464 782 4512 autom
790 4460 851 4513 loeo
863 4460 926 4527 ipsa
938 4462 1095 4513 indicantur
1105 4462 1233 4525 οσθιίκία,
