2916 5130
394 396 669 461 POLYMNIA.
692 398 764 462 VH.
789 407 849 466 197·
874 410 933 466 198.
1169 401 1229 462 749

102 575 144 663 τῷ
157 565 304 660 δμπωτίς
321 599 357 641 τε
376 576 431 642 καί
450 578 547 666 ῥηχίη
567 571 632 643 dod
653 578 763 644 πᾶσαν
783 569 910 662 ἡμέρην
922 579 1061 660 γίνεται.
1095 577 1173 663 περί
1191 566 1230 643 dl

101 672 155 742 τδν
168 674 294 744 κόλπον
306 676 426 749 τοῦτόν
439 681 508 745 ἐστι
521 682 627 764 χῶρος
641 674 792 761 πεδινδς,
806 683 846 767 τῇ
859 677 921 765 μὲν
936 674 1052 767 εὐρὺς,
1067 683 1107 766 τη
1122 678 1160 746 δὲ
1174 680 1231 746 καί

102 777 199 864 κάρτα
212 779 351 859 στεινός.
388 782 465 867 περὶ
486 780 522 849 δὲ
538 778 597 850 τδν
611 785 719 868 χῶρον
732 777 835 867 οὔρεα
850 776 961 867 ὑψηλοὶ
975 783 1030 849 καί
1045 777 1153 867 ἄβατα
1168 808 1226 850 πε·

101 889 237 968 ριιιληΐει
258 887 370 952 πᾶσαν
389 882 450 971 τὴν
464 889 605 970 Μηλίδα
625 890 708 972 γῆν,
732 890 905 970 Τρηχίνιαι
929 886 1046 973 πέτραι
1068 884 1227 971 καλεόμε-

100 1011 162 1051 ναι.
189 983 303 1072 πριίτη
317 989 379 1073 μέν
393 1013 459 1054 νυν
474 987 568 1067 πόλις
579 988 648 1056 ἐστί
663 989 700 1054 ἐν
714 990 761 1078 τῷ
774 986 888 1077 κόλπῳ
903 986 988 1055 ἰόντι
1002 983 1068 1055 ιἰπὸ
1084 983 1229 1075 Ἀχαιίης

97 1083 283 1175 Ἀντικύρη,
306 1085 389 1176 παρ’
405 1083 448 1176 ἣν
461 1087 606 1178 ποταμὸς
619 1086 821 1176 Σπερχειὸς,
843 1092 931 1176 δέων
946 1093 979 1171 ἐξ
996 1086 1175 1177 Ἐνιήνων,
1195 1096 1228 1170 ἐς

99 1188 271 1258 θάλασσαν
285 1194 425 1261 ἐκδιδοῖ.
459 1190 524 1261 ιἰπὸ
545 1193 581 1262 δὲ
605 1192 726 1263 τούτου
740 1191 797 1261 διδ
810 1199 919 1261 είκοσί
930 1220 992 1261 κου
1007 1197 1154 1262 σταδίων
1167 1190 1226 1262 ἄλ·

100 1404 152 1454 seq.
167 1395 194 1440 et
205 1391 330 1442 Brandes
346 1392 389 1441 in:
408 1374 532 1442 Gehler’s
545 1392 637 1458 physi-
688 1393 782 1457 quaeri
799 1390 866 1442 vult.
896 1391 928 1442 L.
945 1390 1016 1441 Roas
1032 1389 1230 1455 (Morgenblntt

99 1458 209 1510 kalisch.
230 1460 413 1511 Wtirterbnoh
432 1460 539 1525 (Leipz.
556 1460 635 1527 1827)
689 1461 764 1512 1835.
786 1477 827 1510 nr.
842 1459 906 1511 204.
922 1474 985 1524 pag.
1002 1459 1053 1510 814
1070 1460 1129 1511 sive
1142 1460 1227 1511 Wan-

100 1529 128 1577 'I‘.
143 1529 195 1578 111.
210 1546 237 1595 p.
250 1530 300 1592 55,
318 1533 365 1596 qui
378 1535 494 1596 uterque
509 1531 634 1591 affirmat,
687 1531 823 1596 derungen
834 1531 863 1578 in
875 1527 1074 1579 Grieehenland
1087 1529 1110 1580 1.
1121 1544 1181 1593 pag.
1192 1530 1227 1580 84

98 1599 222 1649 minorem
248 1600 373 1666 adeoque
401 1601 448 1650 vix
477 1601 635 1652 sensibilem

99 1680 153 1716 esse
171 1668 271 1719 fluxum
290 1676 318 1720 et
334 1670 465 1720 refluxum
484 1671 566 1722 maris
581 1687 636 1721 me·

99 1735 248 1790 diterranei.
286 1740 363 1801 Quae
377 1755 425 1804 per
444 1740 567 1804 singulas
586 1740 636 1789 bu·

99 1806 137 1854 ins
150 1808 231 1856 maris
243 1813 338 1872 partes
350 1824 422 1859 nune
435 1814 564 1859 accurate
575 1825 636 1874 per·

99 1882 204 1927 seoutus
224 1884 267 1928 est
285 1878 315 1930 O.
332 1880 476 1943 Boettger:
501 1880 559 1929 Das
571 1878 636 1928 Mit-

98 1944 201 1996 telmeer
217 1946 345 2012 (Leipzig
367 1947 443 2011 1858)
465 1953 517 2022 etq.
541 1964 568 2013 p.
585 1947 632 1998 181

98 2027 166 2080 seqq.
174 2017 298 2080 inprimis
308 2032 334 2081 p.
342 2016 536 2081 20tt‚ubi·buno
547 2019 634 2083 ipsum

99 2082 224 2135 Herodoti
238 2086 329 2137 losum
345 2086 449 2151 attigit.

139 2144 223 2217 οὔρεα
247 2147 348 2219 ὑψηλὰ
371 2152 420 2203 ταί
445 2144 537 2219 ἄβατα
557 2167 635 2216 περι·

98 2218 178 2284 τληίει
189 2223 287 2274 πᾶσαν
297 2216 350 2288 τὴν
361 2220 479 2288 Μηλίδα
491 2221 557 2288 γῆν]
571 2224 634 2274 Vid.

99 2296 160 2340 nott.
175 2294 209 2342 ad
222 2295 291 2356 VII,
309 2294 366 2345 178.
399 2297 518 2344 Auctore
530 2293 634 2343 Leakio

99 2358 217 2420 (Travels
236 2367 265 2413 in
277 2363 414 2414 Northern
431 2364 533 2413 Greeoe
549 2363 587 2415 ll.
606 2378 634 2427 p.

100 2428 138 2491 24)
151 2430 308 2483 Herodotus
319 2432 361 2483 bis
376 2432 468 2483 verbis
482 2431 635 2495 signifians

98 2497 176 2549 voluit
189 2517 237 2551 ees
250 2506 352 2553 montis
362 2487 534 2552 Katavotlrra
547 2516 569 2553 s.
581 2501 634 2552 Oe·

100 2570 140 2617 tae
150 2577 241 2633 portes
256 2572 438 2638 praecipites,
458 2585 528 2636 quae
539 2585 556 2619 a
567 2572 635 2621 Tra-

99 2634 181 2688 ehinia
206 2642 274 2693 nrbe
301 2642 406 2692 distant
431 2645 562 2705 quattuor
585 2644 634 2689 ant

99 2706 210 2773 quinque
236 2710 368 2761 milliarIa
393 2709 516 2775 Augilas.
556 2722 633 2772 περι-

98 2772 181 2838 κληίει
194 2784 357 2832 nnnc·reote
370 2778 480 2841 editum,
492 2785 522 2829 ut
533 2778 633 2829 dudum

98 2844 215 2898 voluerat
227 2852 316 2901 Koen.
339 2850 375 2900 ad
389 2848 504 2913 Gregor.
518 2848 581 2899 Cor.
599 2849 633 2898 de

98 2910 199 2970 dialect.
213 2920 275 2970 Ion.
295 2918 321 2980 ἐ.
341 2920 367 2970 3.
388 2934 414 2983 p.
432 2918 492 2970 371.
521 2920 564 2968 Tu
578 2918 633 2969 vid.

97 2994 162 3035 nune
175 2988 294 3040 Bredov.
314 3004 377 3054 pag.
396 2989 452 3040 178.
484 2987 572 3052 Vulgo
585 3001 635 3037 πε-

98 3049 208 3120 ίίκλῄει,
215 3059 295 3108 euius
304 3057 364 3109 loeo
373 3057 548 3108 l'lorentinus
558 3073 636 3122 prae·

97 3117 139 3197 bet
155 3123 318 3188 περικλείει.
353 3126 482 3178 Reislrius
501 3126 635 3177 maluerat

96 3185 181 3254 αβατα
194 3191 229 3245 τὰ
242 3192 400 3264 περιαλῄει,
415 3196 548 3260 probante
559 3198 635 3247 Wes-

96 3259 220 3329 selingio‚
235 3269 283 3332 qni
297 3282 359 3318 mox
371 3282 420 3330 pro
433 3258 485 3329 τὴν
494 3260 633 3328 Μηλιιίδα

96 3335 164 3381 reete
174 3333 251 3386 dedit
262 3326 315 3398 τὴν
324 3331 442 3399 Μηλίδα
454 3330 518 3398 γῆν,
530 3341 561 3384 ut
571 3337 634 3397 VII,

97 3395 152 3448 701.
167 3403 253 3469 VIII,
263 3405 306 3458 31.
323 3404 448 3471 Sophool.
462 3403 561 3454 Traoh.
572 3403 631 3455 637.

97 3489 127 3500 ··
144 3469 177 3521 In
190 3476 314 3537 proxime
329 3490 404 3593 seqq.
421 3474 485 3523 olim
503 3475 633 3538 seriptum

96 3531 176 3589 inisse
191 3545 332 3610 suspicor:
356 3560 374 3592 α
412 3539 566 3606 Τρηχίνιαι
586 3537 633 3592 πί-

96 3616 156 3666 τοαι
174 3606 358 3676 καλιόμεναις
380 3614 410 3663 in
427 3613 504 3663 libris
522 3612 633 3677 seriptis

97 3676 122 3721 tt
138 3678 217 3731 editis
233 3684 358 3733 omnibns
378 3682 509 3733 articulus
530 3683 632 3731 omitti-

97 3743 146 3791 tur.
174 3751 213 3800 ud
226 3759 393 3804 structuram
409 3753 547 3817 participii
560 3745 633 3801 ίόντι

40 3856 43 3860 -
98 3814 165 3892 topi.
183 3825 261 3873 modo
273 3822 311 3879 ΙΙ,
324 3824 348 3873 7.
360 3822 377 3873 8
389 3822 481 3887 ibique
492 3820 584 3872 allata.

129 3884 280 3955 Αντιαιίρη]
297 3893 375 3944 Unus
392 3892 492 3941 Strabo
506 3891 553 3941 IX.
568 3906 631 3956 pag.

97 3946 181 4006 640Β.
202 3976 224 4011 s.
245 3976 271 4025 p.
292 3961 560 4023 trebanorum,
586 3961 633 4011 ubi

97 4012 271 4089 helleborum,
296 4032 366 4097 quod
385 4047 418 4080 ex
432 4030 518 4081 Oetae
534 4033 632 4080 monti·

98 4082 145 4139 but
165 4097 257 4166 oolIIgi
283 4101 379 4151 seribit
397 4100 579 4164 Theophrast.
596 4100 631 4150 H.

98 4151 135 4207 Pl·
144 4159 191 4227 ῙΧ,
205 4169 246 4231 11,
256 4170 403 4237 colligatur
412 4175 441 4221 et
450 4176 569 4234 paretur,
580 4185 633 4220 me-

98 4236 191 4284 norst.
224 4238 302 4289 conl.
320 4241 459 4290 Mannert.
482 4240 545 4290 v11.
570 4254 633 4305 pag.

98 4290 145 4345 817
158 4308 186 4352 et
195 4307 287 4360 Lealre
298 4310 317 4359 1.
334 4309 351 4359 l.
361 4309 398 4360 ΙΙ.
410 4323 471 4375 pag.
484 4310 530 4372 20,
544 4311 591 4373 qni
604 4312 633 4359 iu

98 4359 207 4427 planitie
220 4378 309 4429 medin
326 4379 384 4430 fere
397 4378 468 4430 inira
481 4379 587 4437 Zitnui,
603 4384 633 4429 ut

99 4444 165 4490 nune
189 4453 305 4513 rooant,
334 4449 424 4500 losum
451 4447 531 4499 huius
558 4449 633 4499 urbis

686 1600 757 1666 seq.)
775 1599 811 1650 ad
827 1599 898 1649 bano
915 1600 1072 1662 Anticyram
1089 1600 1227 1662 pertinere

686 1675 766 1735 putat
784 1669 882 1720 rudera
902 1667 1036 1732 quaedam
1055 1669 1144 1719 adhue
1162 1684 1226 1719 oon·

687 1740 781 1804 spiens
791 1754 886 1789 versus
896 1738 980 1787 maris
993 1752 1067 1788 orani
1079 1738 1132 1788 sita
1141 1754 1227 1803 prope

687 1808 878 1889 Sideroplqala,
894 1813 926 1857 ut
939 1821 1011 1884 nune
1025 1813 1135 1883 vocant.

685 1893 840 1996 1411.λῖ
851 1890 981 2010 813411
991 1869 1226 2009 diutini

684 2032 738 2080 rus,
751 2015 1026 2081 Schweighaeuserus
1038 2021 1067 2065 et
1078 2014 1167 2065 Gaisl.
1179 2015 1226 2065 ds-

685 2086 784 2137 dernnt
796 2080 959 2149 Στιερχήϊνς
976 2100 991 2134 e
1003 2085 1143 2136 Sauerolti
1156 2085 1225 2135 libro

686 2155 840 2221 alteroque,
863 2156 891 2205 id
911 2156 993 2205 reieei
1015 2170 1077 2205 eum
1088 2156 1225 2207 Bredovio

685 2224 760 2290 (pag.
780 2226 856 2290 183),
874 2224 1015 2287 Beklxern,
1037 2225 1225 2276 Dindordoet

685 2294 810 2348 DIetsnh.
823 2309 955 2346 revocans
966 2288 1130 2358 Σπερχειὸς,
1142 2309 1225 2360 quan·

686 2363 830 2429 doquidem
842 2366 870 2413 in
884 2363 986 2413 talibus
1001 2362 1185 2429 diphthongus
1196 2362 1224 2414 ΐι

685 2434 758 2483 hand
772 2439 902 2484 mutatur.
933 2433 993 2483 vid.
1007 2434 1080 2482 inira
1092 2434 1223 2493 v11‚228.

685 2503 864 2569 Huius'flnrii
883 2505 937 2552 ianr
950 2502 1083 2552 Homerus
1103 2506 1225 2554 meminit

685 2571 741 2636 (Ili.
756 2573 835 2634 XVI,
850 2571 907 2624 114.
922 2572 1032 2633 XXIII,
1044 2571 1105 2637 142)
1121 2573 1224 2639 aliique

683 2641 754 2691 baud
765 2643 847 2706 penei
861 2645 967 2691 veteres
981 2642 1142 2704 serptores,
1159 2659 1224 2709 quo-

683 2726 742 2760 rum
752 2711 826 2761 Issos
838 2711 941 2760 tndieat
949 2710 1096 2775 Forbiger:
1114 2713 1222 2763 Handb.

685 2781 711 2831 d.
724 2778 774 2830 alt.
789 2782 888 2845 Geogr.
906 2779 957 2829 III.
980 2795 1007 2844 p.
1026 2780 1077 2832 873
1092 2797 1166 2846 seq,
1190 2799 1224 2833 ao

684 2849 785 2900 dudum
805 2849 899 2900 nttnlit
918 2848 1079 2900 Tzsehueke
1102 2850 1138 2900 ad
1157 2853 1223 2906 Mel.

685 2919 722 2979 11,
736 2919 762 2970 3.
776 2923 800 2981 ξ.
811 2919 836 2969 o.
853 2918 940 2983 pili?
953 2935 1029 2983 seqq.
1042 2924 1112 2970 nott.
1127 2937 1222 2987 exegg.

685 2990 714 3039 in
724 2988 856 3039 hodierna
871 2989 947 3038 fluvii
960 2988 1145 3053 appellatione
1157 2993 1224 3042 mul·

684 3063 741 3108 tum
762 3059 865 3110 variari
883 3057 1027 3108 adnotans.
1063 3062 1153 3124 Atque
1172 3062 1224 3112 boo

685 3128 794 3179 minime
806 3129 911 3191 mirum,
922 3127 946 3177 si
956 3129 1061 3192 quidem
1074 3130 1161 3187 omnis
1169 3132 1225 3182 ista

684 3198 757 3262 regio
769 3213 840 3248 nune
851 3197 931 3247 valde
944 3203 1052 3249 mutata
1062 3214 1122 3251 esse
1135 3201 1225 3265 perhi-

683 3267 776 3317 betur:
800 3268 901 3317 utiam
924 3281 1008 3332 snpra
1029 3268 1065 3319 ad
1085 3270 1151 3329 v11,
1175 3271 1224 3322 176

683 3337 844 3389 monuimus.
874 3337 997 3401 Namque
1017 3345 1181 3404 augescente
1196 3342 1224 3389 in

684 3405 828 3468 clientulo,
847 3412 878 3455 nt
893 3407 934 3456 nit
946 3408 1058 3472 Krieglr.
1071 3408 1088 3457 l.
1103 3409 1120 3457 Ι.
1138 3424 1163 3472 p.
1180 3411 1223 3471 27,

685 3480 789 3525 tantum
798 3475 901 3539 prolati
910 3482 974 3526 sunt
984 3483 1072 3527 terrae
1084 3480 1223 3529 continen-

682 3546 718 3594 tis
735 3544 817 3607 fines,
837 3552 869 3596 ut
888 3561 980 3596 eorum
999 3554 1027 3597 et
1041 3547 1129 3596 forma
1144 3547 1223 3612 longe

682 3614 793 3664 diversa
822 3620 850 3665 et
878 3615 998 3665 ambitus
1026 3616 1110 3666 multo
1139 3618 1224 3667 maior

683 3699 755 3734 nune
776 3684 822 3735 sit.
862 3684 941 3735 Unde
963 3686 1081 3742 laetum,
1106 3691 1151 3749 ut,
1177 3688 1224 3751 qni

685 3752 748 3804 olim
764 3754 802 3804 ibi
819 3753 905 3803 luisse
922 3755 1049 3805 dicuntur
1065 3755 1157 3819 fluvii,
1175 3756 1223 3807 vir

683 3825 839 3874 aeonratIus
867 3821 1000 3888 hodieque
1025 3823 1142 3874 indicari
1162 3840 1225 3890 pos-

684 3895 750 3945 sint.
778 3893 941 3957 Regressum
956 3893 1056 3943 dieitur
1071 3909 1158 3957 mare,
1175 3896 1224 3946 flu-

683 3963 789 4012 viorum
808 3976 903 4011 sursus
924 3964 1038 4026 mutati,
1067 3962 1128 4014 loca
1149 3965 1224 4015 culta

685 4037 713 4081 et
725 4031 852 4081 habitata
869 4031 913 4082 vel
931 4048 1026 4082 eversa
1044 4032 1085 4082 rel
1102 4038 1130 4083 in
1148 4034 1226 4098 palu·

685 4102 732 4152 des
765 4115 899 4151 conversa
936 4100 1070 4167 sllvisque
1099 4104 1223 4154 obieeta:

684 4171 783 4221 etenIm
796 4170 980 4234 eornplnribns
996 4173 1091 4221 ritulis
1106 4188 1120 4222 e
1134 4179 1224 4224 monte

683 4240 735 4290 buo
754 4239 944 4291 delabentibus
960 4242 1087 4306 terraque
1104 4242 1167 4292 inde
1187 4242 1226 4292 al·

683 4309 741 4360 lata
750 4314 850 4375 stagna
861 4314 926 4360 sunt
936 4311 1033 4361 effecta
1042 4310 1224 4377 paludesque:

684 4387 757 4430 terra
768 4381 827 4444 ipsa
836 4378 944 4443 longius
955 4385 997 4431 ost
1007 4386 1142 4446 porrecta,
1154 4381 1225 4432 adeo

683 4456 715 4499 ut
728 4464 817 4514 mare,
832 4449 908 4516 ¹qnod
927 4450 990 4501 olim
1004 4451 1154 4516 proximum
1173 4456 1225 4507 tuit
