3048 5130
573 434 749 496 ERATO.
774 435 828 496 VI.
850 444 892 496 il.
914 444 955 496 71.
1273 432 1331 494 251

135 621 198 674 448
279 616 432 698 Μίλητος
450 609 512 699 μίν
530 636 597 680 νυν
609 616 790 698 Μιλησίων
801 608 959 700 sepeio.
999 614 1140 698 Σαμίων
1154 607 1190 678 δὲ
1205 615 1294 679 τοίοί
1304 615 1383 677 ιι22

199 722 315 802 ἔχουσι
330 712 367 783 τὸ
382 714 444 801 μὲν
464 718 497 795 ἐς
516 712 593 796 τούς
606 714 750 803 Μήδους
764 716 801 782 ἐκ
821 720 891 783 τῶν
911 719 1107 802 στρατηγῶν
1127 721 1196 785 τῶν
1214 719 1333 805 σφετέ-

199 846 273 908 ρων
292 819 437 906 ποιηθὲν
456 816 611 907 οὐδαμῶς
630 816 768 908 ἤρεσκε·
792 818 905 888 ἐδόκεε
922 818 959 887 di
975 816 1057 906 perui
1070 815 1132 905 νην
1145 828 1335 910 ναυμαχίην

197 920 322 991 αὐτίκα
337 925 627 1011 βουλευομένοισι,
644 923 725 1009 πρὶν
737 919 759 1011 ἦ
769 944 829 1009 σφι
840 923 873 1001 ἐς
886 920 948 1009 τὴν
961 919 1073 1009 χώρην
1084 918 1267 995 ἀπικέσθαι
1280 922 1338 995 τὸν

197 1025 371 1112 τύραννον
385 1023 529 1110 Αίοίκεα,
550 1028 583 1106 ἐς
605 1022 764 1114 ἀποικίην
785 1027 955 1110 ἐκπλέειν,
977 1026 1061 1113 μηδὲ
1083 1027 1244 1113 μένοντας
1257 1028 1335 1117 Μή-

199 1134 296 1199 δοισί
313 1156 349 1198 τε
372 1130 428 1197 καὶ
451 1128 573 1199 Δία’κει·
591 1128 777 1199 δουλεύειν.
813 1137 994 1215 Ζαγκλαῖοι
1016 1126 1079 1217 γὰρ
1100 1135 1134 1199 ol
1152 1129 1219 1203 ιἰπὸ
1234 1142 1336 1202 Σικε-

201 1240 294 1322 λίης,
308 1232 367 1303 τὸν
380 1229 484 1303 αὐτὸν
497 1232 619 1322 χρόνον
632 1237 753 1302 τοῦτον
769 1234 953 1320 πέμποντες
970 1235 1002 1314 ἐς
1015 1230 1076 1321 τὴν
1095 1229 1222 1325 Ἰωνίην
1237 1234 1335 1324 ἄγγε’-

201 1449 259 1501 gna
272 1434 305 1485 de
318 1433 410 1485 Persia
429 1438 596 1500 reportatam
615 1448 746 1485 exornare
796 1434 830 1484 Ε.
844 1432 968 1498 Thucyd.
984 1434 1067 1497 VIII,
1082 1436 1129 1499 21,
1145 1436 1178 1488 73
1192 1436 1267 1503 etc).
1298 1436 1337 1488 Ac

200 1504 326 1556 voluisse
343 1503 466 1569 ridetur,
488 1510 663 1569 reparaturus
683 1503 747 1553 iude
798 1504 908 1567 saepius
928 1495 995 1559 τούς
1012 1496 1129 1568 ἔχοντας
1154 1505 1212 1572 (nbi
1235 1508 1338 1572 passim

202 1573 417 1640 quodammodo,
441 1590 510 1640 quae
533 1573 582 1624 illa
608 1574 641 1624 de
658 1572 747 1624 Mileti
800 1587 906 1639 quoque
919 1572 1024 1622 addunt
1036 1566 1070 1622 τὰ
1082 1570 1218 1641 κτήματα,
1230 1569 1263 1625 roi
1274 1570 1339 1640 χον)-

200 1645 406 1709 expngnatione
440 1643 534 1694 fabula
567 1643 747 1695 commisisset
798 1657 872 1707 puro
888 1641 931 1692 vel
957 1643 1044 1693 simile
1065 1644 1147 1709 quid)
1170 1646 1223 1698 dici
1242 1649 1336 1707 diuites,

200 1715 290 1779 (coni.
302 1712 431 1763 Mueller:
448 1715 490 1764 De
502 1713 649 1780 Phryniohi
660 1713 748 1764 Phoe·
797 1714 908 1776 praeter
924 1710 992 1761 alios
1015 1710 1054 1776 (in
1067 1715 1166 1778 quibua
1185 1715 1239 1766 vid.
1257 1732 1338 1767 unuin

199 1785 272 1834 nias.
286 1782 408 1847 Gotting.
428 1782 507 1847 1835,
527 1784 602 1833 Bode
618 1782 636 1834 1.
662 1797 746 1847 supra
798 1784 940 1846 Bergman.
953 1780 1337 1851 adlsocrat.Areop.cap.2l.

201 1854 221 1903 1.
238 1868 302 1917 pag.
314 1854 347 1905 67
360 1868 429 1917 seq,
444 1853 557 1903 Iacche:
576 1852 745 1903 Vermischte
798 1867 825 1916 p.
842 1851 891 1901 314
903 1849 964 1900 coll.
980 1850 1031 1903 363
1047 1852 1090 1905 ed.
1107 1854 1214 1906 Beusel.
1229 1861 1256 1906 et
1269 1857 1338 1906 Mul·

201 1922 316 1972 Schriit.
331 1923 364 1972 V.
385 1938 410 1986 p.
426 1922 652 1987 consequuta).
685 1922 747 1972 Hac
797 1920 858 1971 lach
874 1920 908 1969 ad
925 1920 1076 1971 Democriti
1090 1923 1214 1989 iragmm.
1235 1942 1261 1991 p.
1275 1924 1338 1988 tol)

201 1992 317 2043 enimin
333 1991 427 2042 sabula
440 1994 523 2058 poeta
536 1991 748 2041 cum'calamita·
798 1990 832 2041 ad
847 1989 875 2039 h.
888 1989 907 2039 l.
921 1989 1013 2040 docuit
1028 1991 1201 2060 Valckenar,
1215 1996 1263 2060 qni
1275 1995 1302 2050 h.
1318 1993 1337 2044 1.

199 2067 245 2112 tcs
258 2062 334 2112 urbis
346 2067 481 2125 cognatae
491 2068 518 2113 et
531 2060 565 2111 ab
575 2060 749 2112 Atheniensi·
799 2059 881 2112 scribi
894 2075 975 2124 posse
988 2060 1139 2112 arbitratur
1152 2066 1228 2113 τοῖσι
1241 2060 1339 2128 παχέε-

199 2133 257 2182 hue
275 2132 410 2181 immerito
433 2132 574 2196 neglectae
596 2131 630 2181 ob
653 2130 747 2181 oculos
799 2144 825 2180 οι
842 2129 887 2193 (de
900 2145 955 2193 qua
966 2146 1033 2181 voce
1045 2131 1099 2181 vid.
1115 2139 1182 2184 nott.
1194 2133 1269 2197 adV,
1282 2133 1338 2197 30),

199 2201 568 2267 posuisseththeniensibus.
577 2216 687 2265 remque
700 2201 747 2250 mi·
797 2197 984 2264 adstipulante
998 2200 1131 2253 Borheclr.
1164 2204 1235 2265 Quin
1250 2205 1339 2269 possis

201 2273 278 2322 nime
296 2273 423 2321 ‹lcooram
445 2275 473 2321 et
490 2270 662 2322 honorificam
676 2269 748 2320 Atti·
799 2270 881 2320 etiam
895 2270 983 2319 electu
995 2269 1094 2320 vocult
1111 2287 1137 2319 τι
1150 2273 1268 2325 scribere
1282 2274 1339 2323 τοῖ-

201 2356 254 2392 cae
276 2340 386 2391 civitati
405 2345 654 2405 repraesentasset,
677 2339 746 2390 talia
799 2352 825 2388 σι
840 2331 1338 2408 ἔχουσι,ιοωοοιιὶίὸοὴιιοίςὴοοιιο,

201 2411 307 2462 fecisse
320 2411 478 2475 putabatur,
489 2426 559 2476 quae
569 2409 604 2459 ab
618 2412 677 2474 ipso
693 2416 748 2459 tra·

203 2481 321 2547 guediae
342 2480 394 2530 fine
418 2487 473 2531 eta
494 2480 559 2531 festi
574 2479 748 2530 solemnitate

202 2551 313 2616 longius
334 2552 463 2602 abessent
482 2566 513 2600 uc
531 2548 612 2601 simul
630 2550 659 2600 in
673 2551 747 2615 ipsos

204 2620 388 2671 Athenienses
399 2636 510 2686 gravem
521 2619 628 2684 culpam
642 2620 748 2670 conier-

203 2696 281 2745 τινος
298 2691 370 2741 unde
383 2693 440 2743 iure
454 2688 610 2752 plectendus
620 2690 748 2756 poitavi·

205 2760 331 2811 debatur.
365 2759 617 2812 cervinariam:
642 2759 748 2810 Hellen.

205 2829 402 2880 Alterthumsk.
415 2830 454 2880 11.
469 2846 530 2896 pag.
546 2829 606 2886 713.
623 2829 750 2880 Mueller:

205 2899 306 2949 (leuch.
320 2899 346 2948 d.
360 2899 461 2965 griech.
477 2900 591 2949 Literat.
611 2899 647 2949 11.
666 2916 693 2965 p.
706 2898 750 2960 37,

207 2968 377 3021 Schneider:
408 2970 451 3019 De
472 2970 557 3034 origg.
577 2968 674 3019 Graec.
696 2973 750 3017 tra·

208 3038 287 3103 goed.
301 3055 327 3104 p.
343 3039 377 3089 65
390 3054 446 3105 seq.
464 3044 492 3089 et
503 3038 650 3104 praecipue
665 3055 691 3103 p.
706 3037 750 3098 76,

207 3108 383 3173 Bernhardy:
402 3108 551 3159 Grundriss
561 3106 750 3171 d.griech.Li·

207 3185 260 3229 ter.
274 3179 312 3228 II.
335 3193 361 3242 p.
375 3178 439 3241 570,
458 3179 583 3242 Staegcr:
603 3177 750 3243 Sophocles

207 3249 300 3312 Kdnig
311 3247 430 3311 Oedipus
441 3247 580 3298 dbersetzt
594 3252 645 3297 etc.
658 3245 751 3313 (Halle

208 3317 289 3382 1836)
305 3332 331 3381 p.
348 3317 383 3368 36
394 3322 466 3371 not..
487 3317 611 3381 Sauppe:
630 3317 671 3368 De
688 3332 752 3366 cau-

207 3389 247 3439 sis
261 3387 413 3452 magnitud.
426 3387 522 3437 iisdem
536 3390 564 3435 et
576 3385 750 3437 labisllthen.

207 3473 272 3524 pag.
287 3458 330 3519 ll,
345 3456 461 3506 C.Gust.
473 3454 610 3507 Schmidt:
624 3456 666 3506 De
676 3455 750 3505 rebb.

207 3526 325 3593 publice.
340 3525 508 3578 Milesiorum
524 3524 658 3591 (Gotting.
672 3524 750 3590 1855)

207 3612 272 3664 pag.
286 3598 321 3649 50
335 3611 392 3661 seq.

395 3764 462 3814 Car.
480 3764 568 3815 xxss.

244 3866 323 3918 τοῖσί
332 3883 360 3916 τι
373 3859 478 3932 ἔχουσι]
501 3869 554 3918 Pro
567 3883 594 3916 τι
610 3866 755 3918 unusSan·

210 3939 294 3990 croiti
305 3938 376 3989 liber
386 3950 425 3998 se,
433 3936 465 3986 de
475 3952 528 4002 qno
536 3937 753 4001 Schweighaeus.

210 4008 318 4061 consuli
338 4007 399 4057 vult
418 4007 491 4057 viros
513 4007 608 4057 doctos
631 4008 666 4058 ad
686 4008 754 4057 Luc.

209 4079 316 4141 XVIII,
328 4078 372 4126 24.
399 4075 559 4126 Indicanlur
571 4076 623 4127 heo
637 4076 755 4127 formula

798 2408 940 2460 conserens
950 2422 1020 2471 quae
1032 2410 1219 2474 uWetstenio‚
1230 2413 1291 2463 aliis
1303 2411 1339 2463 ad

798 2478 895 2529 Matth.
907 2476 984 2540 11111,
1001 2478 1032 2528 12
1043 2485 1173 2545 congesto
1186 2488 1258 2533 snnt.
1279 2484 1339 2545 Quo

798 2551 896 2600 neutro
909 2562 986 2612 opus.
1015 2549 1048 2598 In
1063 2549 1178 2601 indicem
1192 2552 1339 2612 nominum,

801 2618 900 2684 quibus
926 2617 1000 2682 apud
1023 2624 1129 2669 veteres
1150 2620 1268 2673 Graecos
1294 2625 1343 2673 oiri

799 2691 929 2751 optimates
953 2686 1155 2753 significantur,
1177 2683 1245 2748 τοὺς
1262 2683 1340 2755 ἔχον-

799 2773 851 2814 τας
874 2757 932 2806 iure
958 2756 1052 2808 retulit
1069 2759 1257 2811 Wachsmuth.
1277 2760 1341 2810 Hel·

800 2828 853 2879 len.
868 2825 1063 2877 Alterthumslr.
1078 2831 1107 2893 Ι,
1120 2832 1145 2880 2.
1162 2845 1188 2894 p.
1205 2830 1269 2891 440,
1288 2845 1341 2879 non

801 2897 883 2948 aliter
902 2901 984 2960 atque
1001 2893 1069 2955 τούς
1089 2897 1243 2958 πλουσίους
1260 2898 1342 2949 alias·

800 2965 942 3032 queistius
955 2968 1063 3030 generis
1073 2969 1279 3034 appellationes.
1299 2969 1341 3019 Dc

801 3036 906 3100 reliquo
924 3035 979 3084 loci
997 3044 1156 3102 argumento
1173 3040 1222 3091 Cr.
1235 3038 1342 3089 confert

801 3104 995 3169 Wyttenbaeh.
1012 3107 1216 3160 Animadversa.
1238 3111 1266 3159 in
1278 3107 1342 3157 Plu·

802 3174 1179 3236 tareh.Qusest.0r.Lvl1.
1198 3195 1226 3243 p.
1245 3180 1288 3228 75.
1308 3204 1342 3213 -

802 3244 843 3295 Ad
856 3259 933 3308 seqq.
946 3260 1016 3309 quae
1029 3246 1061 3297 de
1075 3249 1227 3298 Samiorum
1240 3249 1342 3298 disces-

803 3330 834 3364 su
851 3318 1006 3377 narrantur‚
1025 3317 1059 3367 ci.
1075 3318 1219 3369 Dunclrer:
1245 3315 1342 3368 Gesch.

803 3384 829 3435 d.
847 3382 962 3433 Alterth.
983 3385 1028 3435 1v.
1052 3403 1115 3453 pag.
1133 3387 1185 3438 639
1204 3402 1279 3451 aeq.‚
1296 3385 1344 3450 qui

803 3456 886 3519 neget
904 3453 1010 3504 Samios
1028 3459 1121 3506 statim
1141 3462 1205 3521 post
1224 3470 1344 3522 pugnam

803 3522 928 3573 navalem
953 3523 1095 3591 reliquisse
1114 3527 1248 3591 patriam,
1266 3526 1343 3577 cuius

802 3593 997 3657 relinquendae
1010 3595 1153 3646 consilium
1167 3600 1272 3646 tantum
1286 3597 1344 3645 sta-

802 3665 851 3714 tim
864 3667 926 3728 poet
939 3662 1042 3716 hancce
1055 3681 1175 3733 pugnam
1185 3666 1291 3717 Samios
1302 3679 1345 3715 oe·

802 3732 956 3798 pissevult.

840 3800 992 3862 Ζαγκλαῖοι
1012 3792 1065 3865 μάρ
1089 3794 1120 3851 οἵ
1135 3794 1192 3852 ἀπὸ
1212 3798 1346 3865 Σικελίης

804 3886 831 3923 κ.
845 3885 868 3920 τ.
881 3869 920 3937 1.]
945 3873 1038 3921 Zonele
1052 3871 1130 3934 urbs,
1147 3888 1217 3937 quae
1232 3887 1249 3921 a
1266 3871 1346 3921 selcia

806 3940 908 4002 forma,
926 3947 958 3991 ut
971 3941 1038 3990 satia
1055 3945 1148 3992 notum
1161 3947 1218 4005 est,
1237 3941 1346 4007 aceepit

805 4024 911 4067 nomen,
923 4011 978 4060 sita
987 4014 1047 4060 eret
1060 4010 1094 4060 ad
1106 4014 1192 4077 ipsius
1204 4012 1288 4063 maris
1298 4027 1347 4061 an·

805 4079 912 4145 gustias
922 4094 936 4128 e
947 4080 1172 4146 regioneRhegii.
1186 4083 1262 4144 Quae
1273 4083 1347 4145 post

211 4151 325 4211 ditiores,
342 4148 485 4208 locupletes.
497 4148 627 4209 optimates
638 4183 644 4208 ,
655 4146 703 4210 qni
716 4142 755 4211 τῷ
807 4164 886 4213 quam
902 4164 973 4198 anno
992 4149 1076 4200 ferme
1094 4152 1145 4201 407
1163 4155 1228 4202 ante
1240 4151 1301 4200 Chr.
1319 4166 1346 4199 n.

211 4211 294 4283 δήμῳ
307 4233 330 4268 s.
342 4215 413 4281 plebi
423 4221 605 4280 opponuntur,
617 4221 644 4265 et
658 4216 755 4281 quibus
806 4219 835 4267 in
857 4218 1009 4268 Samiorum
1034 4218 1145 4272 devenit
1172 4224 1346 4285 potestatem,

212 4286 284 4353 apud
301 4287 409 4337 Samios
430 4290 457 4334 et
473 4285 661 4347 Syracusanos
676 4284 755 4350 (Vll,
807 4303 869 4337 mox
883 4288 983 4338 Samiis
1002 4304 1074 4339 anno
1088 4290 1139 4341 404
1156 4295 1221 4340 ante
1236 4289 1299 4340 Chr.
1320 4305 1347 4338 n.

214 4357 275 4422 155)
289 4347 432 4419 Γαμόρων
443 4370 465 4404 s.
478 4347 754 4418 Γεωμόρωνυοωοο,
807 4358 901 4407 eiectis
916 4357 951 4408 ab
966 4357 1093 4421 Anaxila,
1107 4359 1204 4420 Rhegii
1218 4363 1346 4423 tyranno,

214 4427 392 4493 quadrasque
412 4432 492 4475 sonat
512 4426 617 4487 diuites,
638 4440 755 4490 aprorum
807 4431 878 4477 teste
890 4426 1012 4490 Thucyd.
1027 4428 1096 4489 Vll,
1115 4430 1131 4477 5
1151 4428 1283 4479 Messenes
1303 4442 1347 4477 ac·

210 4510 376 4560 possessores
391 4492 459 4559 (vid.
470 4493 607 4546 Plutarch.
620 4495 658 4546 11.
668 4510 694 4560 p.
704 4494 754 4548 303
806 4497 881 4562 cepit
893 4512 992 4548 nomeu
1005 4497 1040 4546 ab
1056 4497 1149 4549 eodem
1159 4496 1285 4561 Annalis,
1300 4498 1348 4567 qui
