3046 5134
498 403 772 479 POLYMNJA.
796 406 868 475 VII.
893 420 1011 479 11-13.
1258 410 1321 477 467

188 576 267 653 οὔτε
281 570 329 652 όν
343 582 672 672 μεταβουλευόμενος
689 584 813 665 ποιέεις
829 576 886 671 εὖ,
912 582 989 656 οὔτε
1007 581 1025 656 ό
1046 584 1322 676 συγγνωσόμενός

189 715 241 755 τοι
254 687 353 772 παρα.
386 682 494 772 Ἀλλ’,
518 683 630 774 ὥσπερ
645 692 703 776 τῆς
716 685 840 776 ἡμέρης
858 688 1062 777 ἐβουλεύσαο
1075 694 1217 776 ποιέειν,
1237 691 1318 760 ταύ-

188 817 251 877 την
265 799 317 858 ter
329 795 398 858 τῶν
411 785 512 859 ὁδῶν.
554 788 620 859 Τὸν
633 792 710 879 μὲν,
734 797 838 861 ταῦτα
852 802 1009 879 εἴπαντα,
1034 793 1148 863 ἐδόκεε
1165 789 1183 863 ὁ
1197 796 1320 883 Ξέρξης

134 890 420 965 σιοίιποπτάσθαι.
464 888 605 981 Ἡμέρης
632 895 669 963 δέ
690 895 920 985 ἐπιλαμψάσης
949 894 1085 985 ὀνείρου
1107 897 1170 985 μὲν
1199 887 1379 968 τούτονλ3

189 996 291 1081 λόγον
303 992 426 1065 οὐδένα
441 998 603 1082 ἐποιέετο,
620 992 638 1065 ὁ
653 998 689 1067 δέ
703 1002 864 1085 Περσέων
877 1007 1058 1080 συναλίσας
1071 996 1150 1081 τούς
1166 1002 1222 1070 καὶ
1235 1001 1317 1088 πρό-

187 1126 287 1195 τερον
302 1101 476 1185 συνέλεξε,
497 1102 593 1186 ἐλεγέ
604 1121 665 1187 σφι
679 1101 774 1170 τάδε·
796 1101 935 1190 ’Ἁυέρες
948 1107 1094 1190 Πέρσαι,
1115 1092 1320 1194 συγγνώμην

187 1230 244 1291 μοι
268 1209 374 1290 ἔχετε,
396 1198 447 1272 ὅτι
466 1199 673 1290 ἀγχίστροφα
692 1205 906 1294 βουλεύομαι.
941 1212 1079 1296 φρενῶν
1095 1233 1131 1275 τε
1144 1205 1208 1298 γὰρ
1230 1211 1263 1288 ἐς
1280 1204 1321 1276 τὰ

187 1304 359 1394 ἐμεωυτοῦ
372 1312 486 1392 πρῶτα
508 1303 549 1374 οὗ
563 1333 612 1375 κω
625 1305 757 1396 ἀνήκω,
779 1310 836 1379 παλ
851 1314 890 1379 δι’
906 1310 1194 1401 παρηγορεόμενοι
1208 1313 1331 1381 ἐκεῖνα

187 1471 229 1522 bie
242 1487 302 1522 cum
312 1471 438 1522 Dindcrl.
453 1471 728 1524 etDietsch.·retlnui
778 1475 858 1527 modo
876 1477 950 1542 apud
967 1475 1143 1541 Aristophan.
1161 1478 1230 1529 Rau.
1252 1478 1319 1536 1352

187 1542 252 1592 olim
271 1540 413 1607 vulgatam
430 1542 574 1592 lectionem
594 1537 728 1607 Πέρσησι,
779 1547 912 1597 somnium
925 1539 1110 1600 ἀνέπτατο,

187 1612 265 1662 cuius
281 1611 342 1662 locu
355 1627 370 1661 e
384 1610 505 1675 pluribus
519 1610 598 1660 libris
614 1611 727 1676 scriptia

186 1679 729 1746 SchweighaeuserusetGaisl01·d.recc-
966 1717 1022 1768 Cn,
1051 1717 1120 1767 xm

186 1757 284 1815 petunt
295 1744 417 1812 Πέρσας.
445 1750 522 1800 Solet
541 1751 610 1799 euim
627 1751 726 1802 Noster
1024 1754 1032 1768 '
1122 1754 1129 1768 ¹

186 1821 269 1871 verbo
282 1822 431 1883 προειπεῖν
452 1819 579 1885 (edicendi
594 1834 615 1868 a.
628 1821 727 1883 publico
806 1812 930 1885 Ἡμέρης
940 1818 971 1872 δὲ
983 1812 1192 1887 ἐπιλαμψάσης]
1207 1821 1226 1871 i.
1234 1837 1257 1874 a.
1271 1821 1321 1873 Ubi

186 1891 269 1940 edicto
286 1891 425 1952 {reparandi
444 1886 567 1953 notione)
587 1888 727 1940 adstruere
778 1892 833 1941 dies
844 1892 936 1946 illuxit.
961 1891 1039 1943 (leni.
1052 1893 1075 1955 Ι,
1085 1890 1136 1943 190
1146 1896 1174 1941 et
1186 1890 1270 1941 allata
1283 1891 1318 1942 ad

186 1959 310 2009 dativum
328 1961 356 2018 Ι,
375 1961 417 2012 21.
433 1960 488 2023 ΙΙΙ,
509 1957 726 2020 137.V11,116;
778 1961 831 2019 ΙΙΙ,
845 1961 905 2014 135.

186 2044 236 2079 nec
247 2027 327 2078 aliter
334 2021 547 2093 προαγορεύειν,
558 2027 604 2078 ubi
615 2028 728 2080 eandem
814 2026 829 2080 ὁ
843 2025 875 2080 δὲ
885 2023 1018 2094 Περσέων
1031 2027 1183 2088 συναλίσας
1191 2022 1260 2088 τοὺς
1270 2025 1318 2079 καὶ

186 2098 269 2149 habet
288 2098 514 2163 significationem
532 2097 589 2159 lx,
609 2097 644 2149 98
663 2098 727 2153 coll.
779 2095 918 2165 πρότερον
935 2095 1074 2166 συνέλεξε]
1096 2099 1139 2149 Ad
1157 2091 1172 2148 ό
1190 2091 1226 2148 δέ
1245 2100 1318 2153 conl.

186 2168 239 2231 ΙΙΙ,
255 2169 312 2221 142.
339 2167 480 2218 Sententia
493 2172 548 2219 cst:
568 2168 611 2216 ubi
621 2169 729 2220 edixisti
778 2170 864 2220 allata
876 2168 910 2219 ad
920 2173 953 2233 V,
965 2170 1022 2220 120.
1047 2170 1101 2220 Pro
1113 2163 1180 2226 τοὺς
1190 2165 1239 2219 καλ
1251 2161 1320 2232 πρό-

186 2239 290 2297 Persis,
307 2245 335 2287 αι
347 2239 494 2302 τολλίμετεπι
510 2238 656 2289 exercitum.
684 2240 727 2289 Ad
776 2253 860 2302 τερον
868 2239 909 2303 (ut
919 2239 1261 2305 Medieeueulorenrinus,
1273 2239 1320 2289 alii

185 2313 373 2371 argumentum
385 2307 438 2356 loci
447 2305 609 2372 Wesseliug.
621 2307 728 2359 couleur
778 2309 915 2373 exhibent)
925 2308 1035 2359 Aldinae
1054 2300 1122 2366 τούς
1133 2301 1240 2366 αὐτοὺς
1252 2302 1320 2366 τούς

185 2375 313 2440 Aesclryl.
334 2376 411 2429 Pers.
426 2376 491 2439 93,Ι
502 2377 549 2442 qui
570 2370 725 2441 δολόμητιν
777 2375 836 2428 καὶ
852 2371 1046 2441 πρότερον,
1064 2380 1162 2429 eosdem
1172 2394 1235 2445 quor
1246 2381 1319 2430 etiam

185 2436 301 2494 α’ποῖταυ
310 2442 384 2495 θεοῦ
397 2451 485 2509 vocat,
498 2461 552 2511 qua
561 2447 666 2496 Xerxes
678 2463 726 2512 per
776 2456 867 2505 υνλεσς
881 2463 992 2513 eamque
1010 2450 1098 2499 secuti
1112 2455 1176 2500 sunt
1186 2448 1319 2499 Schaefer

185 2515 319 2565 somnium
339 2516 469 2581 impulsus
490 2522 553 2580 post
569 2517 726 2567 fluctuatio·

186 2599 234 2634 nes
254 2585 282 2634 iu
297 2584 395 2635 bellum
410 2587 503 2643 ruerit.
535 2585 613 2636 Cous.
627 2587 725 2637 Grote:

185 2655 299 2719 Hietury
317 2655 348 2705 ol
359 2656 460 2708 Graece
473 2656 506 2706 V.
519 2671 547 2719 p.
557 2655 590 2719 8,
613 2670 666 2720 quc
679 2672 724 2707 su·

185 2740 234 2790 pra
246 2725 300 2775 iam
317 2725 360 2776 usi
372 2741 464 2776 sumus
477 2723 511 2775 ad
524 2724 587 2787 VII,
601 2726 630 2775 8:
649 2740 725 2776 nam-

185 2810 238 2860 que
251 2802 394 2860 comparat
412 2797 454 2845 vir
468 2795 566 2845 doetus
584 2794 667 2845 hocce
682 2811 725 2847 so·

185 2868 287 2915 mnium
300 2865 395 2916 Xerxis
408 2880 468 2915 cum
485 2879 517 2915 eo
532 2864 652 2925 somnio,
671 2880 724 2930 quo

184 2935 309 2998 luppiter
316 2934 543 2999 Agamemnonem
557 2936 662 2985 eertat
674 2935 726 2984 ini-

184 3005 226 3070 tio
244 3002 341 3053 Iliadia
359 3003 420 3054 libr.
437 3003 481 3067 ΙΙ,
499 3004 624 3070 idemque
643 3004 725 3055 etiam

185 3073 266 3123 affert
280 3073 429 3130 somnium,
450 3073 535 3123 Dario
550 3074 725 3124 Cudcmanuo

184 3142 318 3203 oblatum,
332 3158 392 3193 cum
403 3141 555 3194 Alexander
566 3143 726 3221 aggredere·

184 3217 242 3275 tur,
257 3213 284 3262 iu
296 3212 433 3263 Plutarch.
447 3213 504 3266 vir.
522 3212 668 3264 Alexandr.
685 3214 723 3264 18.

220 3272 284 3331 οὔτε
300 3274 315 3331 ὁ
331 3273 560 3346 συγγνωσόμενός
575 3297 620 3332 τοι
636 3277 724 3349 πάρα]

184 3368 284 3417 „neque
298 3353 385 3416 adest,
408 3355 450 3417 qui
465 3354 510 3403 libi
520 3355 553 3403 rit
566 3349 726 3416 asscrrsu'rur,

184 3423 382 3488 quirendum,
408 3421 475 3487 quod
493 3438 557 3472 nunc
576 3424 669 3482 iniisti,
693 3425 726 3473 ait

181 3491 369 3555 probauu·us.⁴‘
407 3490 577 3557 δολινείμλ.
605 3492 633 3541 in
656 3493 724 3542 Lex.

183 3562 301 3625 Herod,
320 3561 368 3612 ubi
379 3560 459 3613 affert
471 3561 524 3623 VI,
535 3562 579 3612 61.
598 3560 656 3612 140.
675 3562 724 3623 IX,

184 3632 226 3681 ΙΙ.
253 3633 297 3683 Tu
309 3631 364 3686 vid.
378 3631 461 3682 etiam
473 3635 543 3684 nott.
554 3630 591 3682 ad
603 3632 650 3695 IV,
663 3631 706 3683 43.

217 3691 294 3765 Ἀλλ’,
309 3688 403 3765 οἷσπερ
417 3699 467 3765 τῆς
481 3694 586 3766 ἡμέρης
598 3690 726 3765 illuviei-

184 3783 236 3819 σαο
248 3768 373 3831 ποιέειν,
386 3765 493 3834 ταύτην
506 3768 553 3820 tec
564 3768 621 3819 τιόν
634 3760 722 3836 ὁδῶν]

185 3842 204 3891 i.
211 3856 234 3893 e.
248 3839 303 3890 Sed
311 3842 511 3905 ηαενιαιλυιοιέαω
520 3842 560 3891 die
567 3842 656 3902 facere
667 3855 727 3891 οοιι-

183 3913 312 3973 elisama,
323 3910 372 3960 Ide
377 3925 458 3976 μευρε
465 3910 517 3962 vict.
539 3909 662 3961 Conierri
673 3910 725 3961 hue

183 3985 313 4044 possunt,
330 3994 400 4045 quae
414 3996 497 4045 supra
510 3981 534 4043 Ι,
551 3979 599 4031 133
612 3980 727 4030 tradun-

183 4056 229 4099 tur
255 4049 289 4099 de
312 4050 433 4115 ratione,
461 4065 514 4116 qua
533 4049 726 4101 Persaesdcli·

182 4119 277 4170 berare
300 4119 398 4170 solent.
435 4120 478 4171 sd
497 4110 574 4169 ὀδών
592 4120 665 4171 conl.
686 4120 724 4184 ΙΙ,

182 4188 226 4242 20.
240 4190 283 4240 22.
309 4190 386 4253 Quae
398 4194 560 4257 sequuntur:
573 4180 686 4253 τὸνμὲν
696 4219 726 4229 -

183 4250 277 4309 ἐδόκεε
297 4249 312 4307 ὁ
333 4254 444 4324 Ξέρξης
465 4252 671 4319 ἀποπτάσθαι,
696 4261 725 4309 in

78 4338 80 4341 ’
184 4334 299 4379 urentem
318 4334 450 4380 revocant
467 4330 614 4381 Homerica
630 4328 673 4381 Ili.
687 4329 724 4391 ΙΙ,

184 4399 230 4450 70:
248 4386 287 4456 ὃς
297 4389 313 4448 ὁ
322 4390 374 4462 μέν
386 4398 480 4465 (θεῖος
486 4389 627 4464 ’Όνειρος)
636 4390 725 4448 εἰπόν

183 4459 265 4535 ὤχετ’
282 4462 547 4535 ἀποπτάμενος.
585 4469 626 4521 Ac
643 4467 725 4519 simili

777 2525 805 2569 et
817 2516 926 2581 March„
942 2517 982 2567 ita
994 2521 1024 2566 ut
1038 2517 1082 2568 hic
1093 2517 1170 2581 locus
1180 2519 1318 2584 pertineat

776 2588 812 2637 ad
832 2602 895 2651 eos,
922 2586 1017 2652 quales
1040 2588 1121 2653 attigi
1144 2589 1172 2638 in
1194 2592 1261 2638 ncta
1281 2588 1317 2638 ad

776 2656 838 2721 VII,
851 2658 895 2709 de.
913 2655 966 2708 Sed
976 2660 1050 2708 recte
1059 2657 1279 2723 Schweighaeus.
1289 2663 1317 2707 et

776 2726 862 2777 (laici.
882 2742 963 2779 voces
983 2720 1051 2783 roric
1068 2718 1173 2783 αὐτοὺς
1185 2729 1318 2792 qqupee

775 2796 879 2848 scholio
899 2796 1021 2847 adscitae
1041 2797 1235 2863 repudiarunt,
1255 2811 1317 2861 pro-

776 2867 860 2917 bante
871 2867 962 2918 Struv.
974 2866 1053 2931 Spec.
1065 2866 1088 2918 l.
1100 2882 1126 2931 p.
1137 2868 1171 2916 25
1185 2864 1316 2931 (Opuscc.

776 2935 814 2986 ΙΙ,
827 2952 854 3001 p.
867 2935 945 2999 288),
959 2937 1006 3002 qui
1020 2940 1112 2987 tamen
1124 2936 1195 2986 idern
1210 2935 1316 2997 adiicit,

775 3021 855 3070 posse
868 3006 984 3071 aliquem
995 3005 1088 3056 eodem
1104 3004 1161 3056 sslre
1172 3006 1317 3070 suspIcari,

777 3075 868 3126 oculos
883 3076 988 3126 librarii
1003 3091 1020 3126 a
1032 3077 1123 3140 priore
1136 3067 1204 3132 τούς
1220 3074 1256 3125 ad
1271 3090 1318 3139 po·

776 3146 876 3195 sterius
899 3145 1057 3196 aberrantes
1077 3146 1234 3197 omissionis
1253 3159 1319 3196 eau-

776 3231 834 3265 sam
849 3216 1016 3280 praebuisse.

799 3306 845 3366 ότι
855 3308 1033 3382 ἀγχίστροφα
1047 3310 1228 3384 βουλεύομαι]
1240 3316 1317 3382 ,μυλ-

775 3389 834 3436 ίίωπ
850 3396 875 3438 ει
890 3389 975 3450 priori
989 3391 1142 3439 contrariam
1161 3390 1317 3438 remensium.

776 3457 858 3509 Tales
874 3452 1061 3523 ἀγχίστροφοι
1085 3453 1234 3522 μεταβολαὶ
1252 3457 1319 3508 Gre-

776 3542 834 3593 μοι.
845 3526 978 3577 Nazianz.
990 3527 1037 3577 Or.
1050 3525 1178 3577 XXVIII.
1188 3541 1216 3590 p.
1226 3526 1277 3577 473
1285 3527 1316 3575 Β.

775 3597 812 3647 ad
827 3596 995 3662 Thucydidis
1021 3595 1172 3661 exemplum
1188 3595 1232 3658 ΙΙ,
1252 3596 1315 3646 57.“

781 3668 820 3718 W
822 3669 975 3731 cacelina.

811 3770 926 3847 φρενοῖγ
942 3783 973 3818 τε
992 3759 1046 3834 γὰρ
1070 3756 1100 3825 ἐς
1117 3758 1151 3816 τὰ
1175 3757 1318 3832 ἐμεωυτοῦ

776 3837 874 3901 πρώτα
886 3852 921 3889 ον
938 3854 978 3888 πω
992 3831 1103 3903 ἀνήκω]
1125 3837 1214 3902 „Num
1228 3847 1252 3890 ct
1271 3854 1317 3904 τρο

776 3911 852 3959 adid
865 3909 1015 3973 prudentiae
1033 3911 1140 3968 culmen,
1165 3924 1213 3973 quo
1232 3910 1315 3973 tendo,

775 3978 1022 4041 ποπιλιιωμεινευί.“
1052 3979 1098 4029 Ita
1111 3977 1317 4044 Schweighaeu-
1385 4036 1388 4041 ,

776 4063 853 4099 serua
863 4050 1068 4114 interpretatur.
1088 4049 1131 4099 Tu
1140 4047 1178 4099 el.
1190 4049 1224 4099 de
1233 4047 1317 4099 verbo

776 4111 896 4182 ἀνήκειν
908 4124 977 4169 nott.
992 4119 1027 4169 ad
1041 4121 1081 4183 V,
1094 4120 1138 4171 49.
1164 4116 1317 4169 Valckena-

776 4190 833 4239 rius
850 4186 964 4252 φρενῶν
977 4180 1005 4246 ἐς
1016 4182 1052 4237 τὰ
1062 4183 1161 4253 πρωτα
1172 4187 1244 4237 idem
1258 4202 1317 4237 esse

776 4261 818 4309 alt
834 4263 915 4325 atque
935 4255 1030 4323 ψυχῆς
1044 4251 1073 4315 ἐς
1089 4249 1122 4306 τὸ
1136 4247 1317 4320 φρονιμώτα-

774 4343 839 4387 τον,
862 4342 1025 4393 comparans
1045 4326 1171 4391 Xenoph.'
1192 4326 1315 4391 Sympos.

775 4398 852 4449 VIII.
866 4401 890 4461 5.
904 4400 935 4449 14
948 4402 976 4448 et
988 4396 1112 4462 Sophocl.
1130 4397 1228 4461 fragm.
1244 4395 1317 4460 apud

775 4467 929 4533 Etymclog.
951 4483 974 4521 s.
992 4483 1020 4518 v.
1034 4466 1138 4524 νεῖκος.
1181 4466 1259 4528 Quae
1275 4479 1317 4517 se·

1050 4549 1119 4614 30*
