3010 5134
462 424 735 485 POLYMNIu.
762 424 831 485 VlI.
854 434 973 489 92—95.

1220 423 1283 487 579

147 625 208 684 pov
223 598 415 681 ἐκαλέοντο,
438 599 476 665 έν
495 613 580 667 τοῖσι
600 596 762 685 πρώτοισι
783 604 852 668 τῶν
865 595 976 686 λόγων
991 607 1129 686 εἴρηται.
1171 592 1330 677 ”imbecill

147 702 184 770 di
199 699 319 769 ἕκατον
332 702 410 780 νέας
425 708 639 788 παρείχοντο,
656 705 894 791 ἐσκευασμένοι
911 699 955 783 ὠς
970 698 1139 789 Ἕλληνες.
1169 697 1285 781 Ἴωνες

146 805 200 889 dl,
225 801 305 873 ὅσον
318 803 381 890 μὲν
394 803 517 890 χρόνον
531 807 568 873 ἐν
582 803 831 897 Πελοποννήσῳ
844 815 957 876 οἴκεον
970 804 1032 894 τὴν
1044 810 1110 874 νῦν
1123 806 1282 892 καλεομέ-

144 936 209 994 νην
223 905 390 994 Ἀχαιΐην,
412 908 467 975 καὶ
483 908 564 991 πρὶν
584 902 605 995 ἦ
620 908 759 977 Δαναόν
778 936 815 977 τε
829 912 885 977 καὶ.
898 912 1035 985 Ξοῦθον
1050 905 1232 977 ἀπικέσθαι
1251 910 1284 988 ἐς

145 1011 423 1097 Πελοπόννησον,
445 1006 489 1088 ὦς
506 1007 665 1098 Ἕλληνες
679 1016 830 1099 λέγουσι,
847 1014 1022 1082 ἐκαλέοντο
1036 1013 1204 1098 Πελασγοὶ
1218 1017 1280 1079 Αλ-

144 1117 292 1203 psaltes,
308 1115 363 1183 ἐπὶ
379 1113 417 1181 δὲ
430 1110 543 1193 Ἴωνος
556 1120 616 1183 τοῦ
628 1116 767 1192 ,Ξούθου
777 1112 902 1198 Ἴωνες.
937 1120 1111 1204 Νησιῶται
1126 1115 1163 1183 di
1179 1115 1277 1184 ἑπτα·
1289 1115 1329 1177 95

179 1271 210 1331 ἒν
226 1282 299 1331 τοῖσι
317 1272 454 1341 πρώτοισι
469 1276 526 1330 τῶν
545 1273 637 1345 λόγων
650 1277 690 1330 εἴ·

145 1348 240 1417 θηται]
258 1350 310 1403 vid
337 1350 347 1400 l
375 1351 420 1401 171
738 1298 809 1348 cyon
821 1283 884 1333 olim
902 1283 942 1332 ita
958 1279 1096 1347 appellato
1114 1280 1200 1333 luisse
1219 1297 1281 1331 uas.

314 1387 319 1398 ·
351 1388 358 1415 ,
427 1386 433 1397 .

738 1360 823 1403 ratur.
844 1351 1059 1417 Vid.Spanhem.
1075 1352 1108 1401 ud
1119 1350 1278 1401 Callimach.

323 1522 389 1575 Cae.
408 1520 509 1572 XCIV.

177 1615 282 1690 Ἴωνες]
304 1624 367 1674 Vid.
387 1625 415 1688 1,
437 1624 486 1674 142
505 1640 582 1690 seqq.
605 1631 632 1675 et
655 1624 688 1675 de

145 1695 282 1761 prioribus
300 1693 387 1745 Ionum
401 1694 509 1745 sedibus
528 1695 556 1743 iu
571 1695 685 1755 Achaia,

144 1778 216 1830 quae
230 1770 292 1830 post
308 1771 409 1815 vocato
422 1769 480 1827 est,
497 1779 558 1814 cnm
575 1764 636 1817 scil.
651 1764 685 1813 ab

144 1834 263 1885 Achaeis
283 1835 363 1884 eiecti
379 1840 484 1897 essent,
504 1834 534 1894 1,
556 1835 603 1884 145
617 1834 684 1899 ibiq.

144 1910 214 1954 nott.
253 1905 330 1954 Haec
350 1904 434 1969 igitur
451 1904 584 1955 Herodoti
609 1905 688 1952 teati-

145 1974 237 2025 rnonia
256 1974 289 2025 de
306 1974 402 2039 priscis
416 1973 512 2023 Ionum
532 1973 641 2023 sedibus
658 1976 686 2022 in

144 2044 350 2108 Peloponneso,
370 2042 441 2092 unde
458 2042 493 2091 sb
505 2042 619 2092 Achaeis
633 2044 687 2092 eie-

146 2116 184 2163 cti
197 2114 310 2172 luerint,
327 2115 350 2161 si
365 2128 445 2178 quarn
460 2112 537 2162 fidem
553 2118 687 2162 merentur

144 2182 214 2248 (alia
229 2191 259 2233 ut
271 2188 377 2233 taceam
390 2182 424 2231 ab
436 2181 610 2246 aliisdudnnr
626 2199 688 2264 prq-

144 2252 227 2317 lstn)‚
249 2254 319 2303 satis
335 2257 426 2316 patet,
445 2251 511 2315 quid
533 2252 566 2301 de
581 2267 613 2300 ea
629 2252 687 2317 opi-

144 2324 227 2373 nione
237 2324 273 2373 sit
283 2322 467 2382 iudicandum,
479 2336 532 2385 qna
543 2322 622 2370 Iones
632 2323 687 2386 pri·

145 2393 227 2443 mitus
242 2393 270 2442 iu
283 2391 365 2442 haine
378 2406 426 2440 ora
439 2390 596 2441 consedisse
610 2391 686 2440 iude·

144 2479 198 2529 qne
213 2467 243 2513 ut
257 2463 285 2511 in
299 2461 367 2511 alius
382 2466 483 2522 terras,
505 2460 546 2509 ita
560 2461 587 2509 in
599 2461 685 2524 ipsam

144 2533 289 2584 Graeciam
302 2531 454 2582 excurrisse
465 2545 535 2580 nuuc
546 2531 687 2594 perhiben-

144 2609 201 2662 tur;
221 2602 294 2653 conf.
308 2600 433 2651 Curtius:
453 2601 504 2649 Die
518 2601 608 2649 lonier
623 2615 685 2664 pug.

143 2675 160 2724 5
170 2688 245 2737 seqq.
254 2679 281 2721 et
288 2671 471 2722 Schoemauu:
482 2669 684 2719 huirnadverss.

143 2743 178 2794 de
190 2742 304 2792 Ionibus
316 2738 518 2805 (Gryphisrald.
533 2737 610 2803 1856)
621 2755 684 2804 pag.

144 2815 158 2861 7
173 2828 247 2878 seqq.
282 2812 414 2874 Equidem
432 2808 521 2858 malim
537 2810 615 2872 sequi
631 2810 685 2859 He·

144 2882 270 2932 rodotum
280 2881 322 2930 his
334 2879 472 2930 contraris
486 2894 593 2943 prorsus
607 2893 684 2928 euar-

143 2958 248 3002 rentem
272 2950 521 3013 assentientemque
546 2948 633 2998 habeo
651 2946 682 2998 C.

142 3022 174 3072 F.
186 3022 334 3072 Hermann.
348 3020 365 3069 l.
380 3034 440 3067 mox
453 3018 471 3070 l.
483 3024 510 3069 ot
523 3016 548 3079 ᾗ.
562 3020 606 3069 77.
633 3018 684 3069 Ne·

143 3108 196 3157 que
210 3091 292 3141 alitor
305 3083 335 3137 oi
346 3084 573 3144 δυωδεκαπόλιες
581 3079 685 3151 Ἴωνες,

143 3154 173 3210 oi
189 3152 242 3210 ἀπ’
257 3153 396 3222 Ἀθηνέων
416 3158 543 3208 dicuutur
564 3174 624 3222 cap.
642 3174 685 3208 se·

144 3235 256 3296 quente,
278 3230 326 3279 ubi
346 3228 401 3278 vid.
422 3233 490 3280 nott.
530 3231 569 3277 De
583 3230 683 3289 banno,

143 3302 190 3366 qni
209 3317 242 3350 es
255 3300 378 3364 Aegypto
399 3297 528 3363 profugus
547 3299 627 3362 Argis
645 3312 692 3347 se·

143 3371 190 3419 dea
202 3371 308 3434 cepisse
325 3369 439 3426 dicitnr,
455 3368 510 3417 vid.
527 3368 568 3424 ll,
581 3367 631 3427 913
651 3366 685 3417 de

144 3441 241 3499 Xutho,
257 3440 304 3505 qui
318 3439 395 3488 Ionis
407 3437 493 3487 fertur
505 3443 592 3502 pater,
607 3438 684 3495 Vlll,

143 3513 176 3560 44
192 3509 254 3560 coll.
269 3513 339 3559 nott.
355 3509 387 3557 ad
402 3507 424 3569 I,
442 3507 499 3560 lib.
528 3507 559 3557 C.
573 3508 605 3556 F.
619 3507 687 3556 Her-

145 3595 235 3631 mann.
256 3578 273 3629 l.
294 3577 311 3626 l.
332 3580 356 3640 ς.
379 3579 405 3629 7.
427 3583 485 3630 not.
505 3578 531 3629 9.
552 3578 577 3625 7.
597 3579 621 3639 §.
642 3578 685 3627 94.

145 3656 201 3700 not.
221 3652 282 3699 'let
296 3651 321 3711 ξ.
340 3647 383 3700 99.
405 3653 462 3698 not.
481 3648 506 3707 2,
523 3663 550 3710 g.
578 3647 686 3696 llnose:

143 3720 242 3770 Athen.
274 3717 495 3769 Stanrmverfass.
529 3714 685 3781 (Ablrundll.

51 3843 56 3853 ,
145 3790 171 3839 d.
195 3790 259 3840 hist.
279 3786 372 3852 philol.
393 3785 542 3838 Gesellsch.
564 3786 590 3833 in
608 3786 686 3835 Bres-

143 3859 192 3909 lau
212 3856 246 3923 1.)
265 3873 328 3922 pag.
344 3857 403 3907 125.
442 3856 618 3906 Vocuhnntnr
637 3856 685 3905 Ρο-

143 3931 210 3994 laspi
225 3928 404 3993 Aepialenser,
427 3926 498 3991 quod
517 3925 578 3976 olim
598 3926 685 3975 omnis

143 3999 346 4063 Peloponnesus
378 3997 527 4047 vocabatur
557 3996 684 4059 Pelurpia.

145 4074 216 4119 leste
233 4066 355 4132 Enripid
373 4064 684 4131 Iphig.innnl.1473,

145 4140 257 4202 eiusque
278 4153 326 4187 ora
349 4136 501 4198 maritima,
525 4150 594 4199 quac
615 4138 689 4199 post·

145 4207 224 4258 modo
239 4207 359 4257 Achaiae
379 4221 476 4255 nomen
494 4172 618 4270 bccepit,
638 4199 688 4253 Αἰ-

145 4272 254 4341 γιάλεια
273 4277 308 4326 ab
328 4276 451 4339 Aepiuleo
469 4291 546 4339 rege,
572 4279 601 4324 ut
621 4275 688 4325 iere·

145 4348 221 4396 baut.
259 4346 301 4395 Tu
326 4345 399 4396 coni.
424 4344 454 4395 C.
477 4344 510 4394 F.
534 4345 687 4394 Hermann:

145 4416 252 4466 Hellen.
266 4413 519 4466 Stsatsalterthiim.
531 4416 555 4476 5.
570 4415 614 4467 99,
630 4420 687 4464 not.

145 4486 241 4538 uod
254 4487 279 4551 θ.
294 4488 335 4536 l7.
352 4490 408 4535 not.
421 4485 447 4536 8.
484 4484 556 4549 Quin
569 4484 632 4551 ipsa
646 4484 688 4535 Sr

738 1423 774 1474 H.
787 1424 815 1471 in
824 1421 884 1474 Del.
895 1426 938 1474 72.
947 1422 1030 1472 ῑ3.·-
1040 1422 1183 1470 Caeterum
1195 1436 1281 1484 exeo,

737 1492 809 1558 quod
822 1493 902 1543 Ioues
916 1492 950 1541 ab
963 1490 1102 1540 Herodoto
1116 1497 1200 1555 atque
1214 1491 1280 1540 Dio-

738 1563 805 1611 doro
822 1560 890 1625 (XI,
904 1561 935 1624 3,
950 1563 997 1626 qni
1014 1575 1073 1609 curn
1089 1560 1202 1610 Ionibus
1220 1561 1280 1609 inn-

738 1632 779 1696 git
797 1630 880 1682 Chios
901 1637 928 1681 et
944 1627 1063 1693 Samios)
1081 1638 1177 1691 centurn
1195 1643 1280 1679 naves

739 1701 897 1766 praebuisse
915 1701 1057 1757 dicuntur,
1076 1714 1137 1748 cnm
1153 1707 1281 1748 trecentus

735 1770 885 1821 Phoenices
898 1769 1057 1819 exhiberent
1070 1767 1145 1833 (Vll,
1160 1767 1222 1832 98),
1236 1784 1281 1818 sa·

737 1842 773 1890 tia
782 1841 913 1905 cognosci
924 1845 1024 1904 potest,
1037 1844 1168 1903 quantum
1179 1837 1221 1886 vel
1234 1836 1279 1887 illo

737 1910 966 1975 temporelonum
986 1925 1030 1959 res
1053 1907 1165 1957 navales
1183 1907 1281 1956 florue-
1336 1964 1337 1967 Ἴ

737 1981 805 2040 rint3
820 1980 974 2045 quoeodem
988 1978 1281 2042 iaciuntqru'nqnupiuta
1308 2002 1319 2025 .’

736 2066 836 2112 naves,
859 2065 926 2115 quas
948 2047 1110 2100 insulanis.
1131 2046 1280 2110 Cycladum

736 2119 843 2170 incolae
857 2119 1053 2180 exhibuerunt
1076 2123 1145 2167 teste
1159 2115 1280 2166 Diodoro
1349 2110 1351 2114 '

737 2190 881 2307 Uitellii*
879 2260 968 2314 Ιωνος
979 2270 1030 2304 τον
1019 2249 1164 2309 ,Ξούθου
1172 2243 1277 2333 Ἴωνες]

735 2328 838 2378 Eadem
849 2331 949 2379 Noster
961 2326 1047 2377 tradit
1061 2325 1142 2386 VIII
1158 2325 1206 2374 44·
1220 2311 1282 2370 ”lma

737 2412 787 2455 νος
814 2393 846 2447 dl
874 2392 926 2445 τοῦ
947 2387 1071 2449 Ξούθου
1103 2383 1279 2468 στρατάρχεω

736 2480 833 2546 γενομ
832 2468 890 2515 ’νον
919 2459 1095 2545 Ἀθηναιοισι
1115 2452 1281 2524 ἐκλήθησαν

735 2529 793 2586 ἀπὸ
807 2550 917 2585 τουτων
924 2525 1036 2594 lovem
1057 2532 1224 2595 eandemque
1241 2529 1280 2580 ia·

736 2622 806 2657 mom
824 2607 947 2670 sequitur
966 2618 1073 2669 qnoque
1088 2600 1258 2665 Euripides'
1250 2615 1279 2648 ru

735 2678 795 2729 Ion.
809 2676 884 2726 1589.
911 2674 983 2736 Quid
996 2687 1059 2722 vero
1074 2671 1143 2720 Ionia
1157 2674 1185 2720 et
1194 2670 1216 2719 I
1209 2685 1280 2717 νκον

736 2746 843 2796 nomine
856 2748 964 2795 veteres
979 2743 1123 2806 designare
1134 2740 1279 2801 voluerint,

734 2814 817 2866 valde
831 2816 980 2864 incertum:
997 2811 1052 2861 vid.
1064 2825 1134 2875 qnae
1147 2809 1180 2858 de
1196 2809 1281 2858 nomi·

735 2887 777 2936 uis
790 2884 870 2934 huius
884 2884 911 2934 vi
925 2898 959 2931 oc
973 2880 1174 2945 significatione
1187 2885 1281 2943 protu-

734 2953 872 3005 leruntC.
889 2954 921 3005 F.
944 2952 1092 3001 Hermann.
1114 2949 1130 2999 l.
1153 2948 1171 3000 l.
1194 2947 1276 3009 §.uu

734 3025 836 3087 not.7‚
859 3021 997 3073 Curtiusl.
1010 3020 1026 3069 l.
1042 3034 1104 3083 pag
1079 3020 1156 3068 ν.47
1167 3024 1224 3067 not.
1238 3018 1278 3068 10.

735 3095 815 3178 Apud
836 3090 984 3144 orientales
1006 3091 1126 3139 homines
1147 3093 1229 3152 atque
1252 3089 1280 3137 iu

735 3166 803 3230 ipsis
823 3161 1048 3227 inscriptionibus
1066 3159 1190 3208 cuneolis
1204 3157 1280 3207 Iones

736 3234 827 3301 (Υννα
847 3250 868 3287 s.
888 3232 983 3290 Irreuu,
1008 3244 1062 3295 qua
1082 3244 1150 3279 voce
1172 3231 1280 3278 iuvenem

735 3305 851 3354 indicari
875 3299 983 3366 volunt)
1014 3299 1070 3350 dici
1101 3314 1194 3348 omnes
1222 3298 1279 3347 t'ere

736 3376 854 3425 Graecos
873 3373 1080 3423 satiaconstat:
1100 3368 1138 3418 cl.
1153 3371 1223 3418 nott.
1243 3366 1279 3417 ad

736 3445 796 3505 111,
812 3444 856 3495 99.

926 3614 993 3664 Car.
1013 3612 1095 3662 XCV.

772 3713 918 3780 Νησιώται
941 3708 983 3779 dl]
1015 3715 1051 3763 lli
1074 3709 1194 3762 insulani
1218 3725 1278 3759 cum

737 3803 754 3836 n
781 3786 924 3838 duodecim
948 3786 1042 3835 Ionum
1068 3780 1228 3832 civitatibus
1251 3782 1279 3830 iu

737 3858 898 3907 Panionium
916 3856 1062 3906 convenire
1074 3853 1164 3903 solitis
1182 3850 1280 3900 distin·

735 3931 864 3991 guantur,
876 3941 964 4008 neque
975 3924 1005 3976 CI
1002 3926 1029 3975 αϊ
1037 3938 1123 3989 neque
1132 3921 1211 3971 Samii
1220 3935 1280 3970 esse

737 4001 864 4061 possunt.
881 3998 926 4061 qui
941 3995 1001 4044 ad
994 4009 1069 4059 ipsas
1083 3993 1168 4042 hasce
1183 3992 1280 4040 civito·

736 4071 777 4116 tes
791 4065 931 4115 duodecim
944 4065 1081 4129 pertinent
1097 4068 1182 4127 atque
1197 4061 1278 4108 etiam

739 4151 756 4186 a
768 4135 888 4185 Diodoro
902 4136 958 4196 XI,
972 4133 987 4184 3
1007 4133 1103 4181 lunum
1120 4128 1279 4180 civilatibus

738 4213 835 4255 centum
850 4220 933 4255 naves
946 4201 1138 4267 praebentibus
1150 4199 1280 4247 udunme-

739 4280 851 4336 rantur,
881 4274 928 4325 sed
947 4272 981 4322 ad
1005 4286 1052 4321 ees
1071 4269 1174 4321 insulas
1195 4268 1280 4332 perti·

740 4350 806 4395 nent
812 4343 949 4409 ,qnaeCp
950 4343 1036 4392 clades
1050 4339 1129 4404 vulgo
1141 4335 1280 4402 appellen·

740 4418 798 4471 tur:
812 4384 849 4464 lul
860 4429 927 4479 quus
940 4414 1014 4476 ipsas
1028 4408 1100 4474 apud
1111 4408 1278 4482 llerodqlum

739 4488 864 4549 spectare
887 4482 970 4533 verbs
990 4475 1108 4544 νήσους,
1130 4468 1279 4543 νησιώτας,

1018 4567 1083 4629 37*
