3052 5134
217 376 278 447 388
576 427 580 435 -
651 380 918 444 HERODOTI

151 556 351 648 113Ἕλλησι
366 559 421 628 καὶ
435 555 473 626 τό
487 554 614 646 οὔνομα
629 556 665 626 τό
681 557 813 647 Μήδων
827 559 932 647 φόβος
947 554 1099 627 όκοῦσαι.
1138 556 1352 647 Μαχομένων

220 666 257 735 δὲ
271 667 308 733 ἐν
328 667 374 756 τῷ
388 667 584 748 Μαραθῶνι
605 662 723 749 χρόνος
745 666 873 749 ἐγίνετο
892 661 1023 742 πολλός.
1053 663 1109 731 καὶ
1123 660 1160 732 τό
1174 663 1236 751 μὲν
1250 664 1353 751 μέσον

219 774 280 838 τοῦ
294 771 522 856 στρατοπέδου
542 769 665 835 ἐνίκων
684 770 717 834 ol
736 766 917 854 βάρβαροι,
939 772 980 855 τῇ
995 768 1122 852 Πέρσαι
1137 794 1172 835 τε
1187 763 1280 835 αὐτοὶ
1297 768 1353 833 καὶ

217 870 327 941 Σάκαι
343 867 531 957 ἐτετάχατο·
562 869 645 939 κατὰ
660 874 757 938 τοῦτο
772 870 833 958 μὲν
848 869 889 958 δὴ
908 872 1032 938 ἐνίκων
1047 874 1081 938 οἱ
1093 869 1276 958 βάρβαροι,
1297 872 1353 937 καὶ

218 974 374 1065 ῥήξαντες
390 977 531 1043 ἐδίωκον
545 976 578 1053 ἐς
591 973 653 1062 τὴν
667 973 865 1061 μεσόγαιαν·
894 972 932 1043 τό
946 975 984 1042 dl
998 976 1097 1061 κέρας
1112 973 1269 1060 ἑκάτερον
1282 975 1352 1041 ένί-

218 1107 288 1149 κων
303 1075 481 1166 Ἀθηναῖοί
496 1078 609 1181 τεοκαὶ
623 1081 816 1157 Πλαταιέες.
849 1085 1009 1157 νικῶντες
1027 1077 1065 1146 δέ
1085 1076 1121 1145 τό
1136 1078 1198 1166 μὲν
1211 1104 1352 1164 τετραμ-

217 1185 321 1272 μένον
340 1187 407 1250 τῶν
427 1178 609 1269 βαρβάρων
631 1180 773 1267 φεύγειν
787 1187 868 1249 ἔων·
902 1197 988 1250 τοῖσι
1010 1182 1048 1249 δὲ
1068 1178 1105 1249 τό
1120 1184 1223 1269 μέσον
1237 1180 1354 1269 ῥήξασι

218 1283 350 1372 αὐτῶν,
368 1285 617 1371 συναγαγόντες
635 1284 675 1353 τό
690 1288 790 1372 κέρεα
807 1280 994 1374 ἀμφότερα,
1016 1283 1193 1372 ἐμάχοντο,
1216 1286 1272 1352 καὶ
1286 1286 1354 1352 ένί-

219 1418 290 1459 κων
305 1386 490 1476 Ἀθηναῖοι.
518 1388 684 1476 φεύγουσι
699 1389 736 1457 δὲ
749 1403 835 1457 τοῖσι
848 1392 998 1477 Πέρσῃσι
1016 1394 1149 1458 εἵποντο
1165 1388 1355 1471 κόπτοντες,

219 1489 284 1574 tri
299 1494 353 1562 tot
366 1489 428 1581 τὴν
441 1491 617 1562 θάλασσαν
637 1490 835 1581 ἆιιικόμενοι
856 1497 925 1577 ndo
943 1519 979 1561 τε
1000 1503 1114 1561 αἴτεον
1131 1495 1187 1562 καὶ
1210 1495 1355 1579 έτιελαμ-

220 1597 365 1686 βάνοντο
382 1602 451 1667 τῶν
466 1601 565 1666 νεῶν.

400 1832 456 1881 cst
484 1830 575 1880 exul
814 1809 913 1860 γαιαν;
937 1795 970 1844 de
989 1795 1050 1860 ipsa
1073 1793 1153 1846 huius
1172 1797 1246 1847 uocis
1267 1797 1356 1846 forma

460 1867 465 1878 ’
578 1864 585 1878 “
815 1865 871 1915 vid.
885 1871 1036 1914 monentem
1051 1866 1167 1917 Bredov.
1186 1883 1211 1931 p.
1227 1865 1282 1916 rou.
1296 1865 1355 1918 139.

258 1925 288 1985 ἒν
303 1932 342 2003 τῷ
354 1921 531 1999 Μαραθῶνι]
553 1935 572 1984 i.
590 1949 613 1983 e.
627 1936 653 1983 in
672 1935 764 1997 corripio
849 1926 879 1982 τό
900 1928 951 1997 μὶν
968 1930 1158 1998 τετραμμένον
1177 1934 1233 1983 τῶν
1252 1930 1358 2001 βαρβά-

223 2005 393 2057 Marathoniis
414 2004 450 2054 ad
464 2003 651 2054 Marathonem
671 2004 765 2054 urbem
816 2002 886 2069 ρων]
897 2006 962 2053 llam
973 2003 1101 2070 intelligit
1110 2006 1285 2056 barbarorum
1296 2023 1359 2071 par-

224 2077 284 2127 aitia
298 2075 416 2140 indeque
427 2074 556 2135 extensis,
571 2081 694 2137 utsupra
704 2089 735 2123 ca
756 2111 762 2123 .
814 2080 883 2137 tem,
903 2089 972 2138 quae
987 2075 1015 2123 in
1032 2073 1124 2139 fugam
1139 2084 1355 2128 contremuerat.

226 2146 287 2195 lll:
299 2136 480 2207 τασσομένων
489 2140 545 2191 τῶν
557 2132 716 2206 Ἀθηναίων
728 2090 754 2193 d)
749 2158 765 2190 ν
814 2145 854 2194 Ac
870 2146 983 2194 miratur
996 2144 1165 2207 Lareherua,
1187 2146 1260 2210 quod
1272 2146 1359 2197 Hero-

223 2212 264 2281 τῷ
279 2211 444 2276 Μαραθῶνι
460 2217 486 2262 et
497 2211 570 2277 apud
582 2212 722 2264 Plutarch.
736 2214 764 2261 in
815 2215 895 2265 dotus
909 2213 934 2261 h.
952 2213 968 2267 l.
989 2213 1023 2262 de
1033 2213 1161 2265 Aristidis
1179 2216 1358 2273 facinoribua,

224 2283 340 2335 Arietid.
352 2284 377 2347 5,
390 2283 436 2348 qui
450 2282 476 2331 id
486 2297 594 2347 quoque
607 2282 700 2346 refert,
713 2298 766 2332 me·
816 2284 848 2334 de
870 2283 969 2348 quibua
988 2284 1071 2334 multa
1089 2284 1227 2335 Plutarch.
1249 2285 1277 2334 in
1299 2286 1361 2335 Ari-

224 2355 297 2405 diam
310 2352 516 2403 Atheniensium
532 2353 619 2402 aciem
633 2354 660 2401 in
674 2367 766 2418 pugna
816 2353 881 2404 stid.
895 2368 955 2418 cap.
971 2354 1002 2415 5,
1020 2353 1087 2404 nihil
1100 2370 1211 2420 proraua
1224 2354 1357 2406 retulerit.

225 2424 339 2473 maxime
351 2421 500 2481 laborasse,
514 2421 561 2472 aed
572 2421 765 2473 Themistoclis
816 2422 869 2474 Sed
889 2421 962 2472 aliud
983 2423 1036 2472 init
1058 2425 1200 2475 consilium
1218 2425 1359 2476 Plutarchi

225 2499 253 2544 et
270 2493 400 2544 Aristidia
423 2494 527 2542 virtute
548 2492 673 2542 ellectum
697 2507 767 2554 esse,
817 2508 860 2543 rea
883 2492 917 2541 ab
935 2493 1055 2543 Aristide
1071 2500 1164 2560 gestae
1182 2494 1360 2557 celebrantia,

225 2568 255 2614 ut
266 2563 376 2613 barbari
391 2563 418 2611 in
430 2562 522 2627 fugam
533 2568 767 2612 converterentur.
817 2562 891 2612 aliud
905 2562 1052 2628 Herodoti,
1071 2566 1118 2631 qui
1132 2567 1286 2615 summatim
1299 2570 1358 2614 tan·

225 2634 268 2691 De
285 2633 353 2698 ipaia
377 2633 479 2697 campie
497 2631 676 2682 Marathoniis
700 2632 767 2681 dixi·
817 2639 875 2682 turn
889 2633 921 2682 de
933 2632 985 2682 hac
998 2649 1088 2699 pugna
1101 2634 1195 2686 retulit
1209 2650 1258 2685 neo
1269 2635 1360 2699 ningu-

228 2718 285 2754 mua
298 2702 332 2752 ad
346 2702 398 2763 Vl,
416 2702 478 2761 1023
497 2701 533 2750 ad
546 2703 634 2765 ipsam
652 2701 767 2751 locutio·
816 2702 902 2753 lorum
929 2703 1053 2753 facinora
1075 2710 1198 2767 enarrat,
1222 2720 1304 2755 unum
1330 2706 1359 2752 in

225 2788 286 2823 nem
302 2762 331 2819 ἐν
345 2769 512 2834 Μαραθῶνι
526 2772 645 2822 conferri
659 2786 766 2837 quoque
816 2773 993 2838 sequentibus
1021 2774 1216 2826 Callimachum
1242 2790 1360 2825 comme-

226 2846 354 2907 poaaunt,
364 2857 433 2906 quae
444 2841 477 2890 ad
489 2842 620 2891 Iaocratis
631 2843 763 2906 Panegyr.
815 2858 934 2905 morans,
948 2844 1012 2907 quia
1024 2842 1103 2895 huius
1116 2845 1287 2909 potissimum
1298 2859 1360 2894 oen·

226 2910 251 2973 5.
270 2911 304 2962 70
320 2911 472 2975 disputarit
492 2910 651 2961 Bacumlein
677 2910 767 2976 (Com-
816 2913 901 2963 tentit
922 2912 987 2977 (Vl,
1009 2912 1067 2965 lou.
1089 2912 1150 2979 110)
1173 2930 1265 2980 pugna
1288 2915 1359 2963 inita

227 2986 332 3031 mentar
348 2996 395 3030 zur
415 2980 522 3031 Griech.
537 2981 766 3032 Chrestomathie.
817 2991 859 3033 eat
869 2983 904 3031 ab
914 2981 1132 3037 Atheniensibus.
1143 3010 1176 3021 -
1189 2984 1278 3034 Verba
1293 2997 1359 3033 σνν-

225 3050 248 3099 Ῑ.
268 3051 413 3100 laocratea.
434 3050 581 3114 Stuttgort.
601 3051 678 3113 1837)
703 3067 765 3116 pag.
818 3043 970 3116 αγαγόντες
980 3047 1016 3101 τὰ
1027 3046 1109 3116 κέρεα
1122 3045 1271 3118 όμφότερα
1286 3052 1358 3119 (corr-

230 3120 277 3171 197
297 3135 372 3185 seqq.
391 3147 426 3156 -
451 3119 484 3169 ln
510 3135 586 3197 seqq.
607 3120 691 3170 verba
718 3115 766 3169 aut
818 3124 891 3173 druto
909 3123 1116 3189 utroqueeorrra)
1136 3124 1240 3174 virita
1260 3123 1359 3174 iutelli-

226 3180 363 3255 ῥήξαντες
376 3178 495 3236 ἐδίωκον
509 3181 535 3245 ές
548 3204 600 3253 την
612 3184 766 3253 μεσόγαιαν
816 3192 904 3257 geuda
927 3198 1021 3256 erunt,
1052 3198 1083 3243 ut
1104 3199 1247 3259 utrumque
1273 3208 1359 3243 cornu

227 3260 268 3310 aio
279 3256 415 3323 intelligo:
433 3258 544 3308 barbari
557 3266 638 3324 rupta
649 3260 765 3310 Graeco·
817 3278 898 3311 riuum
911 3263 996 3313 aciem
1008 3266 1180 3314 coniunctam
1192 3264 1359 3315 formaverit.

226 3345 285 3379 rum
304 3328 391 3378 media
414 3329 474 3379 acie
495 3329 600 3394 insequi
620 3335 767 3394 coeperunt
815 3331 864 3382 aed
874 3347 933 3381 eum
945 3334 971 3382 in
983 3333 1089 3383 modum
1103 3335 1204 3398 potius,
1218 3339 1248 3383 ut
1258 3338 1357 3384 utrum-

209 3400 346 3449 «Graecos
360 3398 497 3464 fugientes
514 3400 672 3463 introrsum,
686 3401 767 3450 medi·
817 3417 869 3467 que
883 3418 966 3452 cornu
980 3403 1013 3453 ab
1027 3402 1151 3455 hostibus
1163 3402 1359 3469 peraequendis

227 3476 354 3520 terranea
374 3468 434 3520 loca
455 3483 561 3521 verane.
599 3471 720 3535 Namque
740 3460 767 3526 ές
817 3487 944 3522 aversum
959 3489 990 3523 eo
1007 3490 1037 3524 ae
1053 3475 1234 3536 converterit,
1257 3490 1309 3539 quo
1329 3474 1357 3522 iu

226 3539 252 3588 h.
267 3538 285 3589 1.
299 3538 385 3590 valet:
409 3538 498 3597 „noch
520 3539 573 3587 dem
594 3539 768 3590 Bionenirmde
816 3541 906 3591 media
919 3543 979 3593 acie
996 3549 1143 3609 pugnatum
1159 3549 1215 3608 eat,
1239 3544 1307 3594 adeo
1327 3548 1358 3593 ut

226 3609 279 3665 hin,
289 3608 314 3657 in
326 3609 542 3659 doaBinnentond
552 3609 643 3670 tireio,
655 3611 768 3661 lundein·
817 3614 905 3677 copiis
920 3614 1061 3679 utriunque
1075 3629 1172 3664 cornua
1187 3629 1281 3666 versuo
1293 3629 1359 3664 eun·

228 3680 769 3740 orirer,“utreotenronueruutWeeter·
817 3682 877 3733 dem
900 3683 1003 3733 mediae
1029 3685 1099 3735 aciei
1122 3682 1211 3734 locum
1232 3686 1358 3749 utrinque

229 3747 482 3812 mannua(Jal1rbb.
495 3750 513 3798 l.
522 3748 618 3802 Philol.
629 3750 768 3800 u.Paeda-
817 3753 959 3802 conductis
973 3752 1087 3804 Graecia
1102 3752 1291 3805 laborantibus
1302 3769 1361 3804 auc·

228 3834 289 3884 gog.
309 3818 434 3871 XXXVI.
453 3834 479 3883 p.
502 3818 561 3882 lli)
580 3824 608 3871 et
620 3819 767 3885 Rangubd:
819 3827 958 3872 currerent
973 3823 1125 3889 Persaeque
1141 3825 1295 3875 coniunctio
1314 3839 1360 3874 eo·

228 3886 383 3952 Antiquitda
400 3887 536 3953 Helleniq.
554 3892 696 3955 pag.422,
722 3890 769 3955 qni
818 3893 871 3956 piia
898 3891 1080 3943 adorirentur.
1122 3893 1199 3947 Coni.
1226 3895 1362 3945 Weiaaen·

228 3958 768 4015 reddit:oerol'iutem'earderterrer:ue·
818 3962 888 4012 born
905 3963 948 4011 in:
974 3964 1035 4013 Jcn.
1050 3964 1109 4013 Litt
1134 3965 1259 4029 Zeitung.
1283 3963 1358 4014 1843.

230 4043 294 4094 que,
310 4027 418 4079 utolim
431 4028 542 4093 Finlay:
567 4046 644 4096 reaque
662 4032 698 4080 od
711 4031 768 4080 Me-
819 4048 846 4096 p.
860 4030 920 4082 876.
948 4032 1017 4083 Vide
1035 4033 1261 4097 delineationem,
1279 4047 1359 4099 qaam

228 4114 358 4164 royocom,
374 4099 420 4163 qui
431 4104 473 4150 eat
484 4114 570 4164 paguo
584 4105 714 4165 quattuor
726 4101 770 4150 iti·
820 4101 942 4152 exhibuit
971 4101 1041 4156 Gall,
1073 4103 1121 4154 iu:
1159 4104 1238 4154 Atina
1269 4107 1361 4154 conto·

228 4170 301 4219 neria
320 4168 769 4235 horiedistnuaucnurpiaMora·
819 4177 887 4222 nant
905 4171 944 4221 lea
971 4178 1061 4223 carten
1083 4173 1191 4224 relutiia
1219 4172 1280 4224 ila
1297 4172 1361 4238 ςέο-

230 4239 345 4301 thoniia3
362 4238 416 4292 vid.
430 4255 493 4305 pag.
503 4242 536 4291 27
550 4244 577 4289 et
590 4256 659 4304 quae
672 4245 768 4290 eontra
818 4240 930 4308 graphio
943 4242 1119 4303 d'Herodote,
1135 4242 1295 4307 Thucydide
1308 4249 1359 4294 etc.

229 4309 300 4359 hune
316 4310 354 4359 ibi
371 4314 533 4360 monuerunt
549 4310 627 4360 Roas.
649 4318 676 4361 et
693 4309 768 4360 Hoff·
820 4311 918 4364 'l'abul
938 4314 979 4364 24.
1018 4313 1070 4364 Pro
1087 4305 1196 4363 αότέων
1216 4329 1279 4364 mox
1300 4313 1361 4365 dedi

229 4394 309 4428 mann
326 4396 350 4444 p.
363 4381 396 4429 27
408 4395 465 4445 aeq.
479 4386 506 4429 et
516 4381 559 4432 54.
585 4380 681 4444 ltaque
694 4378 767 4429 haud
818 4376 922 4432 αὐτῶν.

228 4450 326 4514 aeripei
334 4441 510 4514 Μεσόγαιαν,
523 4449 571 4499 aed
582 4448 679 4515 reliqui
687 4440 767 4514 μεσό-
852 4448 911 4517 πῦρ
930 4466 959 4501 τε
978 4447 1083 4516 αἴτιον]
1103 4450 1358 4518 Schweighaeusero
