2970 5128
679 393 947 457 HERODOTI

200 579 240 642 88
250 569 424 694 Ἀθηναῖρι
440 570 476 639 δί
490 569 657 650 παθόντες
671 575 775 638 ταῦτα
794 566 877 658 πρός
886 569 1096 655 Αἰγινητέων
1110 562 1222 637 οόκίτι
1235 562 1383 653 σἰνεβιίί-

248 684 345 744 λοντο
359 673 405 761 μή
419 672 460 743 od
473 672 510 743 τό
527 678 595 742 πᾶν
609 673 866 761 μηχανήσασθαι
881 670 983 741 ἕκἈ
951 671 1160 759 Αἰγινήτῃσι
1188 661 1277 738 καί
1257 698 1300 757 ην
1314 669 1384 756 γὰρ

247 777 457 866 Νικόδρομος
471 786 558 847 Κυοί
558 788 626 846 θον
646 777 845 864 καλεόμενος
867 777 963 844 ἐν
923 803 963 865 tq
979 780 1025 842 Αἰ
1025 782 1103 862 γίνῃ
1124 771 1209 861 όυήρ
1231 773 1383 859 δόκιμος,

245 871 342 959 οὗτος
361 880 572 1003 μεμφόμενος
592 881 655 969 μὲν
668 896 753 949 τοῖσι
767 878 975 1001 Αἰγιγήτησι
986 879 1183 965 προτίρήν’
1166 903 1294 944 ειουτου
1281 879 1382 957 ἐξέ-

246 993 344 1053 λασιν
358 987 449 1052 ἐκ
409 1011 466 1072 της
481 983 603 1073 νήσου,
624 982 746 1071 μαθών
766 981 861 1051 di
823 1009 898 1051 τοτε
919 978 997 1059 τοὺς
1011 976 1249 1067 Ἀθηναίους’
1232 1007 1383 1067 αναρτη-

245 1089 368 1176 μένους
381 1090 495 1174 ἕρδειν
507 1087 691 1175 Αἰγινήτας
705 1092 830 1173 κακῶς,
856 1091 1052 1155 συντίθεται
1071 1081 1281 1170 Ἀθηναίοισι
1294 1110 1381 1169 προ-

247 1198 364 1278 δοσίην
378 1196 536 1279 Αἰγίνης,
557 1191 687 1279 φράσας
702 1193 739 1259 ἐν
753 1195 794 1278 τῇ
806 1216 843 1258 τε
856 1185 961 1276 ήμέρῃ
976 1186 1198 1273 ἐπιχειρήσει,
1221 1188 1277 1254 καί
1292 1190 1382 1254 ἐκεί-

245 1322 326 1374 νους
341 1298 374 1374 ἐς
386 1292 448 1383 τήν
462 1290 558 1382 ήκειν
572 1294 684 1382 δεήσει
702 1297 922 1381 βοηθέοντας·
951 1290 1034 1379 μετὰ
1047 1294 1151 1358 ταῦτα
1164 1290 1382 1377 καταλαμβά-

246 1425 298 1468 νει
320 1399 382 1486 μίυ
402 1397 485 1466 κατὰ
504 1398 716 1486 συνεθήκατο
738 1392 756 1465 ὁ
775 1396 986 1483 Νικόδρομος
1003 1391 1210 1480 Ἀθηναίοισι
1231 1390 1293 1479 τήν
1313 1420 1380 1461 πα-

198 1500 345 1590 891αιήν
365 1504 570 1590 καλεομένην)
597 1500 707 1569 πόλιν.
750 1496 924 1586 Ἀθηναῖοι
951 1497 988 1566 δὲ
1013 1493 1055 1566 οὐ
1075 1504 1317 1583 παραγίνονται
1348 1500 1385 1573 ἐς

245 1675 408 1737 henduutur.
439 1675 500 1725 Vid.
513 1672 700 1724 Wachamnlh.
721 1672 786 1723 Hel·
837 1673 949 1733 rentiar,
960 1670 1040 1736 plura
1051 1670 1171 1720 obstant.
1193 1671 1318 1734 Namque
1333 1685 1384 1719 ve·

246 1744 299 1796 lon.
311 1744 507 1796 Alterthumalr.
519 1745 556 1795 ΙΙ.
574 1756 636 1810 pag.
649 1744 709 1794 202.
835 1743 1083 1805 tuarlegiuetarum
1096 1739 1160 1789 urba
1172 1739 1206 1787 ad
1219 1740 1309 1802 ipsum
1321 1754 1383 1788 rua·

835 1814 938 1862 realta
958 1812 985 1860 iu
1009 1811 1071 1860 Ιοοο
1092 1809 1252 1872 plauiaaimo
1275 1808 1382 1858 uulhm

385 1916 451 1968 ca.
467 1917 646 1968 Lffllffi
835 1879 1384 2016 tittittltl,‘tttfflltlttttttt

279 2011 502 2099 ανεβιίίἰσντο]
512 2019 590 2069 Cous.
605 2022 646 2081 V,
661 2018 695 2067 tt
713 2018 787 2069 etde
835 2022 958 2085 periatur
971 2020 1046 2070 locue
1059 2018 1168 2079 editior,
1180 2018 1208 2066 in
1223 2033 1276 2081 quo
1289 2033 1384 2067 arcem

245 2088 389 2154 particulis
411 2082 449 2154 μή
469 2082 504 2138 ori
526 2094 594 2139 nott.
614 2057 648 2138 ad
666 2090 723 2151 lll,
741 2090 784 2139 51.
836 2096 977 2141 exatruere
991 2087 1123 2139 licuisset.
1154 2091 1244 2152 Atque
1260 2086 1324 2137 hinc
1340 2094 1384 2137 et·

245 2159 287 2208 td
300 2160 384 2210 verba
399 2175 474 2224 seqq,
495 2151 527 2208 τό
549 2156 607 2206 πᾶν
623 2127 788 2221 μήγανήσα-
836 2160 890 2209 iarn
901 2158 991 2221 nulla,
1004 2163 1135 2222 quantum
1151 2157 1223 2218 ecio,
1246 2158 1320 2222 apud
1335 2173 1384 2206 vc·

246 2227 314 2276 σθαι
328 2219 372 2277 ἐπ’
388 2220 552 2293 Αἰγινήτῃσι
568 2228 640 2276 coni.
660 2232 729 2276 nott
750 2226 784 2276 ad
835 2235 908 2279 terea
928 2229 1076 2293 scriptores
1096 2227 1197 2276 mentio
1221 2228 1294 2277 arcia
1318 2227 1383 2277 aive

245 2299 298 2355 lV,
316 2299 363 2348 lot
377 2305 404 2349 et
417 2297 471 2347 v1d
486 2297 622 2348 Kuehner.
638 2296 683 2345 tir.
698 2297 743 2346 Gr
759 2300 784 2358 ὅ.
836 2298 996 2362 acropoleos
1022 2298 1231 2361 Aeginetarum,
1257 2311 1329 2361 quae
1356 2298 1384 2346 ai

244 2367 312 2428 1112,
327 2367 353 2416 b.
393 2368 563 2417 structuram
583 2366 660 2416 verbi
682 2360 786 2430 μέμφε·
836 2368 892 2417 ulla
915 2368 1080 2429 exstitisset,
1102 2381 1151 2417 eno
1171 2370 1247 2417 certe
1266 2367 1383 2415 nomine

246 2435 354 2486 σθαιὶο
367 2453 442 2502 eeqq.
458 2438 540 2502 attigi
555 2436 589 2486 ad
603 2436 660 2496 111,
679 2437 701 2486 1.
729 2427 785 2495 ἐξὲ-
835 2438 1012 2493 eam.Noater
1026 2436 1384 2500 indicaaaet‚uequeuali·

244 2506 327 2555 λασιν
348 2506 414 2558 dicit
431 2510 587 2567 eiectionem,
605 2508 785 2567 capitulorum,
834 2506 978 2572 quaa'whia
988 2505 1174 2571 appellatione
1183 2504 1383 2570 aiguilicaaact.

245 2576 328 2637 utV,
346 2577 442 2628 76-
460 2576 591 2640 Retulit
605 2575 640 2624 ad
653 2575 785 2627 Nicodro
834 2578 931 2641 ltaque
946 2576 1026 2626 valde
1047 2575 1151 2625 arridet
1169 2575 1309 2626 sententia
1324 2576 1382 2625 viri
1483 2590 1484 2593 ¹

246 2661 318 2695 mum
336 2615 495 2726 Philosophi
514 2646 603 2697 locum
618 2646 692 2694 Polit
708 2647 745 2707 V,
768 2645 785 2695 6
834 2647 1026 2697 etdoctiaaimi
1043 2646 1271 2709 etaagaciaaimi,
1284 2645 1383 2694 Liberi

246 2714 295 2794 (5)
317 2710 347 2763 ἐν
362 2712 395 2764 Αἰ
394 2706 492 2778 γίνήό
514 2708 567 2778 τήν
588 2710 694 2777 πρᾶξιν
713 2704 784 2776 πρὸς
833 2716 952 2766 Batonis
969 2715 1003 2766 de
1021 2714 1122 2765 Stacke
1183 2730 1215 2778 g,
1235 2712 1382 2779 quivena
1483 2716 1484 2785 l

245 2779 366 2848 Χάρητα
389 2781 501 2861 πράξας
525 2776 682 2848 ἐνεχείρησε
704 2797 785 2845 μετα-
833 2784 1018 2850 (deqnavid
1032 2789 1102 2835 nott.
1116 2799 1133 2833 a
1198 2782 1381 2847 ,mtrem-

244 2851 341 2918 βαλεῖν
365 2847 418 2917 τήν
442 2852 602 2914 πολιτείαν
625 2853 782 2902 Cannaban.
832 2855 921 2905 droarr
934 2856 1085 2904 arbitratur
1087 2854 1324 2918 antiquissimam
1336 2860 1382 2904 to·

244 2924 280 2973 ad
294 2923 390 2989 Polyb
409 2939 436 2988 p.
452 2924 502 2973 185
519 2923 559 2972 εδ.
577 2890 660 2974 (iren.
683 2922 783 2973 dubius
830 2925 888 2974 tine
906 2924 1012 2975 insulae
1029 2924 1120 2975 eedem
1136 2928 1164 2974 et
1179 2924 1261 2987 quaai
1275 2928 1381 2973 metro-

244 2993 367 3043 uounihil
389 2994 423 3043 ob
444 2994 597 3043 Charetem
601 2993 619 3020 ‘⁸
647 2994 782 3045 Weatel.
830 2992 916 3060 poliu,
933 3010 1015 3059 equa
1025 2994 1172 3057 Aeginetae
1184 3008 1323 3058 progreaar
1339 2994 1379 3043 ad

244 3091 279 3099 -
296 3063 461 3112 Adverbum
476 3054 692 3144 ἀναρτημένους
709 3061 782 3115 coni
833 3079 907 3113 mare
929 3064 1072 3128 postmodo
1097 3064 1189 3112 urbem
1216 3063 1380 3124 condidere,

244 3131 307 3193 Vll,
322 3134 346 3181 8.
360 3136 384 3193 ξ.
397 3131 423 3194 3,
437 3128 647 3194 ubtvrrlcken,
661 3136 782 3181 uoatrum
833 3148 903 3197 quae
923 3134 1049 3198 primitus
1065 3138 1172 3197 portum
1184 3132 1259 3182 Oeae
1275 3147 1379 3196 eugge

242 3169 782 3263 locrimcitari'a,1n1atumainaumab
830 3203 918 3254 rebat.
952 3206 1014 3265 Qua
1031 3203 1099 3252 urbe
1124 3202 1261 3251 maritima
1283 3201 1381 3251 diruta

244 3268 307 3333 qlile
322 3271 455 3320 interdum
471 3261 782 3335 inqope'roveadhiberi
833 3271 873 3321 nil
892 3273 1002 3333 mirum,
1024 3272 1060 3321 ad
1080 3272 1237 3322 interiorem
1256 3270 1380 3320 insulam

242 3346 331 3390 notat.
358 3340 470 3391 Tnvid.
488 3340 511 3400 1,
525 3339 638 3404 90ibiq.
651 3344 720 3391 nott.
749 3340 783 3390 In
832 3341 920 3391 denuo
942 3310 1046 3391 incrilaa
1071 3356 1101 3391 ae
1123 3342 1261 3406 recepiaae
1281 3340 1379 3405 ibique

243 3425 318 3475 aeqq
343 3403 415 3458 κατὰ
437 3401 616 3491 συνεθήκατο
641 3408 702 3458 dedi
721 3425 782 3460 cum
830 3427 915 3476 propo
935 3418 1054 3463 veterem
1069 3411 1153 3461 Oeam
1174 3409 1314 3460 domicilia
1330 3427 1380 3461 ce-

243 3478 671 3558 Stravio,utmonu1adV153.
693 3479 781 3545 Vulgo
831 3483 920 3546 piace,
935 3482 1032 3545 quibua
1047 3480 1193 3530 recentiori
1206 3480 1314 3529 demum
1329 3498 1379 3531 ae-

242 3541 366 3629 κατὰτὰ
383 3542 590 3610 συνεθήκαντο
831 3557 891 3600 tate
913 3552 1017 3601 relictis
1040 3549 1075 3599 ad
1100 3564 1175 3600 mare
1197 3549 1287 3599 denuo
1311 3565 1379 3614 pro·

276 3613 330 3683 τήν
350 3611 475 3682 παλαιὴν
493 3611 668 3680 καλεομένην
686 3608 780 3683 πόλιν]
830 3635 939 3685 greeeoa
959 3621 1052 3671 urbem
1071 3620 1227 3670 condidisse
1239 3634 1282 3669 me
1302 3620 1378 3671 idem

241 3690 389 3754 Antiquam
410 3689 531 3751 Aeginae
552 3686 645 3737 urbem
669 3685 707 3734 nil
729 3688 782 3737 uiai
831 3691 940 3740 edocuit
961 3692 1003 3739 vir
1031 3689 1124 3739 harum
1150 3690 1290 3753 regionum
1312 3705 1378 3754 per-

241 3774 325 3809 arcem
343 3774 403 3808 esee
420 3756 562 3807 contendit
576 3756 606 3805 h
622 3756 655 3805 Ο.
668 3755 781 3806 Mueller
830 3764 969 3810 scrutator
977 3759 1212 3810 accuratraarmna.
1225 3758 1378 3823 Addquae

241 3829 379 3893 Aeginett.
392 3843 456 3893 pag.
474 3829 531 3889 147,
543 3831 600 3876 tum
614 3824 686 3889 quod
700 3827 781 3875 Nico·
831 3843 864 3878 ex
880 3830 951 3880 aliua
963 3830 1175 3894 peregrinatorii
1185 3829 1326 3879 itinerario
1337 3829 1379 3880 le-

241 3896 350 3947 dromne
372 3897 542 3960 tyrannidem
564 3894 697 3945 affectant
721 3912 780 3946 eam
831 3904 932 3963 guntur
951 3902 993 3949 in:
1017 3898 1178 3949 Blatterffir
1194 3897 1298 3952 literar.
1316 3899 1378 3949 Un-

240 3968 330 4031 ipaam
349 3966 617 4032 occupareprimituo
635 3964 779 4028 studuerit,
830 3968 996 4033 terhaltung.
1018 3968 1094 4019 1832.
1114 3984 1155 4018 nr.
1172 3967 1233 4020 355.
1256 3985 1283 4033 p.
1307 3969 1376 4018 lette

241 4042 298 4086 tum
318 4036 390 4101 quod
405 4037 526 4102 antiquis
543 4036 571 4085 in
589 4050 661 4085 more
687 4034 780 4097 luerit,
830 4054 887 4122 aeq.
922 4040 1020 4103 ltaque
1039 4041 1153 4103 antiqua
1170 4036 1272 4089 haecce
1296 4038 1373 4101 urbe,

241 4106 370 4158 editiores
389 4108 503 4172 primum
521 4105 598 4156 locos
612 4120 779 4156 communire
829 4108 908 4158 cuiue
926 4107 1073 4158 Noeterh
1096 4107 1113 4156 l.
1139 4108 1278 4168 meminit,
1303 4109 1374 4157 bene

239 4182 323 4241 atque
333 4177 466 4237 incolere
485 4177 556 4225 unde
570 4174 681 4237 iactum
694 4179 725 4224 ut
737 4190 780 4224 ar
829 4177 1009 4228 discernenda
1022 4182 1065 4226 eat
1084 4177 1118 4226 ab
1131 4191 1164 4225 ea
1176 4177 1372 4241 Aeginetaruru

240 4262 494 4328 ceeuonpunquam
510 4244 589 4295 nudra
599 4236 779 4308 verbreqrrc
828 4247 895 4296 urbe
905 4247 1156 4312 quaeadmare
1149 4262 1238 4310 rpaum
1251 4251 1313 4297 erat
1325 4262 1372 4295 ex

240 4308 306 4365 irad
324 4310 405 4374 πόλις
428 4315 655 4379 significarentur.
689 4316 779 4379 Atque
828 4321 978 4367 structaeo
993 4314 1165 4375 lermeloco‚
1182 4332 1263 4381 quem
1278 4332 1372 4366 recen-

238 4386 319 4437 huiua
331 4388 412 4437 moria
423 4385 545 4449 exempla
556 4385 688 4448 quaedam
703 4385 780 4434 addit
828 4387 882 4435 tior
897 4401 1004 4451 quoque
1016 4386 1080 4435 urba
1096 4386 1212 4447 obtinet3
1232 4387 1289 4438 vid
1302 4387 1372 4435 Loa-

238 4457 281 4508 tir
291 4458 397 4516 doctae,
407 4457 452 4505 cui
464 4461 556 4507 tamen
569 4469 622 4519 quo
635 4455 722 4505 minua
735 4470 780 4505 aa·
828 4456 877 4506 ke:
900 4455 1038 4508 Travela'
1030 4472 1059 4506 ru
1068 4456 1163 4505 Merca
1176 4456 1214 4506 ΙΙ.
1228 4472 1291 4522 pag.
1307 4455 1370 4519 435,
