2916 5130
276 395 339 457 800
686 392 993 457 EXCURSUSI

274 570 353 622 δυεῖν
369 563 469 621 diaria
485 569 589 621 λοιτιαλν
605 566 752 631 Γελέοντας
766 566 815 638 μὲν
831 563 896 630 τούς
911 562 1058 639 γεωργοίις,
1073 565 1229 636 Αἰγικορεῖς
1238 563 1264 619 di
1276 561 1329 626 acic
1339 562 1371 619 lsi

274 660 372 723 νομαῖς
387 651 435 707 aul
454 654 629 725 προβατείαις
643 656 841 726 διατρίβοντας.
874 654 985 717 Quibus
1003 653 1123 723 denique
1140 653 1276 705 adiiciam·
1287 652 1373 703 Strabo

276 758 335 792 nem
354 739 429 806 VIII,
446 744 469 803 7,
490 742 500 791 l
518 738 579 790 siue
600 757 662 808 pag.
679 743 730 793 383
747 742 813 792 haec
839 741 1036 809 proferentemr
1052 734 1067 792 ὁ
1085 735 1116 791 δὲ
1137 752 1194 808 (sc.
1215 738 1275 803 lon)
1292 738 1375 802 πρᾶτον

275 821 324 895 μὲν
340 821 378 885 είς
399 818 530 892 τεσσαρας
550 819 643 891 φυλὰς
659 826 742 878 διεῖλε
760 820 792 878 τό
814 825 932 894 πλῆθος,
951 820 1011 877 εἶτα
1032 822 1070 886 είς
1087 820 1226 889 teucrique
1239 824 1314 893 βίοις
1328 819 1377 880 τούς

275 907 323 979 μὲν
343 905 395 977 γὰρ
412 902 550 977 γεωργοὺς
563 902 697 979 ἀπέδειξε,
712 903 777 972 τοὺς
792 906 821 963 dl
835 904 1029 979 δημιουργοὺς,
1044 903 1109 971 τοὺς
1129 905 1162 962 δὲ
1179 902 1335 975 seposueris,
1348 925 1379 958 ez»

274 991 389 1063 τάρτοος
409 990 439 1047 dl
463 988 681 1060 cuiculitanus.
701 997 816 1048 τοιαῦτα
840 991 870 1047 <ll
888 997 971 1048 πλείω
989 990 1122 1061 διατάξας
1145 988 1201 1062 τὴν
1226 987 1309 1061 χώραν
1329 985 1380 1043 lad-

276 1098 363 1149 ναμον
380 1074 479 1133 ἑαυτοῦ
495 1078 630 1151 κατέλιπε.

359 1165 439 1227 Quae
461 1163 522 1232 ipsa
542 1170 664 1217 veterum
686 1165 841 1218 testimonia
866 1165 892 1217 id
913 1165 982 1216 satis
1011 1165 1160 1232 evincunt,
1188 1164 1255 1215 haec
1277 1168 1380 1231 quattuor

275 1250 395 1302 tribuum
410 1249 519 1301 nomina
533 1250 567 1300 ab
582 1249 659 1302 lonis
671 1250 735 1305 liliis
746 1251 864 1319 repetita
874 1249 908 1301 ad
922 1250 1033 1302 diversa
1047 1251 1119 1303 vitae
1128 1265 1236 1318 genera
1251 1254 1277 1299 et
1291 1261 1379 1312 occupa

275 1336 366 1387 tiones
377 1340 528 1404 spectasse,
546 1335 647 1405 quihus
664 1352 789 1405 quaeque
804 1336 894 1387 tribus
906 1335 992 1387 luerit
1005 1335 1106 1403 dedita,
1121 1334 1295 1401 Atticamque
1309 1330 1381 1381 daia-

275 1431 328 1473 tem
355 1419 418 1489 indp
440 1418 503 1472 olim
523 1419 551 1470 in
574 1428 704 1489 quattuor
728 1421 816 1472 tribus
837 1438 898 1472 esse
919 1416 1034 1477 divisam
1050 1416 1207 1472 secundum
1221 1418 1290 1470 ritae
1305 1429 1381 1483 genua

275 1506 349 1577 quod
363 1502 467 1573 singuli
483 1503 604 1556 homines
620 1510 804 1577 sequerentur
820 1522 836 1555 a
850 1505 999 1558 maioribus
1014 1506 1157 1558 traditum.
1170 1506 1237 1567 Qua
1255 1498 1320 1553 in're
1333 1497 1381 1548 illul

275 1598 339 1643 urite
354 1589 443 1641 omnia
462 1589 552 1643 teneri
569 1589 702 1655 volumus,
717 1596 849 1660 quattuor
863 1590 953 1645 trihus
974 1608 1028 1643 non
1050 1590 1169 1642 Athenis
1185 1596 1297 1651 tantum,
1310 1598 1381 1635 aeria

274 1677 336 1727 aliis
357 1690 468 1744 quoque
489 1674 517 1727 in
535 1672 638 1729 ionicis
661 1675 820 1727 ciuitatibus
836 1675 968 1744 reperiri,
992 1675 1060 1727 adeo
1077 1676 1194 1727 ut.haec
1213 1671 1308 1724 divisio
1324 1665 1379 1735 genti

276 1761 385 1813 lonicae
409 1760 556 1812 communis
580 1768 607 1811 et
628 1760 740 1829 propris
759 1760 847 1812 luisse
866 1759 1008 1829 videatur,
1028 1759 1256 1830 quemad-edum
1275 1752 1379 1822 tripla·

276 1846 416 1915 phylarum
430 1845 590 1897 divisionem
605 1845 677 1913 apud
692 1844 806 1897 Doricus
829 1845 955 1897 civitates
970 1844 1125 1897 obtinuisse
1143 1840 1377 1912 accepimus’):ae-

275 1932 355 1997 cedit,
373 1930 446 2000 quod
465 1929 533 1999 ipsis
546 1930 661 2007 Athenis
677 1930 739 1982 inde
758 1931 792 1982 ab
816 1926 1016 1999 antiquissimis
1034 1930 1209 1999 temporibus
1225 1925 1318 1978 civitas
1327 1937 1378 1971 scu·

275 2035 324 2086 per
342 2016 367 2067 iu
385 2024 511 2083 quattuor
525 2021 619 2085 partes
635 2034 658 2067 s.
677 2015 766 2066 tribus
783 2015 872 2066 divisa
886 2015 1018 2081 traditur,
1034 2030 1151 2086 quarum
1169 2013 1277 2067 nomina
1294 2006 1377 2058 dirus

275 2100 393 2153 dirersis
410 2102 462 2152 sub
477 2100 589 2167 regibus
605 2118 636 2152 ac
650 2100 819 2170 temporibus
839 2100 1011 2153 indicantur:
1031 2116 1102 2169 quae
1121 2100 1195 2152 enirn
1217 2097 1268 2149 sab
1282 2092 1377 2155 (lectule

275 2187 445 2251 afferuntur,
474 2178 594 2254 Ἀκταία,
611 2187 764 2253 Κεκροτίς,
784 2178 948 2255 liutulphus,
965 2185 1100 2254 Παραλία,
1117 2187 1173 2237 sub
1191 2170 1375 2235 enascitur}

276 2266 432 2341 Μεσόγαια,
446 2268 571 2339 decupla,
581 2270 712 2340 Κραναΐς,
721 2260 772 2321 sub
781 2269 961 2325 Erichthonio
967 2264 1047 2339 Διάς,
1058 2256 1374 2334 Hmaauamdqhupdc

269 2349 453 2425 Ἡφαιστιάς,
478 2344 549 2407 haud
570 2354 892 2424 disceduutaquattuor
916 2355 1061 2421 tribubus,
1084 2371 1159 2423 quae
1187 2354 1221 2404 sb
1247 2347 1314 2401 lauis
1329 2341 1374 2394 filiis

276 2442 383 2514 nomina
397 2448 563 2510 acceperunt
577 2458 662 2510 supra
682 2440 816 2492 indicata:
839 2432 1153 2509 Γελέοντος,”οπλητες,
1170 2436 1325 2506 Αἰγικορεῖς,
1337 2420 1372 2487 ’lt

275 2530 377 2596 γαδείς.
387 2523 433 2593 **)
476 2526 567 2595 Atque
585 2526 650 2577 haec
666 2525 743 2578 avaria
758 2530 889 2594 quattuor
905 2525 1053 2577 Atticarum
1068 2524 1190 2578 tribuum
1216 2519 1314 2573 aramius
1326 2527 1372 2581 qut·

276 2613 467 2680 nodosumque
494 2610 665 2679 explicantur
690 2619 739 2662 aut
762 2610 950 2679 undecumque
975 2616 1140 2679 repetuntur
1170 2605 1258 2679 (quod
1279 2596 1369 2671 plurilus

275 2697 430 2767 disquirere
444 2696 478 2749 ab
494 2696 543 2747 hoc
555 2694 614 2748 loco
625 2695 743 2747 alienum
755 2712 817 2747 esse
832 2696 923 2762 puto),
937 2694 966 2746 id
976 2694 1040 2747 inde
1050 2694 1226 2746 manifestum
1236 2690 1274 2753 fn,
1289 2680 1369 2736 ΑΜ

275 2783 411 2837 civitatem
437 2798 543 2850 semper
571 2780 794 2851 quadripartitam
821 2779 908 2831 luisse
931 2779 1116 2849 populumque
1136 2779 1257 2830 Atticum
1282 2761 1366 2822 intlssl

275 2867 465 2937 antiquissima
496 2873 585 2918 aetate
612 2872 743 2935 quattuor
765 2864 891 2934 partibus
918 2882 942 2917 s.
969 2865 1096 2917 tribubus
1121 2861 1281 2915 constitisse
1309 2862 1365 2914 nepa

274 2959 426 3022 „quattuor
451 2950 618 3003 illustribus
643 2970 658 3002 e
679 2950 789 3002 totidem
811 2949 969 3001 nationibus
990 2950 1017 3001 in
1041 2966 1122 3002 unum
1137 2946 1286 3008 coaluisse,
1304 2933 1360 2987 wlff

276 3037 357 3089 unius
383 3036 474 3102 gentis
495 3044 522 3087 et
543 3035 663 3088 civitatis
678 3034 813 3087 divisione
834 3034 912 3086 modo
933 3043 1008 3087 ortas
1032 3029 1198 3100 esse“***).
1221 3030 1295 3092 Quae
1308 3017 1358 3071 ΠΨ

276 3121 348 3173 unde
363 3137 459 3173 nomen
476 3120 620 3187 traxerint,
633 3120 693 3173 sive
709 3138 724 3171 a
739 3119 821 3185 locis,
843 3136 912 3188 quae
931 3119 1087 3183 tenuerint,
1106 3118 1168 3170 sive
1191 3135 1208 3168 a
1223 3111 1311 3171 sacris,
1323 3112 1363 3170 (ΙΝ

274 3204 424 3271 coluerint,
447 3203 506 3256 sive
520 3222 536 3255 a
553 3205 665 3273 regibus
685 3205 870 3273 heroibusque
886 3204 1006 3273 ipsarum
1023 3203 1249 3273 progenitoribus
1266 3191 1307 3264 qul
1320 3188 1364 3239 lest

274 3294 390 3354 bantur,
407 3289 467 3340 sive
482 3289 601 3358 denique
617 3308 632 3342 a
649 3289 768 3343 diversis
783 3289 857 3342 vitae
873 3289 991 3359 negotiis
1008 3306 1078 3357 quae
1095 3285 1288 3343 tractaverint,
1300 3273 1323 3326 id
1335 3269 1367 3319 luc

274 3377 333 3428 loco
356 3374 427 3426 haud
449 3374 621 3443 quaerimus:
642 3375 788 3428 coniuncta
811 3374 876 3427 haec
898 3373 986 3426 omnia
1008 3373 1204 3443 quodammodo
1231 3366 1286 3420 olim
1304 3354 1365 3448 fuisit

274 3462 384 3528 credes,
406 3459 473 3513 adeo
492 3466 521 3511 ut
536 3458 677 3527 imaginem
694 3461 796 3512 sistant
812 3459 932 3512 civitatis
948 3459 1023 3524 eius,
1042 3458 1132 3528 qualis
1146 3476 1198 3527 per
1217 3453 1328 3505 orientem
1340 3452 1366 3487 ¹¹¹·

275 3548 387 3599 verritur
401 3544 491 3597 diuisa
503 3561 533 3595 ac
548 3544 687 3611 descripta
702 3563 751 3614 per
763 3552 852 3598 certas
868 3544 998 3614 quasdam
1020 3543 1124 3596 classes
1141 3542 1201 3594 sive
1217 3542 1304 3593 casus,
1317 3533 1365 3647 lm}

1322 3694 1363 3745 baa

275 3633 386 3698 dicunt,
407 3629 641 3700 immutabiles†):
666 3629 694 3680 id
715 3630 809 3698 potius
831 3630 910 3683 nobis
930 3627 1115 3699 quaerendum
1131 3627 1253 3685 videtur,
1274 3608 1353 3685 quoda

274 3717 408 3770 Herodoti
425 3715 511 3769 locum
524 3715 643 3785 pertinet
656 3713 857 3781 illustrandum,
872 3713 968 3786 quales
981 3714 1085 3766 luerint
1096 3720 1227 3783 quattuor
1236 3707 1281 3757 hae
1294 3694 1321 3748 tri

279 3849 470 3861 --——

343 3916 370 3983 *)
385 3917 447 3969 vid.
462 3921 530 3969 nott.
543 3916 577 3966 ad
592 3914 723 3967 Herodot.
737 3916 770 3979 V„
781 3914 824 3966 68.
1357 3978 1362 3986 .

344 3986 388 4051 ³³³)
401 3986 465 4069 Vid.
488 3987 660 4070 potissimum
678 3988 787 4039 Haase:
804 3986 857 4036 Die
871 3982 1039 4035 Atlienische
1054 3979 1306 4051 Stammverissauhd
1318 3952 1361 4086 (Αὲ.

273 4055 522 4193 luitdulfus
537 4040 1358 4193 tillut?{lut‘ludullliiillalul?ll.

273 4197 472 4263 tu.pag.127.
1354 4226 1359 4237 .

343 4266 405 4333 ***)
421 4266 512 4318 Verba
533 4270 596 4316 sunt
621 4267 680 4316 Em.
704 4265 788 4316 Heur.
813 4265 869 4314 Ott.
893 4261 1033 4314 Muelleri:
1060 4260 1103 4311 Da
1127 4259 1223 4325 priscis
1246 4249 1277 4302 IV
1294 4227 1360 4307 l⁰lll¹

273 4336 446 4453 ratthsnienss.
466 4336 529 4388 trib.
542 4336 647 4400 origine
667 4334 810 4400 (hlarburg
829 4334 905 4395 1840)
923 4349 986 4398 pag.
1004 4335 1048 4385 41.
1064 4330 1124 4381 coll.
1138 4347 1162 4395 p.
1177 4332 1192 4379 ’λ
1207 4337 1272 4390 seqq·
1286 4312 1308 4364 lll
1318 4313 1356 4361 Μ’

293 4406 378 4540 ⁷³8'ill
390 4406 555 4539 bisililiiliuit
567 4475 635 4525 haec
649 4473 771 4538 pluribus
785 4473 876 4523 Haase
892 4471 910 4525 l.
925 4470 943 4520 l.
