2916 5130
416 433 483 492 sn
505 430 763 493 unaonon.
785 432 830 507 v,
853 442 895 497 aa.
1162 428 1219 494 801

85 621 104 657 a
120 604 263 657 Clisthene
279 605 412 657 indecem
428 605 518 657 tribus
535 613 663 673 mutatae,
683 615 711 658 et
725 606 815 676 qualis
834 606 941 658 omnino
958 606 1027 659 ratio
1039 606 1124 659 suerit
1139 606 1222 658 buius

85 689 305 760 quadripartitae
321 691 484 758 divisionis,
502 708 582 759 quam
600 692 633 743 ad
649 691 760 744 diversa
776 692 847 744 vitae
861 692 971 759 negotia
993 699 1135 760 spectasse
1151 691 1221 743 dixi-

83 791 157 843 mus,
172 775 242 844 ipsis
257 775 377 828 tribuum
392 775 547 828 nominibus
560 778 610 829 boc
624 776 838 829 declarantibus.
854 778 893 827 Ac
906 778 1025 847 primitus
1040 776 1149 846 quidem
1164 793 1221 828 eam

83 860 167 911 talem
184 862 242 913 iere
256 861 354 928 fuisse,
373 861 478 930 qualem
494 862 567 929 apud
582 863 740 930 Aegyptos,
755 861 855 927 Indos,
872 861 941 914 alios
962 862 1078 913 orientis
1093 862 1220 931 populos,

83 945 136 1014 qui
148 962 198 1013 per
211 956 307 1014 enatus,
323 946 363 997 uti
378 946 482 1010 dicunt,
498 946 630 1014 descripti
659 946 746 998 luisse
767 943 968 1015 traduntur*),
997 946 1152 999 obtinuisse
1175 965 1220 998 ac-

82 1029 218 1099 cepimus,
236 1031 276 1083 uti
291 1030 422 1082 credibile
439 1031 485 1104 tit,
508 1031 546 1082 ita
559 1038 711 1100 temporum
725 1031 845 1083 decursu
863 1032 1001 1084 buiumodi
1016 1031 1178 1084 divisionem
1192 1032 1220 1083 in

80 1114 179 1166 Attica
207 1114 319 1169 civitate
350 1115 539 1168 immutabilem
570 1116 721 1185 perdurare
744 1117 871 1185 potuisse
898 1117 944 1168 vix
970 1117 1032 1170 mihi
1058 1118 1221 1185 persuaderi

80 1199 194 1267 patiar,
211 1217 301 1271 neque
319 1217 438 1269 unquam
460 1210 513 1252 tam
534 1201 603 1252 artis
618 1202 721 1253 finibus
735 1202 860 1269 singulas
872 1201 962 1253 tribus
978 1208 1119 1271 separatas
1131 1202 1221 1254 luisse

80 1282 208 1348 credam,
227 1292 271 1351 nt,
289 1285 511 1355 quemadmodum
527 1285 560 1337 de
575 1285 720 1356 Aegyptiis
743 1293 826 1356 atque
841 1286 918 1339 lndis
940 1287 1024 1355 vulgo
1040 1285 1162 1356 tradunt,
1179 1288 1220 1338 in·

78 1368 231 1421 terdictnm
247 1371 332 1422 fuerit
347 1369 402 1422 tilio
419 1370 588 1423 discederes
601 1372 686 1439 patris
702 1372 814 1438 negotio
830 1390 853 1423 s.
876 1372 983 1441 opificio
1008 1380 1056 1423 aut
1077 1380 1221 1439 paternum

78 1453 202 1506 fundum
225 1460 386 1508 commutare
409 1473 467 1509 cum
485 1456 555 1521 alio’,
579 1472 668 1525 neque
689 1456 798 1509 omnino
822 1455 946 1526 cuiquam
969 1456 1091 1523 licuerit,
1115 1474 1148 1507 er
1166 1473 1220 1508 une

78 1537 161 1590 tribu
184 1540 212 1591 in
236 1539 346 1591 alteram
373 1541 491 1592 transire
522 1539 651 1609 aliudque
673 1541 746 1592 vitae
770 1557 859 1607 genus
892 1541 945 1592 sibi
972 1540 1073 1607 eligere
1099 1539 1219 1609 indeque

79 1623 168 1675 etiam
189 1623 272 1676 buius
292 1624 406 1677 alterius
423 1625 512 1677 tribas
534 1624 638 1676 inruet
658 1625 803 1694 privilegia
824 1625 848 1677 si
864 1642 935 1695 quae
956 1626 1074 1689 lue'rint,
1097 1626 1149 1676 sibi
1172 1626 1219 1677 ad-

79 1705 256 1776 sumere**).
301 1710 342 1761 Ab
359 1709 407 1761 hac
430 1709 601 1762 orientalium
626 1711 748 1777 gentium
773 1711 1042 1762 severitateluicas
1058 1710 1164 1776 tribus,
1187 1728 1219 1762 ea

79 1801 161 1845 certe
175 1800 273 1859 aetate,
290 1811 360 1864 quae
377 1794 528 1847 Clisthenis
544 1796 717 1846 mutationem
732 1796 878 1859 antecedit,
896 1795 977 1861 longe
993 1795 1117 1847 abluisse
1129 1812 1219 1864 neque

79 1888 139 1929 tam
156 1876 285 1945 angustis
297 1881 358 1933 sive
374 1879 426 1931 loci
442 1880 503 1931 sive
519 1880 624 1931 ordinis
643 1879 771 1931 cancellis
794 1880 1015 1949 circumscriptas
1034 1880 1138 1944 luisse,
1157 1880 1218 1932 iure

79 1962 253 2015 contendere
267 1982 352 2033 posse
366 1965 428 2015 mibi
443 1964 556 2015 videor:
579 1964 661 2015 latius
678 1964 737 2017 illas
753 1965 803 2017 iam
819 1965 945 2034 patuisse
960 1964 1099 2029 existimo,
1115 1964 1219 2034 quippe

79 2048 242 2101 commercio
260 2050 344 2117 magis
361 2049 446 2101 libero
459 2049 532 2101 inter
546 2049 623 2118 ipsos
640 2049 715 2101 cives
731 2057 828 2101 exorto
841 2049 1022 2118 omnibusque
1046 2049 1119 2101 vitae
1134 2050 1217 2101 ratio

81 2132 168 2184 nibus
183 2134 269 2201 magis
286 2135 402 2187 excultis
418 2133 537 2203 indeque
552 2134 632 2187 etiam
647 2135 773 2186 mutatis:
788 2152 878 2205 neque
898 2152 965 2186 vero
983 2141 1128 2203 propterea
1146 2135 1217 2186 anti-

82 2234 140 2286 qua
156 2218 277 2270 tribuum
293 2220 415 2283 nomina,
436 2219 546 2270 ecertis
562 2219 635 2271 vitae
653 2220 773 2287 negotiis
789 2220 886 2285 ducta,
902 2226 1005 2271 mutata
1023 2237 1085 2271 esse
1100 2220 1217 2283 credam,

84 2318 145 2353 cnm
156 2302 185 2354 in
198 2303 353 2356 huiusmodi
361 2305 443 2356 rebus
452 2311 561 2356 veteres
575 2306 682 2357 nomina
690 2304 843 2375 antiquitus
853 2304 953 2356 tradita
962 2304 1082 2356 retinere
1089 2303 1218 2356 maluisse

86 2387 154 2438 satis
169 2396 285 2455 constet,
302 2389 345 2441 vel
361 2390 384 2440 si
401 2388 508 2441 nomina
525 2389 578 2439 istu
596 2407 650 2441 non
666 2389 780 2457 amplius
794 2390 907 2442 eandem
921 2389 974 2441 vim
990 2406 1021 2440 ac
1036 2389 1217 2464 significatio-

85 2488 145 2523 nem
171 2472 318 2538 baberent,
343 2475 404 2544 ipsa
434 2472 539 2526 scilicet
560 2492 604 2538 re,
631 2474 674 2526 cui
697 2474 874 2526 declarandae
894 2475 1081 2547 inservirent,
1104 2481 1216 2526 mutata.

83 2556 184 2626 Neque
199 2558 249 2609 boc
265 2576 318 2610 non
329 2559 459 2626 concedo,
475 2559 549 2627 quod
559 2558 682 2611 nonnulli
697 2559 930 2628 posuerunt***),
947 2559 1002 2623 illa,
1018 2575 1071 2627 qua
1089 2559 1215 2625 diximus,

83 2648 175 2694 aetate
187 2641 229 2694 vel
244 2642 391 2712 plerosque
407 2660 509 2707 eorum,
525 2644 573 2712 qui
585 2644 617 2695 ad
631 2660 710 2695 arnam
726 2645 894 2714 eandemque
909 2644 1008 2696 tribum
1022 2644 1216 2712 pertinuerint,

84 2726 154 2778 idem
177 2727 251 2781 ritae
277 2729 414 2797 genesin
440 2728 600 2781 universum
618 2735 730 2781 secutos
746 2746 824 2796 esse3
852 2746 941 2799 neque
962 2747 1029 2787 uero
1051 2747 1143 2781 omnes
1167 2730 1216 2779 boc

85 2812 158 2863 vitae
172 2828 275 2879 genere
288 2813 423 2865 coircitos
439 2831 501 2865 esse
515 2814 607 2879 credo,
619 2815 668 2865 sed
685 2814 753 2865 alios
770 2813 844 2866 aliud
858 2815 892 2866 ad
906 2814 1045 2882 negotium
1059 2814 1108 2866 iana
1124 2823 1215 2865 trans-
1245 2848 1248 2857 -

85 2912 198 2962 gressus
221 2896 249 2949 id
265 2898 357 2951 libere
378 2898 550 2951 exercuisse:
565 2898 639 2968 quod
655 2898 709 2950 nisi
723 2899 762 2950 ita
784 2916 815 2951 se
833 2898 962 2951 babuisse
978 2898 1138 2963 statuimus,
1156 2899 1216 2966 ipsa

79 2982 213 3051 mutatio,
230 2999 332 3052 quaea
353 2983 496 3036 Clisthene
515 2984 585 3035 sacta
605 2990 663 3050 est,
683 2984 776 3035 decem
796 2984 887 3037 tribus
914 2983 1118 3049 constituente,
1142 2982 1216 3034 nulla

81 3066 199 3136 amplius
216 3067 308 3119 habita
324 3069 431 3120 ratione
447 3068 618 3135 negotiorum
633 3069 707 3121 vitae
721 3070 855 3139 quomodo
867 3070 953 3121 locum
967 3066 1068 3120 babere
1084 3069 1214 3137 potuerit,

81 3151 202 3219 intelligi
217 3153 262 3204 vix
284 3154 395 3222 poterit.
440 3153 520 3215 Quae
536 3170 595 3205 cum
609 3154 648 3205 ita
662 3154 728 3221 sint,
744 3154 890 3223 probamus
908 3154 1014 3224 utique,
1031 3153 1104 3222 quod
1120 3152 1215 3222 posuit

82 3237 173 3288 Grote
188 3237 319 3309 (History
336 3240 367 3289 ot
379 3239 485 3290 Greece
500 3237 552 3289 lll.
576 3256 602 3306 p.
625 3242 659 3291 oa
679 3240 788 3309 seqq.):
809 3240 887 3311 „Tbc
909 3257 1001 3292 names
1022 3239 1053 3291 of
1064 3238 1111 3290 tbe
1125 3238 1215 3290 tribus

81 3338 143 3389 may
166 3323 234 3374 bare
259 3324 327 3375 been
351 3321 496 3389 originally
518 3322 663 3374 horrowed
686 3325 755 3376 lrom
775 3326 896 3377 certains
917 3323 1105 3394 professione,
1125 3324 1176 3374 bat
1194 3322 1216 3373 it

82 3406 151 3459 does
172 3416 219 3459 not
241 3425 389 3475 necessary
404 3407 497 3458 follow
516 3409 576 3458 that
597 3408 643 3459 tbe
659 3407 757 3475 reality
771 3409 1012 3480 correspondedto
1037 3407 1090 3459 this
1107 3408 1214 3459 deriva-

82 3491 143 3543 tiou
159 3493 260 3544 orthat
277 3511 360 3562 every
376 3491 528 3545 individual
545 3493 605 3543 who
623 3492 758 3561 belonged
782 3501 809 3545 to
827 3512 881 3562 any
902 3495 973 3545 tribe
988 3509 1077 3544 arasa
1100 3492 1215 3544 member

84 3577 116 3628 ol
127 3577 172 3628 tbe
186 3578 344 3646 profession
361 3580 428 3630 from
442 3578 554 3631 whence
576 3577 712 3631 theaumo
735 3578 787 3631 had
804 3578 950 3647 originally
971 3579 1039 3630 been
1058 3577 1170 3628 derived
1179 3580 1214 3643 “3

82 3668 214 3731 recteque
223 3662 324 3715 dudum
338 3663 535 3732 pronuntiasse
548 3662 708 3715 crediderim
721 3663 934 3718 Schoemannum
942 3663 983 3731 †),
996 3677 1214 3732 unamquamque

83 3745 205 3799 civitatis
220 3747 327 3800 Atticae
343 3748 370 3799 in
387 3748 478 3800 tribus
493 3746 646 3815 descriptae
661 3754 765 3817 partem
786 3767 807 3803 s.
824 3750 924 3802 tribum
945 3765 977 3799 eo
996 3746 1102 3798 nomine
1120 3744 1213 3816 appel-

80 3830 163 3883 latam
178 3850 249 3901 esse,
265 3849 319 3904 quo
331 3833 475 3899 bominum,
487 3833 535 3902 qui
546 3831 655 3901 plurimi
670 3840 718 3885 aut
730 3835 878 3904 praecipue
889 3834 1023 3898 inessent,
1040 3830 1113 3884 vitae
1124 3847 1214 3899 genus

81 3923 112 3968 et
133 3916 256 3970 condicio
278 3918 492 3987 significaretur.
539 3917 567 3968 ln
590 3918 639 3969 bac
659 3918 746 3986 igitur
770 3918 908 3972 sententia
934 3915 1084 3986 persistere
1110 3916 1214 3986 placet:

153 4152 180 4215 1)
196 4153 257 4204 Vid.
275 4158 342 4205 nott.
356 4153 399 4204 ad.
413 4152 451 4215 ll,
468 4152 527 4203 loa.
546 4154 579 4204 Τ.
593 4154 614 4202 l.
628 4166 688 4217 pag.
702 4150 752 4202 802
768 4165 825 4216 seq.
843 4155 871 4200 et
883 4148 933 4200 807
948 4165 1004 4214 seq.

152 4221 197 4289 **)
213 4223 276 4275 Vid.
291 4239 361 4290 quae
379 4225 407 4273 in
423 4228 491 4273 nott.
508 4224 551 4273 ad.
571 4223 604 4285 V,
618 4224 661 4274 dd.
678 4237 740 4286 pag.
764 4221 812 4270 118
824 4221 877 4270 iam
892 4221 925 4269 de
944 4220 995 4269 bac
1008 4234 1037 4269 re
1050 4221 1212 4271 monuimus.

153 4292 214 4357 m)
226 4294 290 4349 Vid.
308 4295 394 4345 Meier
407 4294 440 4344 de
452 4293 607 4360 gentilitate
624 4308 650 4358 p.
665 4292 682 4342 5
698 4297 726 4341 ct
738 4291 810 4341 coni.
823 4290 937 4342 Mueller
952 4289 971 4344 1.
986 4290 1003 4339 l.
1017 4304 1078 4355 psg.
1091 4291 1124 4339 44
1138 4305 1214 4354 seqq.

80 4362 116 4414 88
130 4378 346 4500 '‘iliqllntiquitt.
364 4434 414 4483 iar.
435 4431 535 4497 public.
550 4432 646 4482 Graec.
665 4445 726 4495 pag.
748 4429 804 4481 1115.
823 4429 997 4482 Griechische
1016 4427 1178 4480 Alterthiim.
1192 4429 1216 4480 1.

79 4519 108 4570 p.
125 4502 187 4556 3²1.

115 4609 283 4652 unaouor.
308 4608 356 4650 111.
975 4586 1010 4644 51
