3048 5130
213 391 276 457 siu

646 387 914 452 HERODO'I'I

212 568 342 641 τούτων
363 568 603 653 κατυπέρτεροι
620 556 706 655 ἦσαν
719 570 754 635 oi
765 569 892 654 Πέρσαι
908 569 1162 652 τῶνΚνπρίων.
1205 570 1355 650 Τετραμ·

214 677 318 764 μένου
334 673 371 742 δὲ
393 676 453 741 τοῦ
472 673 700 760 στρατοπέδου
722 666 818 741 ἄλλοι
839 699 875 741 τε
891 679 1012 742 ἔπεσον
1027 672 1145 738 πολλοὶ
1166 668 1221 737 καὶ
1238 665 1281 757 δὴ
1300 667 1357 734 καὶ

213 776 384 867 Ὀνήσιλός
397 803 433 844 τε
447 771 465 844 ό
479 777 635 861 Χέρσιος,
653 770 689 854 ὅς
703 801 766 863 περ
782 773 843 864 τὴν
853 782 1019 859 Κυπρίων
1028 772 1214 844 ἀπόστασιν
1223 774 1357 858 ἔπρηξε,

216 884 273 951 καὶ
293 877 460 950 ὁΣολίων
483 876 642 966 βασιλεὺς
656 875 932 966 Ἀριστόκυπρος,
951 874 970 946 ὁ
990 875 1228 966 Φιλοκύπρου,
1252 883 1357 944 Φιλο·

219 987 353 1073 κύπρου
379 983 416 1053 δὲ
443 981 582 1067 τούτου,
612 979 670 1052 τὸν
689 984 811 1054 Σόλων
836 979 854 1053 ό
877 981 1072 1070 Ἀθηναῖος,
1101 978 1305 1068 ἀπικόμενος
1326 980 1359 1058 ἐς

154 1089 380 1176 114Κύπρον,
403 1089 440 1156 ἐν
459 1091 553 1155 ἔπεσι
572 1095 686 1156 αῐνεσε
708 1090 888 1176 τυράννων
909 1086 1062 1175 μα’λιστα.
1099 1082 1276 1174 Ὀνησίλου
1297 1085 1360 1171 μέν

222 1222 288 1265 νυν
307 1189 540 1281 Ἀμαθούσιοι,
555 1185 605 1259 ὅτι
619 1192 724 1278 σφέας
738 1192 970 1280 ἐπολιόρκησε,
984 1186 1211 1276 ἀποταμόντες
1225 1184 1288 1276 την
1302 1213 1359 1255 κε·

223 1391 342 1463 βέβηκεν
356 1385 414 1455 ἅμα
429 1388 469 1459 τῷ
484 1382 643 1509 cucufate.
670 1391 768 1444 Melius

225 1470 253 1517 et
270 1466 377 1528 aptiore
390 1465 498 1513 nomine
516 1453 552 1523 ἡν
567 1476 633 1524 οχος
650 1456 698 1511 καὶ
715 1477 769 1511 τια-

226 1532 351 1602 ραβολτης
359 1535 418 1582 sive
428 1522 616 1598 παραιβάτης,
624 1532 680 1582 alii.
691 1534 769 1583 lilan-

225 1606 263 1655 sit
276 1606 370 1668 itaque
379 1602 535 1653 Salaminiis
546 1603 653 1666 priscus
667 1619 699 1653 ea
709 1618 770 1653 cur-

225 1675 301 1726 ribus
313 1672 454 1739 pugnandi
467 1688 533 1727 mos.
546 1672 632 1721 sicuti
645 1672 770 1723 diutissi-

225 1761 268 1797 me
283 1743 422 1794 Thebanis
438 1742 466 1791 in
482 1743 612 1801 Boeotia,
625 1742 659 1791 de
672 1743 771 1808 quibus

227 1821 255 1867 et
269 1813 378 1880 gemina
397 1812 512 1863 sectatio
526 1812 562 1862 ad
578 1812 690 1864 Diodor.
706 1812 771 1874 XII,

226 1883 291 1936 70³⁴
310 1883 346 1933 W
352 1883 504 1945 caselinp.
521 1881 630 1940 Incidit,
645 1882 770 1945 qnodhic

227 1952 369 2005 Herodoto
384 1956 519 2014 narratur,
529 1952 557 2000 in
568 1966 630 2000 ann.
641 1952 693 2003 498
706 1957 772 2001 ante

229 2024 292 2074 chr.
304 2038 331 2074 n.
350 2035 373 2070 s.
389 2019 495 2085 Olymp.
513 2022 600 2079 Lxx,
615 2020 640 2071 3.
656 2049 690 2058 —
707 2023 772 2072 Mox

228 2092 332 2144 retinui
345 2089 486 2154 vulgatam
499 2081 600 2153 ἐποίεε,
614 2106 693 2156 qnam
702 2091 772 2141 San-

229 2161 312 2212 cret'ti
332 2159 401 2209 liber
420 2159 544 2224 alterque
561 2166 729 2211 commutant
745 2162 773 2210 in

229 2223 297 2281 lael
304 2242 378 2291 εον,
397 2230 471 2293 quod
484 2229 648 2280 Sebaelerus
667 2233 773 2296 recepit

230 2316 343 2365 eumque
355 2300 443 2350 secuti
458 2299 518 2349 edd.
535 2305 650 2350 recentt.
679 2301 720 2350 Ad
738 2303 775 2350 si·

231 2369 433 2438 gnificatiouem
456 2368 533 2419 verbi
560 2362 678 2420 conferri
699 2376 774 2435 pote·

231 2445 310 2500 runt,
328 2454 397 2505 qnae
411 2440 516 2488 monuit
535 2440 625 2490 limeis
638 2441 681 2489 in:
701 2441 776 2491 Mue-

232 2509 322 2561 tsell‘e
339 2507 472 2558 Zeitschr.
492 2509 511 2561 l.
525 2509 775 2574 Gymnasialweseu

232 2581 311 2631 vill.
325 2595 352 2643 p.
366 2578 426 2631 628.
451 2578 483 2628 ln
494 2583 617 2644 proxime
628 2596 703 2645 seqq.
719 2595 777 2630 ver-

233 2651 275 2701 bis
286 2666 340 2700 nou
350 2649 498 2700 obsecutus
508 2664 567 2699 sum
573 2649 682 2700 Nabere
689 2649 777 2713 (hluc-

235 2735 340 2785 mesyu.
356 2719 405 2768 1v.
419 2733 481 2783 pag.
497 2718 543 2784 24)
557 2735 606 2782 pro
619 2712 777 2782 γινομένων

234 2790 378 2854 reponenti
390 2786 655 2851 προσγινομένων,
672 2789 720 2839 sed
731 2790 779 2839 de·

235 2860 264 2908 di
276 2850 386 2907 τούτων
399 2873 447 2922 pro
460 2851 599 2922 τουτέων,
616 2859 735 2923 itemque
748 2845 779 2922 ἦ·

236 2942 290 2978 σαν
307 2944 355 2991 pro
377 2920 454 2977 ἔσαν.
490 2927 531 2977 Ad
550 2929 778 2991 significationem

236 2997 311 3048 verbi
324 2989 428 3058 ἔπρηξε
440 2995 494 3048 vid.
510 3004 579 3049 nott.
595 2999 631 3048 ad
643 2998 695 3053 lll,
713 2999 734 3046 1.

272 3059 322 3115 τὸν
342 3059 443 3114 Σόλων
460 3058 475 3113 ὁ
494 3056 660 3129 Ἀθηναῖος,
679 3060 780 3116 ἀπικό-

237 3149 322 3202 μενος
337 3127 365 3191 ἐς
378 3128 508 3199 Κύπρον]
535 3137 577 3186 cf.
589 3138 779 3201 MeuraGypr.

238 3208 261 3258 1.
275 3221 335 3268 cap.
350 3205 374 3252 7.
394 3205 517 3255 Pertinet
526 3206 579 3256 hnc
590 3206 730 3257 Plutarchi
743 3207 781 3257 lo·

240 3291 289 3327 cus
308 3276 336 3324 in
349 3274 406 3325 Vit.
421 3274 512 3326 Solon.
531 3277 574 3330 λθ.
593 3292 619 3338 p.
635 3276 701 3327 osa
719 3290 781 3325 nar-

240 3345 338 3406 rantis,
352 3344 477 3394 Solonem
491 3347 549 3409 regi
561 3352 700 3397 auctorem
714 3346 782 3396 fuis·

241 3430 280 3477 se,
295 3420 325 3463 ut
336 3428 436 3463 novam
449 3414 540 3466 urbem
555 3416 590 3465 ob
602 3431 726 3480 asperum
740 3422 783 3466 at·

242 3500 294 3550 que
305 3483 502 3534 incommodum
515 3486 613 3550 prioris
626 3488 733 3550 hepeae
748 3487 783 3535 ei-

241 3561 299 3605 tum
315 3553 454 3611 conderet,
466 3556 509 3605 eui
525 3556 584 3606 urbi
597 3572 693 3606 nomen
708 3573 724 3606 a
736 3556 785 3606 So·

242 3625 305 3675 leue
315 3624 432 3674 inditum
441 3616 536 3676 Σόλοι.
558 3627 636 3687 Quae
645 3642 707 3676 num
720 3641 783 3678 rere

243 3694 388 3745 tradentur
409 3709 514 3757 necne,
541 3712 612 3746 nuuc
634 3697 785 3761 disquirere

243 3779 297 3815 uon
312 3768 403 3817 vacat.
434 3763 500 3814 Cum
520 3766 590 3816 enim
607 3766 729 3817 Selorum
749 3766 786 3815 ci·

243 3833 317 3883 vitas
333 3832 367 3881 ab
386 3832 596 3885 Atheniensibus
617 3836 729 3885 condita
745 3852 786 3888 ee-

240 3907 288 3953 eet
299 3907 369 3951 teate
383 3903 518 3953 Strabone
530 3906 602 3955 xlv.
619 3921 679 3971 paqv
697 3905 748 3955 it81l
762 3922 785 3957 s.

247 3971 312 4023 1002
320 3971 351 4031 Ο,
364 3972 432 4023 satis
445 3975 546 4023 iustam
558 3990 589 4025 eo
599 3975 786 4039 proficiscendi

245 4056 357 4093 eausam
378 4040 461 4092 Solon
480 4042 586 4096 habuit.
627 4044 723 4095 Adbuc
744 4060 787 4095 ur·

245 4112 304 4172 bie,
319 4126 389 4174 quae
404 4112 439 4162 ad
452 4128 526 4163 oram
540 4114 789 4179 septemtrionalem

247 4181 329 4246 Cypri
350 4196 405 4231 uon
431 4183 524 4245 procul
550 4200 566 4232 a
595 4185 789 4248 promontorio,

248 4252 292 4301 cui
308 4266 404 4300 nomen
415 4251 566 4316 Calliuuse,
575 4260 715 4305 exstructa
727 4272 789 4320 pre·

247 4336 282 4385 pe
295 4321 406 4370 fluvium
418 4337 532 4387 parvum
547 4329 626 4387 portu
644 4330 729 4390 atque
738 4327 790 4376 Vc·

247 4391 322 4442 neris
336 4390 471 4457 Isidisque
485 4392 586 4456 temple
596 4395 712 4461 insignis
726 4394 789 4456 suit,

243 4460 346 4509 rudera
372 4461 504 4527 quaedam
529 4468 637 4516 exstare
662 4465 790 4516 dicuntur

818 1393 899 1459 vulgo
912 1396 1012 1442 vocata
1018 1392 1135 1457 Αλίρονο,
1152 1390 1171 1444 i.
1181 1406 1205 1441 e.
1213 1389 1300 1452 serron
1310 1404 1361 1439 ras-

819 1466 935 1514 rr'timam.
967 1462 1010 1512 Cf.
1024 1464 1161 1512 hlannert.
1181 1460 1234 1520 Vl,
1256 1460 1278 1509 l.
1298 1474 1361 1523 pag.

819 1534 871 1584 565
891 1537 919 1583 et
932 1531 988 1583 vid.
1003 1532 1174 1596 potissimum
1190 1527 1290 1594 unger:
1308 1528 1363 1592 Ky-

820 1619 882 1667 pros
899 1604 920 1652 l.
937 1617 1000 1665 pag.
1022 1603 1055 1652 74
1076 1617 1151 1666 seqq.
1185 1600 1227 1649 De
1248 1596 1364 1663 reliquis

821 1675 861 1724 ita
882 1674 910 1721 V
911 1674 945 1720 ul
953 1672 1040 1721 elren.
1063 1671 1140 1722 adh.
1161 1669 1198 1719 l.:
1222 1668 1364 1730 „Tradere

820 1741 924 1801 voluit,
937 1746 969 1791 ut
984 1742 1096 1806 opinor,
1109 1738 1284 1799 Herodotus,
1300 1737 1365 1786 dum

822 1817 973 1863 moraretur
999 1811 1072 1876 apud
1090 1810 1296 1873 Philocyprum,
1317 1806 1366 1857 So·

820 1884 909 1933 leuem
923 1883 951 1930 in
963 1882 1024 1946 ipsa
1036 1880 1127 1930 insula
1137 1879 1227 1944 Cypro
1242 1876 1365 1928 carmina

822 1952 1006 2014 condidisse„
1020 1951 1117 2016 quibus
1142 1949 1260 1998 amicum
1283 1946 1367 1995 istum

822 2038 901 2076 suum
914 2019 1092 2071 collaudarit:
1112 2024 1196 2085 atque
1209 2018 1236 2067 id
1250 2015 1368 2067 manife-

823 2099 894 2143 stum
914 2096 958 2141 est
973 2107 1005 2141 ex
1018 2096 1096 2153 parte
1108 2089 1235 2154 Elegiae,
1256 2102 1312 2150 qua
1325 2100 1369 2135 re-

824 2178 884 2224 gem
906 2162 989 2211 istum
1012 2159 1204 2224 alloquebatur
1223 2157 1322 2217 Solon,
1350 2169 1369 2203 a

822 2231 971 2284 Plutarcho
986 2229 1176 2282 conservatal.
1188 2228 1227 2278 l.“
1256 2224 1367 2277 Turid.

824 2301 943 2354 Bruuclr.
958 2303 1047 2351 Poert.
1064 2299 1197 2363 gnomicc.
1219 2297 1247 2347 in
1257 2295 1370 2347 Solonis

825 2373 921 2436 fragm.
936 2386 976 2420 nr.
990 2370 1100 2430 XXlll,
1118 2374 1146 2418 et
1158 2366 1259 2431 Bergk.
1275 2366 1368 2414 Peiitt.

825 2441 919 2506 lyrico.
931 2440 1037 2491 Graeco
1059 2456 1085 2503 p.
1096 2440 1163 2500 344,
1178 2438 1225 2488 ubi
1240 2435 1371 2486 carminis

826 2511 939 2576 elegiaci
952 2512 978 2560 in
992 2509 1183 2574 Philocyprum
1198 2507 1296 2571 scripti
1310 2520 1372 2554 ver·

827 2597 873 2633 sus
887 2596 950 2639 sex,
966 2595 1033 2646 quos
1047 2583 1193 2629 servarunt
1205 2573 1371 2628 Plutarchus

826 2652 845 2702 l.
857 2650 876 2700 l.
892 2655 919 2700 et
936 2656 1032 2700 auctor
1044 2651 1118 2699 vitae
1129 2648 1208 2697 Arati
1221 2663 1247 2709 p.
1261 2645 1296 2696 53
1308 2646 1372 2695 We-

827 2726 938 2779 eterm.,
965 2719 1137 2771 exhibentur.
1175 2717 1230 2780 Qui
1256 2720 1372 2779 uterque

828 2790 901 2855 quod
913 2789 1071 2854 Cypriorum
1085 2795 1231 2854 tyrannum
1244 2801 1261 2836 a
1271 2785 1373 2835 Solone

827 2860 967 2912 laudatum
986 2859 1083 2909 scribit
1101 2851 1131 2906 lv
1148 2858 1211 2911 ταῖς
1230 2847 1373 2919 ἐλεγείαις,

828 2931 875 2982 ubi
889 2929 1047 2979 Herodotus
1064 2928 1161 2978 scribit
1180 2917 1211 2976 ἐν
1225 2919 1317 2976 ἔπεσι.
1334 2930 1375 2974 te·

830 2999 946 3051 nendum
961 3006 1019 3054 est,
1040 2999 1090 3048 hac
1103 3000 1164 3063 ipsa
1177 2995 1376 3061 appellatione,

831 3085 913 3135 qnam
930 3069 1088 3119 Herodotus
1108 3068 1235 3125 exbibet,
1256 3070 1284 3114 et
1297 3063 1377 3115 Selo-

830 3156 890 3190 nem
908 3144 936 3188 et
946 3141 970 3187 ei
981 3142 1027 3203 qui
1036 3138 1084 3188 alii
1095 3137 1142 3187 illa
1153 3141 1246 3186 aetate
1260 3138 1378 3184 eiusmo-

831 3211 860 3260 di
875 3209 999 3259 carmina
1009 3207 1132 3271 elegiaco
1144 3214 1229 3257 metro
1241 3203 1379 3266 composi·

831 3286 862 3329 ts
880 3279 1064 3344 scripserunt,
1085 3292 1150 3327 uses
1173 3293 1232 3326 esse
1257 3275 1291 3323 ad
1306 3273 1377 3323 talia

832 3347 1137 3402 carmiriadeclaranda:
1152 3347 1220 3395 adeo
1233 3350 1264 3394 ut
1275 3344 1378 3393 haecce

831 3435 886 3469 vox
905 3433 993 3481 aeque
1010 3417 1132 3468 adhibita
1149 3417 1187 3465 sit
1203 3415 1236 3466 de
1251 3413 1378 3464 carmini·

832 3490 883 3540 bus
906 3488 1016 3538 heroice
1038 3492 1124 3537 metro
1145 3485 1312 3548 conscriptis
1336 3488 1379 3532 at-

835 3575 887 3619 que
901 3560 934 3608 de
947 3559 990 3613 iis.
1002 3574 1071 3623 quae
1081 3557 1200 3621 elegiaco
1215 3560 1301 3606 metro
1314 3569 1380 3602 con·

835 3629 894 3678 dita
910 3634 997 3678 erant.
1033 3628 1075 3678 Cl.
1088 3627 1190 3677 Ulrici:
1217 3623 1316 3675 Geech.
1331 3623 1380 3672 der

835 3698 1039 3748 hellenl'oisie
1052 3698 1087 3746 ll.
1101 3712 1127 3760 p.
1143 3697 1199 3746 lilii.
1214 3700 1272 3744 not.
1284 3692 1338 3743 200
1352 3697 1380 3742 et

837 3786 863 3832 p,
884 3769 939 3824 177,
958 3767 1045 3816 Beda:
1059 3764 1222 3818 Geschichte
1237 3765 1263 3814 d.
1279 3763 1380 3813 hellen.

836 3836 1006 3887 Dicbtlaunst
1019 3837 1057 3891 ll,
1072 3836 1094 3885 l.
1108 3852 1169 3900 pag.
1183 3834 1242 3885 135.
1266 3835 1308 3882 lle
1321 3834 1382 3895 ipso

836 3907 928 3957 Solone
942 3906 1059 3956 conferri
1075 3911 1213 3969 poterunt,
1226 3919 1298 3968 quae
1310 3902 1348 3952 ad
1358 3904 1381 3965 l,

837 3978 872 4029 29
885 3976 971 4026 allata
985 3980 1056 4026 sunt.
1083 3976 1164 4026 Hunc
1175 3990 1240 4025 vere
1253 3973 1381 4023 Solonem

838 4048 867 4097 in
877 4046 1042 4096 carminibus
1051 4045 1132 4095 aliam
1141 4049 1225 4108 atque
1232 4044 1382 4094 Homerum

839 4118 973 4168 rationem
988 4121 1109 4166 secutum
1122 4130 1181 4165 esse
1192 4115 1335 4179 magisque
1348 4114 1383 4164 ad

841 4188 937 4251 poiisiu
948 4190 1066 4236 veterem
1073 4184 1219 4250 Orphicum
1227 4184 1385 4248 mysticam·

840 4272 892 4322 que
906 4254 1070 4317 theologiam
1089 4271 1118 4306 ee
1135 4255 1292 4320 applicasse
1309 4254 1384 4316 quod

841 4341 873 4375 ex
898 4325 950 4376 hoe
968 4324 1104 4376 Herodoti
1126 4325 1186 4375 leco
1209 4324 1302 4378 celliei
1325 4323 1386 4373 vult

839 4395 979 4446 Heineeke
992 4393 1095 4459 (Ueber
1109 4395 1211 4445 Homer
1227 4411 1253 4444 u.
1262 4395 1383 4458 Lycurg.

840 4481 865 4530 p.
881 4464 936 4530 28),
952 4464 1018 4515 mihi
1030 4464 1103 4516 haud
1117 4465 1263 4533 persuasit,
1281 4463 1329 4530 qui
1343 4464 1386 4513 ni-
