2916 5130
469 325 534 384 AD
560 323 812 385 HERODOT.
838 324 874 396 V,
898 332 941 387 67.
1209 325 1269 385 667

128 494 245 561 τούτοις
265 492 445 568 dysenterico,
466 489 538 568 ὅπερ
558 495 607 551 καὶ
627 491 770 564 Σοτορικὰ
786 491 899 565 ἐλέγετο.
920 489 1083 564 ὕστερονδὲ
1102 494 1269 572 μεταβάντες

129 583 175 647 εἰς
189 580 220 639 τὸ
240 586 394 657 τραγῳδίας
411 578 542 653 γράφειν,
567 576 638 636 κατὰ
653 577 753 651 μικρὸν
767 580 805 643 εἰς
826 577 937 650 μύθους
952 580 1000 635 καὶ
1018 580 1138 652 ἱστορίας
1151 580 1268 656 ἐτράπη-

129 688 196 739 σαν,
219 667 313 740 μηκέτι
337 671 387 723 τοῦ
403 664 543 723 Διονύσου
560 669 622 736 (τοῦ
644 668 715 721 θεοῦ
732 667 827 735 Phot.)
842 662 1062 735 μνημονεύοντες
1076 689 1102 728 κ,
1114 691 1137 723 τ.
1153 675 1176 724 1.
1212 673 1265 724 Ubi

129 756 247 807 attende
271 755 306 806 ad
326 755 386 806 illa:
407 754 509 811 Postea
533 772 597 807 vero
618 752 776 820 tragoedias
798 753 920 804 scribere
939 755 1066 820 aggressi
1082 755 1210 823 paulatim
1232 760 1264 809 ad
1357 825 1359 829 .

126 844 240 907 soboles
257 846 284 892 et
300 841 422 893 historiar
436 844 607 907 deflexerunt,
624 841 726 891 nullam
743 840 840 891 Bocchi
857 839 1015 892 mentionem
1038 843 1150 909 amplius
1163 845 1265 904 serien·

130 937 181 979 tes.
226 926 296 977 Eius
318 926 358 977 rei
380 925 460 977 testis
481 924 608 977 laudatur
623 922 803 975 Chamaeleon
822 923 851 974 in
869 922 938 974 libro
960 923 994 975 de
1008 923 1156 994 Thespide.
1202 927 1264 978 Non

130 1010 255 1077 neglexit
268 1027 400 1074 semrom,
420 1010 467 1078 qui
481 1026 569 1078 nuper
581 1009 613 1061 de
627 1009 668 1059 his
683 1009 790 1059 artibus
803 1008 947 1075 ingeniose
960 1008 1112 1077 disputavit
1123 1011 1144 1061 1.
1159 1010 1263 1064 Heuss.

129 1097 167 1148 ad
184 1095 342 1147 Aristotelis
368 1095 500 1163 poeticam
527 1096 560 1145 ab
585 1112 616 1145 eo
640 1093 737 1144 editam
761 1093 885 1162 Append.
907 1111 935 1161 p.
962 1096 1088 1147 tit—43
1112 1101 1140 1147 et
1164 1095 1263 1148 iterato

131 1180 304 1249 Boeclrhius‚
330 1197 387 1231 cum
408 1179 435 1229 in
454 1178 547 1231 Princ.
564 1180 661 1233 Graec.
677 1177 802 1244 tragoed.
824 1196 851 1247 p.
869 1180 920 1231 256
936 1195 1030 1248 seqq,
1052 1185 1107 1231 turn
1131 1180 1158 1231 iu
1179 1181 1264 1233 libro:

131 1267 186 1317 Die
209 1263 489 1331 Stantshaushaltung
508 1263 558 1315 der
578 1264 700 1315 Athener
718 1263 779 1314 Vol.
795 1262 833 1315 Il.
852 1281 878 1332 p.
901 1266 949 1316 361
974 1281 1053 1333 seqq.
1076 1265 1161 1334 [363],
1187 1267 1264 1317 abia

131 1349 252 1402 Bentleii
279 1350 441 1401 auctoritate
458 1364 543 1400 suam
570 1348 734 1399 senteutiam
766 1348 889 1415 seiungit
914 1348 995 1418 [Add.
1022 1349 1106 1418 Corp.
1133 1351 1263 1420 inscript.

130 1437 233 1488 Graec.
247 1435 269 1486 I.
287 1452 349 1504 pag.
361 1437 412 1487 765
425 1441 460 1498 et,
473 1433 520 1502 qui
531 1433 670 1489 Boeekhio
682 1432 842 1497 assentitur,
859 1433 990 1485 Kreuser.
1002 1434 1110 1487 Homer.
1123 1434 1263 1504 Rhapsod.

128 1540 157 1589 p.
176 1514 228 1573 266
248 1537 326 1589 seqq.
345 1519 404 1571 Vid.
420 1534 530 1587 quoque
545 1518 637 1571 Bode:
652 1512 808 1569 Geschicht.
824 1517 850 1567 d.
867 1516 965 1570 hellen.
983 1517 1160 1572 Dichtlrunst.
1178 1521 1219 1585 ll,
1236 1526 1262 1572 2.

128 1623 195 1673 ρος.
215 1606 273 1658 165.
287 1607 337 1657 377
358 1612 385 1656 et
401 1604 443 1654 111
451 1643 458 1669 ,
475 1606 499 1655 1.
521 1620 585 1671 ρος.
601 1608 650 1670 24,
672 1602 719 1671 qui
741 1601 861 1667 tragicos
875 1601 1064 1668 Sicyoniorum
1085 1604 1183 1657 choros
1207 1624 1260 1657 non

127 1690 200 1741 alios
216 1697 299 1758 etque
315 1688 526 1756 dithyrambicos
542 1706 565 1738 s.
574 1687 692 1755 cyclicas
708 1686 796 1738 fuisse
811 1685 886 1737 vult:
901 1686 975 1754 quod
986 1687 1056 1738 idem
1072 1690 1263 1757 pronuntiavit

128 1775 250 1826 Godofr.
269 1774 417 1826 Hermann.
431 1773 551 1840 Opusce.
565 1772 627 1826 Vll.
645 1790 671 1841 ρ.
689 1774 749 1824 216.
767 1768 875 1838 Br.]*).
914 1774 1077 1824 Conveniam
1093 1791 1108 1824 ο
1123 1774 1261 1841 Sicyoniis

127 1860 269 1911 inventam
292 1859 384 1927 prodit
407 1858 523 1909 Orestes
543 1858 625 1925 poeta
645 1857 672 1907 in
690 1855 835 1922 Antholog.
857 1858 907 1907 Gr.
925 1857 962 1921 ll,
979 1861 1004 1908 2.
1020 1859 1081 1911 331.
1098 1858 1259 1928 (Autholog.

126 1944 219 1995 Palat.
235 1943 295 1997 Vol.
311 1944 346 1995 11.
362 1961 424 2013 ρος.
441 1945 492 1997 328
510 1960 570 2011 seq.
588 1958 629 1993 nr.
646 1943 718 2008 32),
742 1949 817 1993 recte
832 1940 985 2009 explicante
1007 1942 1132 1993 lacobsio
1147 1943 1174 1993 in
1194 1944 1260 1996 Ani·

126 2029 281 2080 madrerss.
296 2029 331 2094 H,
346 2033 371 2081 2.
386 2046 450 2097 ρος.
463 2024 561 2093 332*).
578 2026 722 2079 Caeterum
735 2044 811 2077 nemo
829 2043 930 2091 eorum,
947 2014 995 2095 qui
1010 2027 1097 2078 adhuc
1107 2026 1141 2079 de
1157 2028 1259 2081 utrius-

128 2131 184 2184 que
201 2114 269 2165 artie
285 2113 439 2181 primordiis
457 2114 644 2182 disputarunt,
662 2118 806 2180 reputasse
821 2110 941 2176 videtur,
958 2129 1036 2180 equum
1052 2112 1105 2163 vim
1123 2112 1149 2163 iu
1166 2112 1215 2164 hac
1229 2132 1260 2167 re

128 2199 278 2251 habuerint
288 2201 430 2269 religiones
445 2199 524 2250 etiarn
539 2199 703 2250 orientolium
718 2196 861 2263 hominum,
877 2204 906 2248 et
921 2197 1026 2249 Oeircne
1039 2196 1178 2264 imprimis.
1204 2198 1259 2266 [Το

129 2284 186 2335 vid.
203 2284 239 2349 H,
258 2287 304 2336 171
320 2292 348 2335 et
364 2300 435 2353 quae
449 2283 488 2334 ibi
501 2299 565 2352 pag.
579 2284 639 2335 813.
655 2281 716 2332 Vol.
730 2280 753 2332 l.
769 2281 908 2350 adscripta
919 2287 992 2336 sunt.
1010 2282 1068 2349 Bra]
1089 2281 1163 2333 Satis
1174 2282 1260 2350 igitur

130 2370 196 2421 haec
211 2367 319 2437 quidem
335 2376 457 2434 arguunt
469 2366 602 2419 Herodoti
621 2367 716 2418 verba:
736 2384 751 2417 ο
770 2365 902 2418 communi
922 2366 1122 2418 consuetudine
1139 2368 1258 2419 Graeco-

129 2471 190 2507 rum
209 2452 361 2505 descivisse
376 2453 536 2521 Sicyonios,
559 2451 606 2520 qui
623 2468 676 2503 nou
691 2451 826 2502 Bacchum
846 2467 988 2502 scenarum
1005 2451 1162 2517 lugubrium
1176 2469 1258 2520 argu-

128 2545 248 2591 mentum
263 2539 386 2591 facerent
402 2538 451 2590 sed
468 2538 599 2589 hominem
616 2542 706 2587 natum
720 2554 753 2587 ec
769 2535 872 2587 meritis
887 2535 946 2586 sois
965 2536 991 2586 in
1011 2536 1110 2589 heroas
1135 2535 1258 2590 relatum.

130 2623 254 2676 Bacchus
271 2623 340 2674 enirn
359 2623 418 2675 slve
434 2623 503 2674 deus
521 2622 580 2673 siae
597 2621 677 2672 heros
693 2621 815 2685 dicatur,
831 2620 947 2671 debebat
964 2621 1013 2672 boc
1030 2620 1098 2690 ipsis
1121 2620 1259 2675 natalibus

128 2707 190 2760 suis
207 2712 234 2758 et
249 2707 284 2758 iis
299 2707 416 2775 eventis,
433 2724 503 2777 qnae
516 2705 580 2757 inde
595 2713 744 2757 consecuta
764 2712 852 2770 erant,
869 2710 899 2756 ut
915 2705 1005 2757 scenis
1022 2705 1125 2773 sacris,
1141 2706 1258 2775 hymnis,

129 2792 322 2860 dithyrambis,
348 2790 472 2861 phellicis
500 2791 666 2843 carminibus
689 2792 843 2859 antiquitus
867 2788 1063 2843 celebraretur.
1105 2789 1259 2868 Pausanias

127 2883 219 2930 autem
235 2895 287 2928 nos
304 2877 392 2947 docet,
409 2877 491 2943 Argis
507 2874 627 2927 locorum
646 2875 785 2927 vicinitate
799 2875 909 2925 iunctos
923 2873 1012 2926 foisse
1026 2875 1162 2928 Bacchum
1175 2880 1258 2948 atque

127 2962 276 3015 Adrastum
291 2961 415 3014 Corinth.
441 2965 474 3016 23
495 2961 557 3013 init.
573 2960 698 3027 Vestigia
715 2961 776 3012 eius
795 2959 834 3011 rei
856 2958 968 3010 residua
982 2960 1113 3016 uidentur
1132 2961 1160 3013 in
1182 2963 1258 3014 vasis

127 3049 297 3099 Graecorum
327 3048 418 3115 pictis,
455 3064 526 3116 quae
554 3045 634 3116 plora
668 3045 778 3097 Adrasti
810 3053 953 3116 utramque
981 3046 1118 3099 fortunam
1147 3047 1257 3099 habent.

129 3132 170 3183 De
204 3149 259 3184 nuo
291 3132 403 3184 vasculo
435 3132 615 3200 disceptatum
648 3137 691 3182 est
722 3148 738 3181 a
766 3128 855 3181 doctis
876 3128 969 3195 Italis,
991 3131 1130 3185 referente
1151 3131 1257 3185 Millino

128 3217 156 3267 iu
174 3216 235 3268 libr.
253 3217 359 3283 bingas.
378 3216 518 3286 encyclop.
536 3219 603 3269 1804
616 3234 642 3284 ρ.
660 3219 711 3269 226
725 3234 803 3284 seqq.
828 3215 887 3266 Nec
903 3214 955 3265 alia
971 3215 1073 3268 desunt
1086 3223 1259 3271 monumenta

128 3302 197 3352 artis
219 3302 251 3352 ad
271 3301 417 3354 Adrastum
437 3300 616 3371 pertinentia,
633 3298 723 3365 velot,
747 3309 778 3352 ut
797 3301 847 3351 boc
871 3304 947 3369 utar,
972 3318 1074 3368 gemma
1094 3303 1258 3373 perantiqua

127 3386 254 3438 Thebani
276 3385 340 3438 belli
362 3387 445 3439 drrces
466 3387 576 3438 iunctos
599 3387 745 3449 exhibens,
770 3384 926 3436 nominibus
944 3386 1107 3455 adscriptis,
1122 3388 1150 3439 in
1166 3388 1259 3441 bonsii

128 3471 213 3524 libro:
230 3471 332 3539 Saggio
348 3472 375 3523 di
391 3471 484 3540 lingua
500 3471 612 3526 Etrusc.
629 3472 665 3537 ll,
681 3471 737 3522 tab.
753 3469 831 3536 Vlll,
848 3487 890 3524 ur.
906 3474 920 3521 7
938 3476 966 3522 et
987 3470 1061 3522 aliud
1081 3488 1165 3540 opus,
1183 3472 1256 3541 quod

197 3707 224 3771 ²⁸⁸)
237 3706 314 3757 Adde
327 3706 402 3755 hisce
418 3721 460 3770 ea,
478 3720 547 3770 qnae
561 3706 612 3755 hac
625 3706 658 3756 de
670 3721 699 3754 re
715 3705 796 3757 babet
809 3702 928 3756 Schultz.
962 3704 1064 3769 Appos.
1083 3703 1171 3754 critic.
1184 3720 1210 3769 p.
1223 3705 1253 3756 8:

128 3780 189 3840 „De
205 3777 295 3827 choris
314 3775 444 3838 tragicis,
469 3790 535 3840 quos
558 3775 625 3824 dicit
639 3775 796 3826 Herodotus
808 3800 842 3809 -
855 3788 899 3824 res
919 3774 988 3824 setis
1008 3774 1131 3823 obscure.
1163 3774 1256 3839 Neque

127 3853 220 3898 temen
231 3847 342 3897 dubium
354 3845 470 3907 videtur,
488 3846 553 3910 quin
564 3860 622 3894 eam
633 3845 718 3907 ipsam
732 3843 765 3893 ob
776 3858 886 3893 causam
898 3844 1019 3907 Sicyonii
1030 3844 1082 3891 eibi
1091 3843 1256 3893 vindicarint

126 3916 285 3983 tragoediae
303 3916 489 3965 inventionem
506 3916 579 3979 iique
598 3914 766 3978 intelligendi
779 3914 834 3963 sint
847 3905 918 3962 ἔνιοι
931 3911 988 3961 τοοκ
1001 3903 1031 3961 ἐν
1046 3905 1255 3977 Πελοπονήνσῳ

127 3991 156 4038 in
168 3986 310 4039 Aristotel.
329 3987 360 4035 A.
378 3985 408 4033 P.
425 4000 485 4048 cap.
501 3985 526 4036 3.
538 3987 563 4047 ξ.
576 3986 601 4037 5,
616 3984 707 4033 Herm.
721 3982 782 4033 coll.
797 3981 930 4032 Themist.
947 3983 1025 4037 Orat.
1038 3983 1152 4034 XXVII.
1163 3999 1191 4047 p.
1205 3983 1255 4033 337

125 4060 157 4109 B.
170 4057 229 4124 [nbi
241 4053 400 4122 τραγῳδίας
411 4047 521 4115 εὑρεταὶ
529 4046 580 4117 μὲν
589 4045 947 4116 Σικυώνιοι,τε1εσιοοργοὶ
959 4047 990 4102 61
997 4045 1113 4101 Ἀττικοὶ
1125 4052 1254 4115 arcturon:

127 4128 160 4177 de
182 4143 235 4192 quo
259 4127 319 4176 loco
341 4129 555 4188 argumentoque
577 4123 671 4173 censer
689 4123 726 4171 sis
746 4122 777 4172 G.
800 4121 957 4176 Schneider.
984 4124 1026 4173 De
1043 4123 1111 4186 orig.
1129 4122 1253 4186 tragoed.

126 4212 187 4261 cap.
207 4197 234 4249 3.
254 4214 279 4260 ρ.
301 4196 334 4244 22
352 4193 440 4259 seqq]
469 4192 579 4243 Anthol.
597 4193 642 4243 Gr.
657 4193 752 4257 Epigr.
771 4184 870 4240 oids'orr.
888 4191 934 4242 171
950 4193 979 4241 in
996 4192 1121 4243 Analect.
1141 4192 1187 4242 Br.
1202 4191 1254 4240 111.

126 4284 152 4332 p.
168 4267 219 4317 181
232 4265 326 4328 (Antb.
348 4265 423 4328 Lips.
440 4265 479 4314 IV
496 4279 522 4327 p.
540 4264 596 4313 151.
613 4262 693 4312 Anth.
707 4260 796 4314 Pnlat.
811 4261 848 4312 ΙΙ.
860 4276 886 4325 p.
903 4262 952 4312 797
969 4278 1008 4313 nr.
1024 4260 1084 4325 116)
1099 4264 1125 4311 et
1140 4260 1256 4312 Orestae

126 4339 221 4401 Epigr.
238 4337 277 4385 11.
294 4337 322 4384 in
334 4333 421 4471 Anqll.
437 4335 482 4388 Br.
495 4333 531 4383 11.
545 4347 608 4399 pag.
624 4332 675 4384 289
688 4330 782 4398 (anth.
797 4331 872 4398 Lips.
885 4331 928 4382 111
942 4348 1005 4398 ρος.
1021 4333 1045 4387 l.
1058 4329 1118 4382 Pal.
1133 4330 1172 4382 11.
1192 4346 1255 4398 pag.

128 4409 178 4459 238
191 4422 232 4460 nr.
246 4404 323 4470 32.)·‘
335 4404 384 4458 Br.
