2998 5138
262 392 302 455 38
698 386 964 449 HERODO'PI

262 563 503 656 ἀγωνιζόμενος
522 562 660 633 στάδιον
680 561 898 645 συνεξέπιπτε
918 566 965 652 τῷ
979 558 1109 653 πριότςο.
1143 564 1245 629 ταῦτα
1258 561 1317 649 μέν
1328 587 1385 629 νιν

264 669 352 740 οὕτω
366 697 407 756 κη
422 671 562 757 ἐγένετο.

217 783 257 846 23
343 771 542 861 Μεγάβυζος
568 771 604 839 di
628 766 722 858 ἄγων
750 766 826 847 τούς
844 775 994 848 Παίονας
1020 764 1156 837 ἀπίκετο
1179 769 1233 836 ἐπὶ
1254 763 1310 834 τὸν
1324 763 1386 834 ‘El-

265 877 469 968 λήσποντον,
484 878 647 944 ἐνθεῦτεν
661 872 697 942 δὲ
714 873 973 961 διαπεραιωθεὶς
986 868 1122 942 ἀπίκετο
1137 875 1170 951 ἐς
1179 869 1313 959 Σάρδις.
1337 866 1388 937 ἅτε

266 982 302 1052 δὲ
322 982 505 1068 τειχέοντος
526 976 590 1067 ἤδη
610 973 766 1046 Ἱστιαίου
786 982 847 1045 τοῦ
865 983 1037 1064 Μιλησίου
1057 974 1119 1064 τὴν
1142 974 1232 1063 παρὰ
1253 979 1388 1062 Δαρείου
1469 994 1472 1003 ’

264 1181 350 1246 stirpe
370 1178 513 1230 oriundum
532 1190 593 1228 esse
613 1179 642 1225 et
654 1172 809 1224 Heraclidis

266 1249 419 1302 accenseri:
432 1247 464 1299 de
476 1262 529 1312 quo
539 1243 809 1311 pluraNosteerll,

268 1322 327 1372 137.
360 1318 439 1370 Unde
452 1330 621 1381 consequeus
635 1319 691 1375 est,
713 1313 809 1378 vulgus

265 1389 446 1442 Macedonum
458 1388 482 1439 si
497 1386 660 1437 Graecorum
676 1390 809 1434 suenten-

266 1461 305 1511 tia
317 1459 450 1510 barbarae
468 1463 510 1507 est
523 1455 653 1520 originis,
676 1468 752 1517 reges
767 1457 809 1502 ta-

267 1546 328 1581 men
337 1544 401 1580 vore
411 1543 458 1592 pro
468 1527 580 1577 Graecis
589 1522 729 1574 habendos
739 1538 810 1585 esse,

266 1601 359 1667 prouti
370 1597 610 1648 Hellauodloarum
623 1593 688 1644 tulit
701 1598 810 1643 senteu-

266 1671 321 1720 tia:
346 1668 468 1719 Graecae
487 1667 559 1718 euim
578 1665 672 1730 stirpis
687 1662 810 1712 homiues

267 1740 341 1792 solos
359 1738 394 1788 ad
409 1738 486 1787 ludus
498 1735 655 1802 Olympicus
674 1733 809 1783 admissus

269 1824 329 1862 csso
351 1812 522 1868 certaturos,
544 1807 584 1855 sic
600 1805 668 1854 satis
685 1806 809 1853 constat:

267 1879 326 1931 vid.
347 1878 433 1928 Maior
452 1877 495 1926 in:
523 1873 672 1940 Encyclop.
695 1872 808 1924 Halens.

269 1949 341 1999 Sect.
357 1948 408 1998 III.
427 1945 487 1997 Vol.
501 1944 526 1995 3.
543 1959 607 2009 pag.
625 1943 686 2005 299,
704 1943 811 1991 Krause

269 2017 377 2081 Olymp.
399 2016 422 2064 1.
442 2018 466 2077 ς.
486 2014 511 2065 6.
529 2029 593 2079 pag.
612 2012 643 2062 51
666 2027 721 2077 seq.
747 2010 811 2061 coll.

270 2086 375 2150 Theop.
383 2098 446 2149 pag.
457 2085 490 2135 34
501 2100 557 2148 aeq.
584 2083 682 2145 ltaque
694 2096 747 2130 uon
757 2079 813 2130 nisi

270 2156 332 2207 odio
346 2161 429 2220 atque
442 2153 546 2204 invidit
559 2152 663 2203 summa
676 2152 813 2201 excitatus

269 2223 466 2277 Demosthenes
501 2222 655 2287 Philippum
686 2220 813 2270 Macedo·

270 2312 331 2345 nom
351 2300 490 2359 tamqnam
509 2292 655 2343 barbarum
669 2289 813 2340 traducere

271 2365 398 2431 omnique
418 2363 604 2413 conviciorum
624 2376 722 2425 genere
742 2360 813 2409 iuss·

271 2436 341 2486 ctari
354 2434 452 2500 potuit.
477 2433 538 2484 Vid.
551 2432 670 2496 Philipp.
684 2430 736 2481 Ill.
749 2444 813 2494 pau.

273 2504 331 2558 119.
350 2508 374 2568 §-
388 2504 430 2555 31.
447 2502 558 2567 Olynth.
571 2501 623 2552 111.
636 2517 661 2565 p.
675 2500 718 2550 33.
734 2504 759 2562 §-
773 2498 812 2561 16,

271 2576 319 2627 uhi
341 2572 499 2625 consulatur
517 2571 649 2623 Vosmelii
670 2569 813 2620 annotatio

272 2662 336 2712 pag.
349 2644 399 2695 1211
409 2658 465 2707 seq.
492 2644 587 2706 Neque
599 2641 670 2692 onim
682 2656 754 2690 nunc
766 2654 813 2687 va·

271 2720 319 2766 cat
346 2715 498 2779 inquirere,
530 2711 694 2761 Macedones
722 2714 813 2759 utrum

272 2786 377 2835 Graeca
402 2798 437 2833 an
456 2781 567 2846 Illyrica
592 2779 682 2831 aliave
703 2793 814 2844 prorsus

273 2855 358 2918 stirpe
374 2852 491 2913 suerint,
512 2850 626 2901 Graecis
643 2853 749 2900 tantum
766 2848 815 2897 ad-

272 2923 376 2973 mixtis.
402 2921 594 2971 Aliaveterum
612 2919 770 2970 testimonla
782 2917 815 2967 de

272 2993 380 3043 Graeca
391 2989 435 3041 vel
445 2992 537 3054 potius
548 2990 648 3054 Argiva
656 3003 750 3052 regum
756 2988 815 3037 Ma-

271 3063 403 3113 cedoniae
420 3061 527 3124 origiue
543 3059 579 3109 ad
598 3059 668 3109 hooc
683 3057 816 3107 Herodoti

271 3132 359 3183 locum
378 3128 472 3180 attulit
490 3128 622 3179 Valcken.
645 3144 678 3178 ex
697 3128 813 3179 Isocrat.

272 3202 388 3266 Philipp.
402 3215 463 3263 pag.
473 3198 516 3251 88.
531 3199 588 3250 103.
604 3199 653 3249 101
665 3198 708 3249 ed.
719 3197 814 3261 Steph.

273 3272 312 3338 [p.
326 3273 368 3322 14.
383 3270 426 3321 87.
440 3268 474 3320 88
485 3267 603 3333 Teubn]
618 3270 738 3318 Pansan.
752 3266 814 3324 Vll,

272 3344 298 3394 8.
319 3345 343 3404 ξ.
360 3340 386 3390 5.
410 3337 564 3401 Thucydid.
585 3339 627 3397 Il,
647 3337 690 3389 911.
714 3339 752 3400 V,
771 3337 813 3387 50.

273 3412 363 3475 Epist.
386 3409 493 3459 Socrat.
513 3407 631 3457 XXVIII
657 3414 684 3457 ct
701 3407 813 3457 MaxIm,

274 3482 338 3543 Tyr.
356 3477 451 3534 xx.8
471 3476 532 3527 coll.
554 3479 613 3530 Liv.
632 3477 752 3539 XXVII,
771 3475 813 3526 30.

272 3550 347 3600 Idem
361 3547 493 3598 Valckon.
511 3547 545 3598 de
563 3546 646 3597 verbo
663 3544 814 3609 solvendae

274 3619 380 3669 monuit
389 3619 418 3667 in
429 3617 480 3666 tali
493 3632 521 3667 re
533 3616 648 3668 solemni
661 3622 689 3667 at
699 3618 814 3677 usitato,

274 3693 372 3753 atque,
399 3692 513 3738 notante
537 3688 600 3747 Cn,
625 3687 737 3737 eandam
758 3701 814 3736 rom

273 3758 371 3822 attigit
383 3757 411 3807 in
426 3757 503 3806 Orat.
520 3758 553 3807 de
567 3756 694 3823 Philippo
709 3756 815 3807 Maced.

273 3827 584 3959 paguiwuiyecotvIchpevoc
608 3887 725 3944 occidens
750 3907 815 3944 ουν-

273 3958 403 4026 εξέπιπτε
417 3966 457 4030 τῷ
470 3961 583 4030 πρώτῳ]
598 3965 760 4016 Valckensr.
774 3980 817 4016 su·

274 4038 396 4101 epicatnr
407 4036 538 4100 scriptum
551 4035 635 4086 luisse
645 4026 815 4099 ἀγωνισάμε-

275 4120 339 4169 νος,
353 4104 404 4155 hoc
417 4104 474 4155 fers
487 4120 581 4155 sensu:
599 4113 624 4154 et
633 4107 716 4158 studio
729 4106 814 4155 decer-

274 4178 354 4227 ratnri
372 4190 458 4224 nomen
478 4191 596 4226 naucum
615 4178 697 4238 primo
721 4177 817 4226 nomine

273 4254 344 4297 corte
353 4244 494 4307 excidetur,
507 4244 732 4309 quemadmodum
746 4244 817 4310 apud

275 4316 385 4365 LIvIum
411 4313 526 4376 XXIII,
552 4314 583 4364 3:
623 4321 677 4377 „ut
701 4317 816 4380 primam

274 4385 361 4448 ipsius
387 4387 415 4432 et
438 4384 630 4449 antagonistae
651 4390 752 4436 sortem
775 4401 818 4435 ex·

275 4453 341 4505 iisse
370 4452 490 4518 optimus
518 4459 614 4505 auctor
646 4454 817 4520 significet.“

860 1177 930 1228 Mihi
944 1177 989 1227 vix
1007 1192 1076 1242 opns
1089 1175 1199 1226 videtur
1218 1175 1303 1225 futuri
1319 1174 1391 1240 parti·

860 1248 950 1314 cipio,
966 1261 1015 1298 nec
1028 1247 1098 1296 satia
1110 1260 1211 1297 causae
1225 1245 1332 1296 subesse
1342 1260 1391 1294 ure·
1472 1282 1473 1291 .

862 1317 939 1378 dam,
956 1322 988 1367 ut
999 1308 1218 1381 ἀγωνιζόμενος,
1232 1316 1260 1364 in
1274 1330 1324 1380 quo
1334 1315 1392 1364 scri·
1472 1308 1473 1341 1

861 1390 902 1455 pti
914 1387 976 1437 libri
989 1387 1162 1451 conspirant,
1176 1392 1341 1435 commutem.
1358 1388 1392 1433 Ao
1472 1396 1473 1417 l

862 1458 944 1507 moris
959 1457 1044 1507 luisse
1060 1457 1232 1520 accepimns,
1247 1459 1291 1516 ut,
1311 1452 1392 1518 plures

860 1544 921 1578 cum
939 1526 1069 1577 adessent
1082 1526 1217 1588 athletae,
1239 1528 1337 1574 sortem
1351 1523 1392 1572 dn-

861 1602 970 1659 cerent,
987 1599 1097 1662 quinam
1112 1595 1194 1661 primi
1207 1595 1393 1645 committeren-
1473 1602 1474 1605 ’

861 1673 919 1728 tur;
939 1667 972 1718 de
985 1681 1039 1731 qua
1052 1666 1198 1715 sortitione
1213 1663 1342 1714 classicus
1359 1666 1394 1712 est
1473 1678 1474 1695 ι

860 1737 977 1787 Luciani
994 1736 1071 1786 locus
1089 1735 1117 1784 iu
1136 1735 1297 1785 Hermotim.
1315 1736 1338 1795 5.
1357 1732 1394 1781 40.

862 1810 938 1860 Turn.
961 1807 1008 1856 IV.
1027 1822 1091 1870 pag.
1106 1806 1141 1855 55
1160 1805 1203 1854 ed.
1223 1806 1284 1868 Bip.
1297 1809 1324 1853 et
1334 1802 1395 1852 Pan·

862 1893 921 1928 san.
935 1877 988 1938 Vl,
1006 1875 1051 1938 13,
1066 1879 1095 1926 2:
1113 1875 1184 1925 unde
1198 1873 1340 1935 discimus,
1358 1886 1395 1921 eo·
1474 1920 1475 1935 ,

862 1963 935 2008 rum,
965 1946 1011 2011 qui
1031 1959 1127 1995 curous
1152 1949 1292 1995 certamen
1312 1938 1397 1992 inituri
1474 1938 1475 1989 1

864 2021 964 2078 essent,
978 2015 1068 2080 plures
1082 2005 1184 2079 τάξεις,
1200 2028 1314 2079 quarum
1325 2026 1397 2077 quas·
1474 2022 1475 2029 ¹

864 2103 915 2153 que
926 2087 1016 2151 plures
1026 2090 1178 2135 certaturos
1187 2084 1353 2141 contineret,
1361 2081 1396 2129 its

864 2158 1030 2207 constitutas
1046 2155 1145 2217 inisse,
1171 2159 1202 2204 nt
1220 2151 1342 2219 singidae
1359 2144 1397 2198 τί·

864 2224 921 2287 ξεις
942 2225 1121 2283 sortirentur,
1148 2228 1234 2289 utque
1253 2238 1284 2273 so
1304 2220 1396 2281 ordiue,

864 2312 917 2362 quo
942 2300 1034 2347 esseut
1052 2295 1182 2353 sortitae,
1210 2295 1248 2343 ad
1273 2298 1398 2343 certamen

864 2366 1068 2416 descenderent.
1100 2366 1198 2429 ltaque
1211 2361 1361 2414 Alexander
1374 2360 1398 2407 in

864 2436 954 2487 stadio
981 2440 1136 2485 certaturus
1167 2450 1219 2483 uua
1243 2432 1335 2485 excidit
1370 2444 1398 2478 ex

864 2505 944 2570 urna)
960 2508 1042 2568 prium
1053 2512 1131 2563 sorte,
1148 2503 1165 2553 i.
1176 2520 1199 2554 e.
1211 2492 1358 2566 memmei
1374 2514 1399 2546 ιν
1476 2558 1477 2561 ¹

863 2580 967 2626 sortitus
984 2583 1036 2626 ert:
1065 2589 1181 2638 namquo
1198 2573 1236 2622 ad
1255 2570 1293 2638 τῷ
1306 2562 1398 2634 πρώτῳ
1476 2608 1477 2625 ,

863 2645 1070 2711 intelligendum
1083 2648 1125 2693 ast
1135 2635 1225 2705 παίει,
1239 2641 1400 2707 quemadmo-
1476 2668 1477 2673 =

864 2717 927 2766 dum
940 2714 1062 2764 insimili
1074 2728 1103 2762 ra
1115 2703 1130 2760 ὁ
1140 2712 1255 2772 πρῶτος
1267 2704 1352 2768 πάλος
1363 2711 1399 2758 1ο·

865 2787 974 2835 νοοίτατ
984 2786 1012 2834 1ο
1023 2783 1152 2847 Inscript.
1165 2782 1264 2832 Graec.
1280 2798 1318 2832 nr.
1328 2777 1399 2838 111113,

866 2856 911 2904 ubi
923 2855 1001 2920 plura
1014 2852 1120 2904 addidit
1132 2851 1244 2901 Boeckh
1255 2851 1319 2906 (3.1.
1329 2852 1399 2900 Tom.

866 2925 903 2975 Il.
922 2939 986 2989 pag.
1000 2924 1051 2974 4511
1064 2938 1121 2986 seq.
1153 2923 1196 2971 'Iu
1213 2922 1288 2972 conf.
1309 2920 1341 2971 de
1357 2918 1399 2967 hu-

865 2995 982 3045 iusmodi
1000 2994 1144 3044 sortitione
1156 2992 1244 3042 Meier
1260 2992 1302 3040 in:
1321 2991 1400 3052 Ency·

865 3064 936 3128 olop.
953 3063 1065 3113 Halous.
1082 3063 1153 3112 Sect.
1169 3061 1221 3111 111.
1238 3059 1298 3113 Vol.
1314 3060 1363 3110 111.
1376 3074 1399 3121 p·

866 3134 926 3197 313,
942 3135 1048 3183 Kranae
1059 3132 1165 3196 Olymp.
1180 3131 1202 3181 l.
1217 3134 1242 3194 §-
1257 3130 1297 3182 1³.
1310 3146 1336 3195 p.
1348 3125 1400 3178 lot.

866 3205 942 3267 Quae
955 3204 1065 3253 comita
1076 3201 1144 3266 sint,
1159 3201 1228 3251 satis
1241 3205 1329 3265 patet,
1344 3194 1402 3263 quid

865 3274 898 3323 de
913 3272 1059 3324 vernacula
1075 3272 1153 3322 huius
1173 3269 1228 3321 loci
1246 3272 1401 3331 iuterpreta-

866 3345 941 3394 tiune
960 3345 997 3392 sit
1016 3341 1206 3392 indicandum:
1234 3340 1306 3400 „und
1324 3340 1361 3389 uls
1376 3350 1402 3385 er

865 3417 896 3462 εἰει
906 3412 1018 3463 Studium
1030 3414 1077 3462 {len
1092 3409 1311 3472 Wettluushulten
1321 3409 1401 3465 nolite,

866 3483 923 3535 lcum
940 3498 970 3533 er
983 3482 1063 3547 pleird
1078 3483 1120 3530 mit
1131 3482 1184 3530 dem
1198 3480 1322 3531 ureretur*
1350 3478 1402 3526 Ms-

865 3555 907 3619 gis
919 3554 1072 3618 perspicue,
1085 3551 1192 3616 opinor,
1203 3549 1252 3600 sed
1265 3549 1351 3599 minus
1363 3560 1401 3595 ac·

865 3628 959 3674 curate
981 3620 1150 3672 Larcherns:
1177 3635 1242 3682 „son
1261 3634 1315 3670 num
1335 3616 1404 3667 rortit

866 3694 897 3744 rie
914 3696 996 3741 l'urne
1015 3707 1076 3742 uoce
1092 3692 1156 3741 celui
1170 3691 1203 3739 du
1220 3693 1330 3753 premier
1344 3701 1402 3735 eom-

866 3762 995 3819 bnttunt;“
1015 3777 1074 3810 cnm
1090 3752 1219 3821 ἐξέπιπτε
1235 3759 1306 3810 idem
1318 3757 1354 3808 sit
1368 3758 1403 3803 at-

867 3848 920 3898 que
938 3823 968 3882 ts
991 3823 1019 3878 δ’
1041 3824 1128 3889 ἔθορε
1147 3829 1219 3894 apud
1235 3830 1346 3879 Homer.
1362 3824 1402 3875 ni.

866 3903 927 3962 Vll,
942 3901 991 3952 182
1005 3916 1061 3965 seq.
1088 3900 1134 3951 Sic
1148 3890 1295 3948 ἐκπίπτειν
1308 3898 1340 3947 ds
1352 3892 1403 3945 cal-

866 3972 936 4023 culis
951 3971 1052 4021 dicitur
1066 3970 1095 4019 iu
1106 3968 1280 4034 Xenophont.
1295 3966 1402 4017 Conviv.

868 4043 898 4101 5,
918 4042 961 4097 1ος
982 4037 1182 4089 συνεκπίπτειν
1198 4040 1227 4087 iu
1250 4036 1332 4088 simili
1351 4035 1404 4084 sero

867 4127 897 4161 re
910 4110 1020 4161 adhibet
1034 4111 1134 4162 Noster
1149 4109 1177 4170 1,
1191 4106 1252 4160 2116.
1268 4106 1351 4166 VIII,
1363 4101 1402 4155 49.

1045 4283 1111 4334 Cnr.
1128 4282 1233 4332 XXIII.

902 4378 951 4435 ἅτε
967 4379 999 4436 δὲ
1018 4382 1174 4450 τειχέοντος
1197 4400 1223 4436 ιι.
1241 4399 1264 4436 τ.
1284 4380 1320 4447 1.]
1344 4379 1405 4444 Spe·

869 4459 947 4506 etant
960 4455 1029 4508 haec
1046 4457 1080 4506 ad
1095 4472 1143 4515 ea,
1165 4470 1235 4521 qnae
1252 4465 1334 4518 supra
1348 4462 1403 4511 cap.
