<?xml version="1.0" encoding="UTF-8"?>
<!DOCTYPE html PUBLIC "-//W3C//DTD XHTML 1.0 Transitional//EN"
    "http://www.w3.org/TR/xhtml1/DTD/xhtml1-transitional.dtd">
<html xmlns="http://www.w3.org/1999/xhtml" xml:lang="en" lang="en">
 <head>
  <title>
</title>
<meta http-equiv="Content-Type" content="text/html;charset=utf-8" />
  <meta name='ocr-system' content='tesseract 3.04.00' />
  <meta name='ocr-capabilities' content='ocr_page ocr_carea ocr_par ocr_line ocrx_word'/>
</head>
<body>
  <div class='ocr_page' id='page_1' title='image "./herodotihalicar03bhgoog_0025.png"; bbox 0 0 2998 5138; ppageno 0'>
   <div class='ocr_carea' id='block_1_1' title="bbox 218 355 928 423">
    <p class='ocr_par' dir='ltr' id='par_1_1' title="bbox 218 355 928 423">
     <span class='ocr_line' id='line_1_1' title="bbox 218 355 928 423; baseline -0.008 0"><span class='ocrx_word' id='word_1_1' title='bbox 218 361 237 423; x_wconf 83' lang='lat'><em>8</em></span> <span class='ocrx_word' id='word_1_2' title='bbox 655 355 928 419; x_wconf 80' lang='lat' dir='ltr'>HERODOTI</span> 
     </span>
    </p>
   </div>
   <div class='ocr_carea' id='block_1_2' title="bbox 219 527 1365 623">
    <p class='ocr_par' dir='ltr' id='par_1_2' title="bbox 219 527 1365 623">
     <span class='ocr_line' id='line_1_2' title="bbox 219 527 1365 623; baseline -0.002 -19"><span class='ocrx_word' id='word_1_3' title='bbox 219 562 272 615; x_wconf 84' lang='grc' dir='ltr'><strong><em>τις</em></strong></span> <span class='ocrx_word' id='word_1_4' title='bbox 286 529 512 623; x_wconf 78' lang='grc' dir='ltr'><strong><em>ὀλοφύρονται</em></strong></span> <span class='ocrx_word' id='word_1_5' title='bbox 520 583 530 619; x_wconf 89' lang='grc'>,</span> <span class='ocrx_word' id='word_1_6' title='bbox 555 528 617 600; x_wconf 82' lang='grc' dir='ltr'><strong>ὅσα</strong></span> <span class='ocrx_word' id='word_1_7' title='bbox 630 558 689 619; x_wconf 91' lang='grc' dir='ltr'><strong>μιν</strong></span> <span class='ocrx_word' id='word_1_8' title='bbox 704 535 758 601; x_wconf 77' lang='grc' dir='ltr'><strong>δεῖ</strong></span> <span class='ocrx_word' id='word_1_9' title='bbox 770 534 844 601; x_wconf 81' lang='grc' dir='ltr'><strong><em>ἐπεί</em></strong></span> <span class='ocrx_word' id='word_1_10' title='bbox 855 558 890 600; x_wconf 88' lang='grc' dir='ltr'><strong>τε</strong></span> <span class='ocrx_word' id='word_1_11' title='bbox 909 531 1040 619; x_wconf 81' lang='grc' dir='ltr'><strong><em>ἐγένετο</em></strong></span> <span class='ocrx_word' id='word_1_12' title='bbox 1055 527 1247 623; x_wconf 76' lang='grc' dir='ltr'><strong><em>ἀναπλῆσαι</em></strong></span> <span class='ocrx_word' id='word_1_13' title='bbox 1265 531 1365 621; x_wconf 87' lang='grc' dir='ltr'><strong><em>ιιαιιά,</em></strong></span> 
     </span>
    </p>
   </div>
   <div class='ocr_carea' id='block_1_3' title="bbox 202 731 1370 1708">
    <p class='ocr_par' dir='ltr' id='par_1_3' title="bbox 202 731 1370 1708">
     <span class='ocr_line' id='line_1_3' title="bbox 219 731 1365 800; baseline 0 -15"><span class='ocrx_word' id='word_1_14' title='bbox 219 735 343 786; x_wconf 84' lang='lat' dir='ltr'><strong>ridetur:</strong></span> <span class='ocrx_word' id='word_1_15' title='bbox 370 748 420 783; x_wconf 90' lang='lat' dir='ltr'><strong>uec</strong></span> <span class='ocrx_word' id='word_1_16' title='bbox 444 731 601 782; x_wconf 78' lang='lat' dir='ltr'><strong>mirabimur</strong></span> <span class='ocrx_word' id='word_1_17' title='bbox 628 731 657 782; x_wconf 89' lang='lat' dir='ltr'><strong>in</strong></span> <span class='ocrx_word' id='word_1_18' title='bbox 682 734 765 796; x_wconf 75' lang='lat' dir='ltr'><strong>gente</strong></span> <span class='ocrx_word' id='word_1_19' title='bbox 814 736 889 783; x_wconf 88' lang='lat' dir='ltr'><strong>recte</strong></span> <span class='ocrx_word' id='word_1_20' title='bbox 903 746 1012 784; x_wconf 89' lang='lat' dir='ltr'><strong>monere</strong></span> <span class='ocrx_word' id='word_1_21' title='bbox 1029 731 1138 786; x_wconf 84' lang='lat' dir='ltr'><strong>videtur</strong></span> <span class='ocrx_word' id='word_1_22' title='bbox 1153 733 1172 784; x_wconf 88' lang='lat' dir='ltr'><strong>l.</strong></span> <span class='ocrx_word' id='word_1_23' title='bbox 1185 733 1204 784; x_wconf 91' lang='lat'><strong>1.</strong></span> <span class='ocrx_word' id='word_1_24' title='bbox 1221 750 1286 800; x_wconf 75' lang='lat' dir='ltr'><strong>pag.</strong></span> <span class='ocrx_word' id='word_1_25' title='bbox 1301 733 1365 796; x_wconf 79' lang='lat'><strong>804,</strong></span> 
     </span>
     <span class='ocr_line' id='line_1_4' title="bbox 220 800 1366 869; baseline -0.003 -13"><span class='ocrx_word' id='word_1_26' title='bbox 220 805 282 857; x_wconf 90' lang='lat' dir='ltr'><strong>rudi</strong></span> <span class='ocrx_word' id='word_1_27' title='bbox 291 809 374 869; x_wconf 88' lang='lat' dir='ltr'><strong>atque</strong></span> <span class='ocrx_word' id='word_1_28' title='bbox 384 803 499 863; x_wconf 86' lang='lat' dir='ltr'><strong>inculta,</strong></span> <span class='ocrx_word' id='word_1_29' title='bbox 513 800 620 866; x_wconf 86' lang='lat' dir='ltr'><strong>qualem</strong></span> <span class='ocrx_word' id='word_1_30' title='bbox 630 800 764 850; x_wconf 83' lang='lat' dir='ltr'><strong>Thraciae</strong></span> <span class='ocrx_word' id='word_1_31' title='bbox 816 808 924 855; x_wconf 85' lang='lat' dir='ltr'><strong>veteres</strong></span> <span class='ocrx_word' id='word_1_32' title='bbox 949 801 1154 868; x_wconf 83' lang='lat' dir='ltr'><strong>ethnographos</strong></span> <span class='ocrx_word' id='word_1_33' title='bbox 1179 808 1207 855; x_wconf 91' lang='lat' dir='ltr'><strong>et</strong></span> <span class='ocrx_word' id='word_1_34' title='bbox 1234 802 1366 868; x_wconf 75' lang='grc' dir='ltr'><strong><em>νομίμων</em></strong></span> 
     </span>
     <span class='ocr_line' id='line_1_5' title="bbox 221 869 1367 941; baseline -0.003 -15"><span class='ocrx_word' id='word_1_35' title='bbox 221 878 329 941; x_wconf 80' lang='lat' dir='ltr'>gentem</span> <span class='ocrx_word' id='word_1_36' title='bbox 347 872 394 923; x_wconf 87' lang='lat' dir='ltr'><strong>illa</strong></span> <span class='ocrx_word' id='word_1_37' title='bbox 414 876 506 923; x_wconf 87' lang='lat' dir='ltr'><strong>aetate</strong></span> <span class='ocrx_word' id='word_1_38' title='bbox 529 872 615 923; x_wconf 81' lang='lat' dir='ltr'><strong>fuisse</strong></span> <span class='ocrx_word' id='word_1_39' title='bbox 635 869 766 921; x_wconf 77' lang='lat' dir='ltr'>credibile</span> <span class='ocrx_word' id='word_1_40' title='bbox 816 869 997 940; x_wconf 74' lang='grc' dir='ltr'><strong><em>βαρβαρικόν</em></strong></span> <span class='ocrx_word' id='word_1_41' title='bbox 1016 872 1163 926; x_wconf 69' lang='lat' dir='ltr'>collatores</span> <span class='ocrx_word' id='word_1_42' title='bbox 1181 875 1304 939; x_wconf 80' lang='lat' dir='ltr'><strong>gentium</strong></span> <span class='ocrx_word' id='word_1_43' title='bbox 1320 890 1367 926; x_wconf 86' lang='lat' dir='ltr'><strong>ex·</strong></span> 
     </span>
     <span class='ocr_line' id='line_1_6' title="bbox 202 940 1366 1011; baseline -0.001 -15"><span class='ocrx_word' id='word_1_44' title='bbox 202 950 278 1008; x_wconf 76' lang='lat' dir='ltr'><strong>est,</strong></span> <span class='ocrx_word' id='word_1_45' title='bbox 303 958 364 995; x_wconf 85' lang='lat' dir='ltr'><strong>eam</strong></span> <span class='ocrx_word' id='word_1_46' title='bbox 383 943 416 993; x_wconf 87' lang='lat' dir='ltr'><strong>de</strong></span> <span class='ocrx_word' id='word_1_47' title='bbox 437 943 551 993; x_wconf 89' lang='lat' dir='ltr'><strong>mortuis</strong></span> <span class='ocrx_word' id='word_1_48' title='bbox 573 940 686 1004; x_wconf 88' lang='lat' dir='ltr'><strong>reperiri</strong></span> <span class='ocrx_word' id='word_1_49' title='bbox 706 954 766 1004; x_wconf 91' lang='lat' dir='ltr'><strong>per·</strong></span> <span class='ocrx_word' id='word_1_50' title='bbox 816 950 938 994; x_wconf 85' lang='lat' dir='ltr'><strong>terarum</strong></span> <span class='ocrx_word' id='word_1_51' title='bbox 964 943 1094 992; x_wconf 81' lang='lat' dir='ltr'><strong>instituta</strong></span> <span class='ocrx_word' id='word_1_52' title='bbox 1113 958 1244 1011; x_wconf 84' lang='lat' dir='ltr'><strong>persaepe</strong></span> <span class='ocrx_word' id='word_1_53' title='bbox 1264 960 1297 995; x_wconf 88' lang='lat' dir='ltr'><strong>ex</strong></span> <span class='ocrx_word' id='word_1_54' title='bbox 1316 959 1366 995; x_wconf 87' lang='lat' dir='ltr'><strong>sno</strong></span> 
     </span>
     <span class='ocr_line' id='line_1_7' title="bbox 222 1009 1368 1079; baseline 0 -15"><span class='ocrx_word' id='word_1_55' title='bbox 222 1014 391 1075; x_wconf 71' lang='lat' dir='ltr'><strong>suasionem,</strong></span> <span class='ocrx_word' id='word_1_56' title='bbox 411 1028 478 1078; x_wconf 88' lang='lat' dir='ltr'><strong>quae</strong></span> <span class='ocrx_word' id='word_1_57' title='bbox 496 1012 543 1061; x_wconf 83' lang='lat' dir='ltr'><strong>vix</strong></span> <span class='ocrx_word' id='word_1_58' title='bbox 557 1010 631 1076; x_wconf 86' lang='lat' dir='ltr'><strong>apud</strong></span> <span class='ocrx_word' id='word_1_59' title='bbox 645 1009 767 1060; x_wconf 86' lang='lat' dir='ltr'><strong>cultissi-</strong></span> <span class='ocrx_word' id='word_1_60' title='bbox 817 1028 900 1065; x_wconf 89' lang='lat' dir='ltr'><strong>sensu</strong></span> <span class='ocrx_word' id='word_1_61' title='bbox 913 1014 1108 1077; x_wconf 86' lang='lat' dir='ltr'><strong>interpretatos</strong></span> <span class='ocrx_word' id='word_1_62' title='bbox 1122 1030 1182 1065; x_wconf 89' lang='lat' dir='ltr'><strong>esse</strong></span> <span class='ocrx_word' id='word_1_63' title='bbox 1199 1013 1368 1079; x_wconf 86' lang='lat' dir='ltr'><strong>eandemque</strong></span> 
     </span>
     <span class='ocr_line' id='line_1_8' title="bbox 222 1079 1367 1149; baseline -0.001 -15"><span class='ocrx_word' id='word_1_64' title='bbox 222 1099 281 1134; x_wconf 87' lang='lat' dir='ltr'><strong>rnos</strong></span> <span class='ocrx_word' id='word_1_65' title='bbox 293 1098 415 1149; x_wconf 83' lang='lat' dir='ltr'><strong>quosque</strong></span> <span class='ocrx_word' id='word_1_66' title='bbox 424 1080 497 1134; x_wconf 89' lang='lat' dir='ltr'><strong>illius</strong></span> <span class='ocrx_word' id='word_1_67' title='bbox 507 1079 637 1145; x_wconf 84' lang='lat' dir='ltr'><strong>temporis</strong></span> <span class='ocrx_word' id='word_1_68' title='bbox 646 1081 767 1131; x_wconf 83' lang='lat' dir='ltr'><strong>Graecos</strong></span> <span class='ocrx_word' id='word_1_69' title='bbox 818 1083 974 1134; x_wconf 88' lang='lat' dir='ltr'><strong>cautionem</strong></span> <span class='ocrx_word' id='word_1_70' title='bbox 987 1084 1016 1133; x_wconf 92' lang='lat' dir='ltr'><strong>in</strong></span> <span class='ocrx_word' id='word_1_71' title='bbox 1028 1082 1168 1136; x_wconf 80' lang='lat' dir='ltr'>Herodoto</span> <span class='ocrx_word' id='word_1_72' title='bbox 1183 1083 1367 1134; x_wconf 86' lang='lat' dir='ltr'><strong>adhibendam</strong></span> 
     </span>
     <span class='ocr_line' id='line_1_9' title="bbox 222 1149 1368 1218; baseline -0.01 -13"><span class='ocrx_word' id='word_1_73' title='bbox 222 1154 345 1205; x_wconf 89' lang='lat' dir='ltr'><strong>homines</strong></span> <span class='ocrx_word' id='word_1_74' title='bbox 355 1152 515 1212; x_wconf 83' lang='lat' dir='ltr'><strong>obtinuerit;</strong></span> <span class='ocrx_word' id='word_1_75' title='bbox 527 1150 637 1200; x_wconf 87' lang='lat' dir='ltr'><strong>videtur</strong></span> <span class='ocrx_word' id='word_1_76' title='bbox 649 1165 716 1200; x_wconf 89' lang='lat' dir='ltr'><strong>sane</strong></span> <span class='ocrx_word' id='word_1_77' title='bbox 726 1149 766 1198; x_wconf 86' lang='lat' dir='ltr'><strong>hi·</strong></span> <span class='ocrx_word' id='word_1_78' title='bbox 817 1170 894 1216; x_wconf 72' lang='lat' dir='ltr'><strong>esso,</strong></span> <span class='ocrx_word' id='word_1_79' title='bbox 915 1168 976 1202; x_wconf 85' lang='lat' dir='ltr'><strong>enm</strong></span> <span class='ocrx_word' id='word_1_80' title='bbox 995 1156 1156 1218; x_wconf 67' lang='lat' dir='ltr'><strong>praesertim</strong></span> <span class='ocrx_word' id='word_1_81' title='bbox 1176 1159 1299 1217; x_wconf 63' lang='lat' dir='ltr'><strong>constet,</strong></span> <span class='ocrx_word' id='word_1_82' title='bbox 1319 1153 1368 1204; x_wconf 74' lang='lat' dir='ltr'><strong>ho.</strong></span> 
     </span>
     <span class='ocr_line' id='line_1_10' title="bbox 224 1220 1367 1288; baseline -0.002 -12"><span class='ocrx_word' id='word_1_83' title='bbox 224 1224 328 1276; x_wconf 83' lang='lat' dir='ltr'><strong>ctoriae</strong></span> <span class='ocrx_word' id='word_1_84' title='bbox 338 1228 433 1288; x_wconf 87' lang='lat' dir='ltr'><strong>pater,</strong></span> <span class='ocrx_word' id='word_1_85' title='bbox 445 1236 516 1286; x_wconf 87' lang='lat' dir='ltr'><strong>quae</strong></span> <span class='ocrx_word' id='word_1_86' title='bbox 526 1235 577 1271; x_wconf 91' lang='lat' dir='ltr'><strong>sua</strong></span> <span class='ocrx_word' id='word_1_87' title='bbox 586 1221 672 1284; x_wconf 90' lang='lat' dir='ltr'><strong>ipsius</strong></span> <span class='ocrx_word' id='word_1_88' title='bbox 686 1220 768 1269; x_wconf 87' lang='lat' dir='ltr'><strong>adeo·</strong></span> <span class='ocrx_word' id='word_1_89' title='bbox 818 1224 919 1273; x_wconf 86' lang='lat' dir='ltr'><strong>minum</strong></span> <span class='ocrx_word' id='word_1_90' title='bbox 947 1223 1065 1273; x_wconf 80' lang='lat' dir='ltr'><strong>ferorum</strong></span> <span class='ocrx_word' id='word_1_91' title='bbox 1086 1224 1207 1275; x_wconf 86' lang='lat' dir='ltr'><strong>lamenta</strong></span> <span class='ocrx_word' id='word_1_92' title='bbox 1229 1230 1257 1275; x_wconf 88' lang='lat' dir='ltr'><strong>et</strong></span> <span class='ocrx_word' id='word_1_93' title='bbox 1278 1223 1367 1274; x_wconf 89' lang='lat' dir='ltr'><strong>iubila</strong></span> 
     </span>
     <span class='ocr_line' id='line_1_11' title="bbox 224 1289 1368 1363; baseline -0.01 -19"><span class='ocrx_word' id='word_1_94' title='bbox 224 1304 276 1359; x_wconf 82' lang='lat' dir='ltr'><strong>que</strong></span> <span class='ocrx_word' id='word_1_95' title='bbox 287 1292 409 1357; x_wconf 83' lang='lat' dir='ltr'><strong>vulgaris</strong></span> <span class='ocrx_word' id='word_1_96' title='bbox 420 1291 494 1341; x_wconf 90' lang='lat' dir='ltr'><strong>illius</strong></span> <span class='ocrx_word' id='word_1_97' title='bbox 504 1290 604 1341; x_wconf 88' lang='lat' dir='ltr'><strong>aetatis</strong></span> <span class='ocrx_word' id='word_1_98' title='bbox 616 1289 700 1340; x_wconf 79' lang='lat' dir='ltr'><strong>fuerit</strong></span> <span class='ocrx_word' id='word_1_99' title='bbox 711 1289 768 1353; x_wconf 88' lang='lat' dir='ltr'><strong>opi·</strong></span> <span class='ocrx_word' id='word_1_100' title='bbox 818 1298 877 1344; x_wconf 84' lang='lat' dir='ltr'><strong>tam</strong></span> <span class='ocrx_word' id='word_1_101' title='bbox 889 1292 943 1343; x_wconf 86' lang='lat' dir='ltr'><strong>sibi</strong></span> <span class='ocrx_word' id='word_1_102' title='bbox 955 1291 1036 1343; x_wconf 79' lang='lat' dir='ltr'><strong>simili</strong></span> <span class='ocrx_word' id='word_1_103' title='bbox 1046 1291 1152 1344; x_wconf 81' lang='lat' dir='ltr'><strong>barritu</strong></span> <span class='ocrx_word' id='word_1_104' title='bbox 1163 1293 1266 1363; x_wconf 82' lang='lat' dir='ltr'><strong>efferri,</strong></span> <span class='ocrx_word' id='word_1_105' title='bbox 1281 1298 1314 1343; x_wconf 87' lang='lat' dir='ltr'><strong>nt</strong></span> <span class='ocrx_word' id='word_1_106' title='bbox 1327 1292 1368 1344; x_wconf 75' lang='lat' dir='ltr'><strong>lu.</strong></span> 
     </span>
     <span class='ocr_line' id='line_1_12' title="bbox 224 1360 1370 1430; baseline -0.003 -16"><span class='ocrx_word' id='word_1_107' title='bbox 224 1363 270 1414; x_wconf 87' lang='lat' dir='ltr'><strong>nio</strong></span> <span class='ocrx_word' id='word_1_108' title='bbox 282 1363 316 1413; x_wconf 89' lang='lat' dir='ltr'><strong>de</strong></span> <span class='ocrx_word' id='word_1_109' title='bbox 328 1362 442 1412; x_wconf 88' lang='lat' dir='ltr'><strong>mortuis</strong></span> <span class='ocrx_word' id='word_1_110' title='bbox 452 1365 670 1425; x_wconf 88' lang='lat' dir='ltr'><strong>mortuorumque</strong></span> <span class='ocrx_word' id='word_1_111' title='bbox 683 1362 768 1421; x_wconf 86' lang='lat' dir='ltr'><strong>statu,</strong></span> <span class='ocrx_word' id='word_1_112' title='bbox 820 1367 904 1430; x_wconf 76' lang='lat' dir='ltr'><strong>geant</strong></span> <span class='ocrx_word' id='word_1_113' title='bbox 921 1377 958 1412; x_wconf 91' lang='lat' dir='ltr'><strong>an</strong></span> <span class='ocrx_word' id='word_1_114' title='bbox 977 1360 1127 1426; x_wconf 83' lang='lat' dir='ltr'><strong>laetentur,</strong></span> <span class='ocrx_word' id='word_1_115' title='bbox 1149 1379 1232 1428; x_wconf 87' lang='lat' dir='ltr'><strong>saepe</strong></span> <span class='ocrx_word' id='word_1_116' title='bbox 1243 1363 1370 1429; x_wconf 79' lang='lat' dir='ltr'><strong>dignosci</strong></span> 
     </span>
     <span class='ocr_line' id='line_1_13' title="bbox 225 1428 1369 1501; baseline -0.001 -18"><span class='ocrx_word' id='word_1_117' title='bbox 225 1432 260 1483; x_wconf 91' lang='lat' dir='ltr'><strong>ad</strong></span> <span class='ocrx_word' id='word_1_118' title='bbox 284 1431 422 1483; x_wconf 84' lang='lat' dir='ltr'><strong>Thraciae</strong></span> <span class='ocrx_word' id='word_1_119' title='bbox 451 1434 560 1495; x_wconf 81' lang='lat' dir='ltr'><strong>gentem</strong></span> <span class='ocrx_word' id='word_1_120' title='bbox 584 1428 770 1501; x_wconf 71' lang='lat' dir='ltr'><strong>transtulisse,</strong></span> <span class='ocrx_word' id='word_1_121' title='bbox 821 1436 948 1497; x_wconf 87' lang='lat' dir='ltr'><strong>nequeat.</strong></span> <span class='ocrx_word' id='word_1_122' title='bbox 969 1431 1045 1481; x_wconf 86' lang='lat' dir='ltr'><strong>Idem</strong></span> <span class='ocrx_word' id='word_1_123' title='bbox 1055 1434 1153 1483; x_wconf 89' lang='lat' dir='ltr'><strong>similis</strong></span> <span class='ocrx_word' id='word_1_124' title='bbox 1163 1434 1245 1484; x_wconf 90' lang='lat' dir='ltr'><strong>moris</strong></span> <span class='ocrx_word' id='word_1_125' title='bbox 1256 1436 1369 1484; x_wconf 86' lang='lat' dir='ltr'><strong>rituum·</strong></span> 
     </span>
     <span class='ocr_line' id='line_1_14' title="bbox 225 1497 1369 1569; baseline -0.009 -16"><span class='ocrx_word' id='word_1_126' title='bbox 225 1502 299 1567; x_wconf 87' lang='lat' dir='ltr'><strong>apud</strong></span> <span class='ocrx_word' id='word_1_127' title='bbox 306 1517 387 1566; x_wconf 89' lang='lat' dir='ltr'><strong>quam</strong></span> <span class='ocrx_word' id='word_1_128' title='bbox 397 1501 514 1552; x_wconf 76' lang='lat' dir='ltr'><strong>forsitan</strong></span> <span class='ocrx_word' id='word_1_129' title='bbox 524 1499 593 1549; x_wconf 90' lang='lat' dir='ltr'><strong>ritus</strong></span> <span class='ocrx_word' id='word_1_130' title='bbox 604 1498 692 1549; x_wconf 89' lang='lat' dir='ltr'><strong>simile</strong></span> <span class='ocrx_word' id='word_1_131' title='bbox 706 1497 770 1562; x_wconf 87' lang='lat' dir='ltr'><strong>quid</strong></span> <span class='ocrx_word' id='word_1_132' title='bbox 822 1519 873 1568; x_wconf 90' lang='lat' dir='ltr'><strong>que</strong></span> <span class='ocrx_word' id='word_1_133' title='bbox 887 1500 1011 1566; x_wconf 84' lang='lat' dir='ltr'><strong>exempla</strong></span> <span class='ocrx_word' id='word_1_134' title='bbox 1023 1503 1103 1554; x_wconf 80' lang='lat' dir='ltr'><strong>affert</strong></span> <span class='ocrx_word' id='word_1_135' title='bbox 1119 1521 1133 1554; x_wconf 89' lang='lat' dir='ltr'><strong>e</strong></span> <span class='ocrx_word' id='word_1_136' title='bbox 1145 1503 1293 1569; x_wconf 81' lang='lat' dir='ltr'><strong>Nigrorum</strong></span> <span class='ocrx_word' id='word_1_137' title='bbox 1304 1518 1369 1569; x_wconf 74' lang='lat' dir='ltr'><strong>gen.</strong></span> 
     </span>
     <span class='ocr_line' id='line_1_15' title="bbox 225 1566 1370 1639; baseline 0.001 -17"><span class='ocrx_word' id='word_1_138' title='bbox 225 1572 380 1622; x_wconf 89' lang='lat' dir='ltr'><strong>indioantes</strong></span> <span class='ocrx_word' id='word_1_139' title='bbox 400 1570 643 1635; x_wconf 67' lang='lat' dir='ltr'><strong>caeremoniasque</strong></span> <span class='ocrx_word' id='word_1_140' title='bbox 667 1566 770 1618; x_wconf 88' lang='lat' dir='ltr'><strong>similes</strong></span> <span class='ocrx_word' id='word_1_141' title='bbox 822 1573 897 1621; x_wconf 89' lang='lat' dir='ltr'><strong>tibus</strong></span> <span class='ocrx_word' id='word_1_142' title='bbox 914 1570 1111 1639; x_wconf 75' lang='lat' dir='ltr'><strong>Americaeqbe</strong></span> <span class='ocrx_word' id='word_1_143' title='bbox 1134 1575 1292 1624; x_wconf 89' lang='lat' dir='ltr'><strong>nationibus</strong></span> <span class='ocrx_word' id='word_1_144' title='bbox 1312 1589 1370 1623; x_wconf 86' lang='lat' dir='ltr'><strong>ma·</strong></span> 
     </span>
     <span class='ocr_line' id='line_1_16' title="bbox 226 1638 1369 1708; baseline 0.003 -17"><span class='ocrx_word' id='word_1_145' title='bbox 226 1642 438 1704; x_wconf 81' lang='lat' dir='ltr'><strong>observaverat,</strong></span> <span class='ocrx_word' id='word_1_146' title='bbox 456 1657 471 1694; x_wconf 89' lang='lat' dir='ltr'><strong>e</strong></span> <span class='ocrx_word' id='word_1_147' title='bbox 486 1640 576 1705; x_wconf 89' lang='lat' dir='ltr'><strong>prisco</strong></span> <span class='ocrx_word' id='word_1_148' title='bbox 589 1638 636 1689; x_wconf 91' lang='lat' dir='ltr'><strong>illo</strong></span> <span class='ocrx_word' id='word_1_149' title='bbox 650 1643 771 1703; x_wconf 89' lang='lat' dir='ltr'><strong>tempore</strong></span> <span class='ocrx_word' id='word_1_150' title='bbox 822 1643 895 1692; x_wconf 83' lang='lat' dir='ltr'><strong>xime</strong></span> <span class='ocrx_word' id='word_1_151' title='bbox 916 1640 1039 1691; x_wconf 87' lang='lat' dir='ltr'><strong>rudibus.</strong></span> <span class='ocrx_word' id='word_1_152' title='bbox 1077 1644 1119 1694; x_wconf 92' lang='lat' dir='ltr'><strong>De</strong></span> <span class='ocrx_word' id='word_1_153' title='bbox 1137 1643 1257 1693; x_wconf 87' lang='lat' dir='ltr'><strong>Thracia</strong></span> <span class='ocrx_word' id='word_1_154' title='bbox 1275 1646 1369 1708; x_wconf 75' lang='lat' dir='ltr'><strong>gente,</strong></span> 
     </span>
    </p>
   </div>
   <div class='ocr_carea' id='block_1_4' title="bbox 138 1706 1369 1779">
    <p class='ocr_par' dir='ltr' id='par_1_4' title="bbox 138 1706 1369 1779">
     <span class='ocr_line' id='line_1_17' title="bbox 138 1706 1369 1779; baseline 0 -16"><span class='ocrx_word' id='word_1_155' title='bbox 138 1740 183 1779; x_wconf 42' lang='lat' dir='ltr'><strong>s,</strong></span> <span class='ocrx_word' id='word_1_156' title='bbox 225 1710 402 1776; x_wconf 87' lang='lat' dir='ltr'><strong>repetendas,</strong></span> <span class='ocrx_word' id='word_1_157' title='bbox 426 1725 478 1776; x_wconf 92' lang='lat' dir='ltr'><strong>quo</strong></span> <span class='ocrx_word' id='word_1_158' title='bbox 497 1706 619 1773; x_wconf 84' lang='lat' dir='ltr'><strong>reliquae</strong></span> <span class='ocrx_word' id='word_1_159' title='bbox 637 1708 771 1758; x_wconf 74' lang='lat' dir='ltr'><strong>Graeciae</strong></span> <span class='ocrx_word' id='word_1_160' title='bbox 822 1710 894 1776; x_wconf 78' lang='lat' dir='ltr'><strong>apud</strong></span> <span class='ocrx_word' id='word_1_161' title='bbox 909 1725 991 1776; x_wconf 90' lang='lat' dir='ltr'><strong>quam</strong></span> <span class='ocrx_word' id='word_1_162' title='bbox 1009 1712 1079 1761; x_wconf 91' lang='lat' dir='ltr'><strong>talia</strong></span> <span class='ocrx_word' id='word_1_163' title='bbox 1095 1711 1244 1764; x_wconf 86' lang='lat' dir='ltr'><strong>invaluisse</strong></span> <span class='ocrx_word' id='word_1_164' title='bbox 1259 1713 1369 1763; x_wconf 87' lang='lat' dir='ltr'><strong>aitHe-</strong></span> 
     </span>
    </p>
   </div>
   <div class='ocr_carea' id='block_1_5' title="bbox 226 1777 1373 3942">
    <p class='ocr_par' dir='ltr' id='par_1_5' title="bbox 226 1777 1372 2959">
     <span class='ocr_line' id='line_1_18' title="bbox 226 1777 1368 1843; baseline 0.003 -12"><span class='ocrx_word' id='word_1_165' title='bbox 226 1781 349 1831; x_wconf 84' lang='lat' dir='ltr'><strong>Thraces</strong></span> <span class='ocrx_word' id='word_1_166' title='bbox 375 1779 451 1830; x_wconf 85' lang='lat' dir='ltr'><strong>cultu</strong></span> <span class='ocrx_word' id='word_1_167' title='bbox 479 1779 553 1829; x_wconf 90' lang='lat' dir='ltr'><strong>omni</strong></span> <span class='ocrx_word' id='word_1_168' title='bbox 583 1794 616 1828; x_wconf 90' lang='lat' dir='ltr'><strong>ac</strong></span> <span class='ocrx_word' id='word_1_169' title='bbox 646 1777 772 1827; x_wconf 82' lang='lat' dir='ltr'><strong>doctrine</strong></span> <span class='ocrx_word' id='word_1_170' title='bbox 822 1779 1256 1843; x_wconf 83' lang='lat' dir='ltr'><strong>rodotus,testsnturArnobius:</strong></span> <span class='ocrx_word' id='word_1_171' title='bbox 1270 1781 1368 1836; x_wconf 81' lang='lat' dir='ltr'><strong>Defld.</strong></span> 
     </span>
     <span class='ocr_line' id='line_1_19' title="bbox 226 1847 1368 1917; baseline 0.002 -17"><span class='ocrx_word' id='word_1_172' title='bbox 226 1850 413 1916; x_wconf 74' lang='lat' dir='ltr'><strong>praestitisse,</strong></span> <span class='ocrx_word' id='word_1_173' title='bbox 426 1850 515 1899; x_wconf 88' lang='lat' dir='ltr'><strong>sacris</strong></span> <span class='ocrx_word' id='word_1_174' title='bbox 526 1847 689 1899; x_wconf 83' lang='lat' dir='ltr'><strong>excelluisse</strong></span> <span class='ocrx_word' id='word_1_175' title='bbox 702 1847 772 1899; x_wconf 83' lang='lat' dir='ltr'><strong>rsti-</strong></span> <span class='ocrx_word' id='word_1_176' title='bbox 822 1854 968 1901; x_wconf 88' lang='lat' dir='ltr'><strong>resurrect.</strong></span> <span class='ocrx_word' id='word_1_177' title='bbox 984 1851 1018 1904; x_wconf 90' lang='grc' dir='ltr'><strong>Τ.</strong></span> <span class='ocrx_word' id='word_1_178' title='bbox 1033 1851 1084 1902; x_wconf 88' lang='lat'>111.</span> <span class='ocrx_word' id='word_1_179' title='bbox 1098 1867 1125 1917; x_wconf 93' lang='lat' dir='ltr'><strong>p.</strong></span> <span class='ocrx_word' id='word_1_180' title='bbox 1136 1855 1171 1903; x_wconf 72' lang='lat'><strong>24</strong></span> <span class='ocrx_word' id='word_1_181' title='bbox 1185 1855 1227 1914; x_wconf 93' lang='lat' dir='ltr'><strong>et,</strong></span> <span class='ocrx_word' id='word_1_182' title='bbox 1244 1852 1368 1904; x_wconf 67' lang='lat' dir='ltr'><strong>Herodo-</strong></span> 
     </span>
     <span class='ocr_line' id='line_1_20' title="bbox 226 1915 1367 1986; baseline 0.002 -16"><span class='ocrx_word' id='word_1_183' title='bbox 226 1921 332 1985; x_wconf 89' lang='lat' dir='ltr'><strong>busque</strong></span> <span class='ocrx_word' id='word_1_184' title='bbox 345 1919 452 1968; x_wconf 84' lang='lat' dir='ltr'><strong>eximiis</strong></span> <span class='ocrx_word' id='word_1_185' title='bbox 467 1916 623 1968; x_wconf 87' lang='lat' dir='ltr'><strong>abundasse</strong></span> <span class='ocrx_word' id='word_1_186' title='bbox 637 1915 770 1969; x_wconf 83' lang='lat' dir='ltr'><strong>seruntur.</strong></span> <span class='ocrx_word' id='word_1_187' title='bbox 822 1925 881 1981; x_wconf 79' lang='lat' dir='ltr'><strong>tea,</strong></span> <span class='ocrx_word' id='word_1_188' title='bbox 899 1921 1011 1984; x_wconf 85' lang='lat' dir='ltr'><strong>opibor,</strong></span> <span class='ocrx_word' id='word_1_189' title='bbox 1030 1922 1180 1986; x_wconf 87' lang='lat' dir='ltr'><strong>respiciens</strong></span> <span class='ocrx_word' id='word_1_190' title='bbox 1194 1921 1268 1972; x_wconf 82' lang='lat' dir='ltr'><strong>Mela</strong></span> <span class='ocrx_word' id='word_1_191' title='bbox 1282 1921 1328 1985; x_wconf 93' lang='lat' dir='ltr'><strong>ll,</strong></span> <span class='ocrx_word' id='word_1_192' title='bbox 1342 1924 1367 1972; x_wconf 77' lang='lat'><strong>2.</strong></span> 
     </span>
     <span class='ocr_line' id='line_1_21' title="bbox 228 1986 1369 2053; baseline 0.002 -13"><span class='ocrx_word' id='word_1_193' title='bbox 228 1988 270 2040; x_wconf 80' lang='lat' dir='ltr'><strong>Cf.</strong></span> <span class='ocrx_word' id='word_1_194' title='bbox 284 1988 461 2039; x_wconf 84' lang='lat' dir='ltr'><strong>Hoffmeister</strong></span> <span class='ocrx_word' id='word_1_195' title='bbox 476 1986 494 2037; x_wconf 89' lang='lat'><strong>1.</strong></span> <span class='ocrx_word' id='word_1_196' title='bbox 507 1986 526 2037; x_wconf 91' lang='lat' dir='ltr'><strong>l.</strong></span> <span class='ocrx_word' id='word_1_197' title='bbox 537 2002 598 2052; x_wconf 79' lang='lat' dir='ltr'><strong>pag.</strong></span> <span class='ocrx_word' id='word_1_198' title='bbox 614 1986 663 2036; x_wconf 84' lang='grc' dir='ltr'><strong>ΗΟ</strong></span> <span class='ocrx_word' id='word_1_199' title='bbox 676 1991 703 2036; x_wconf 86' lang='lat' dir='ltr'><strong>et</strong></span> <span class='ocrx_word' id='word_1_200' title='bbox 717 1986 772 2035; x_wconf 89' lang='lat' dir='ltr'><strong>He·</strong></span> <span class='ocrx_word' id='word_1_201' title='bbox 822 1994 846 2053; x_wconf 73' lang='lat'><strong>5.</strong></span> <span class='ocrx_word' id='word_1_202' title='bbox 860 1988 889 2040; x_wconf 80' lang='lat'><strong>3:</strong></span> <span class='ocrx_word' id='word_1_203' title='bbox 914 1990 1053 2052; x_wconf 85' lang='lat' dir='ltr'><strong>„Quidam</strong></span> <span class='ocrx_word' id='word_1_204' title='bbox 1066 1992 1117 2041; x_wconf 87' lang='lat' dir='ltr'><strong>feri</strong></span> <span class='ocrx_word' id='word_1_205' title='bbox 1130 1996 1195 2041; x_wconf 87' lang='lat' dir='ltr'><strong>sunt</strong></span> <span class='ocrx_word' id='word_1_206' title='bbox 1208 1993 1284 2043; x_wconf 87' lang='lat' dir='ltr'><strong>etad</strong></span> <span class='ocrx_word' id='word_1_207' title='bbox 1299 2007 1369 2042; x_wconf 87' lang='lat' dir='ltr'><strong>mor-</strong></span> 
     </span>
     <span class='ocr_line' id='line_1_22' title="bbox 227 2054 1369 2126; baseline 0.004 -17"><span class='ocrx_word' id='word_1_208' title='bbox 227 2057 537 2121; x_wconf 77' lang='lat' dir='ltr'><strong>rod.V‚24ibiq.not.</strong></span> <span class='ocrx_word' id='word_1_209' title='bbox 565 2056 596 2105; x_wconf 82' lang='lat' dir='ltr'><strong>C.</strong></span> <span class='ocrx_word' id='word_1_210' title='bbox 611 2054 643 2105; x_wconf 89' lang='lat'><strong>0.</strong></span> <span class='ocrx_word' id='word_1_211' title='bbox 657 2055 773 2106; x_wconf 87' lang='lat' dir='ltr'><strong>Mueller</strong></span> <span class='ocrx_word' id='word_1_212' title='bbox 824 2059 1080 2123; x_wconf 77' lang='lat' dir='ltr'><strong>temperatissimi,</strong></span> <span class='ocrx_word' id='word_1_213' title='bbox 1101 2061 1308 2126; x_wconf 83' lang='lat' dir='ltr'><strong>Getaeutiqne.</strong></span> <span class='ocrx_word' id='word_1_214' title='bbox 1336 2062 1369 2113; x_wconf 88' lang='lat' dir='ltr'><strong>ld</strong></span> 
     </span>
     <span class='ocr_line' id='line_1_23' title="bbox 229 2123 1370 2195; baseline 0.004 -17"><span class='ocrx_word' id='word_1_215' title='bbox 229 2126 331 2193; x_wconf 88' lang='lat' dir='ltr'><strong>(Ueber</strong></span> <span class='ocrx_word' id='word_1_216' title='bbox 349 2126 393 2177; x_wconf 88' lang='lat' dir='ltr'><strong>die</strong></span> <span class='ocrx_word' id='word_1_217' title='bbox 404 2125 552 2176; x_wconf 85' lang='lat' dir='ltr'><strong>Makedou.</strong></span> <span class='ocrx_word' id='word_1_218' title='bbox 572 2139 637 2190; x_wconf 74' lang='lat' dir='ltr'><strong>pag.</strong></span> <span class='ocrx_word' id='word_1_219' title='bbox 653 2124 687 2176; x_wconf 78' lang='lat'><strong>58</strong></span> <span class='ocrx_word' id='word_1_220' title='bbox 700 2123 771 2189; x_wconf 88' lang='lat' dir='ltr'><strong>seq.)</strong></span> <span class='ocrx_word' id='word_1_221' title='bbox 824 2128 901 2179; x_wconf 88' lang='lat' dir='ltr'><strong>varia</strong></span> <span class='ocrx_word' id='word_1_222' title='bbox 917 2129 1010 2195; x_wconf 88' lang='lat' dir='ltr'><strong>opinio</strong></span> <span class='ocrx_word' id='word_1_223' title='bbox 1030 2130 1150 2195; x_wconf 81' lang='lat' dir='ltr'><strong>perficit3</strong></span> <span class='ocrx_word' id='word_1_224' title='bbox 1173 2129 1220 2181; x_wconf 87' lang='lat' dir='ltr'><strong>ulii</strong></span> <span class='ocrx_word' id='word_1_225' title='bbox 1231 2131 1370 2182; x_wconf 89' lang='lat' dir='ltr'><strong>redituras</strong></span> 
     </span>
     <span class='ocr_line' id='line_1_24' title="bbox 229 2195 1370 2264; baseline 0.004 -16"><span class='ocrx_word' id='word_1_226' title='bbox 229 2212 276 2259; x_wconf 85' lang='lat' dir='ltr'><strong>ea,</strong></span> <span class='ocrx_word' id='word_1_227' title='bbox 301 2211 372 2262; x_wconf 83' lang='lat' dir='ltr'><strong>quae</strong></span> <span class='ocrx_word' id='word_1_228' title='bbox 389 2196 423 2246; x_wconf 86' lang='lat' dir='ltr'><strong>de</strong></span> <span class='ocrx_word' id='word_1_229' title='bbox 442 2195 556 2245; x_wconf 81' lang='lat' dir='ltr'><strong>&#39;l&#39;rausis</strong></span> <span class='ocrx_word' id='word_1_230' title='bbox 580 2209 676 2245; x_wconf 87' lang='lat' dir='ltr'><strong>recens</strong></span> <span class='ocrx_word' id='word_1_231' title='bbox 693 2200 773 2244; x_wconf 88' lang='lat' dir='ltr'><strong>natos</strong></span> <span class='ocrx_word' id='word_1_232' title='bbox 825 2201 925 2264; x_wconf 88' lang='lat' dir='ltr'><strong>putant</strong></span> <span class='ocrx_word' id='word_1_233' title='bbox 936 2199 1042 2249; x_wconf 89' lang='lat' dir='ltr'><strong>animas</strong></span> <span class='ocrx_word' id='word_1_234' title='bbox 1057 2201 1229 2252; x_wconf 87' lang='lat' dir='ltr'><strong>obeuntium:</strong></span> <span class='ocrx_word' id='word_1_235' title='bbox 1254 2200 1303 2252; x_wconf 87' lang='lat' dir='ltr'><strong>alii</strong></span> <span class='ocrx_word' id='word_1_236' title='bbox 1315 2202 1370 2252; x_wconf 90' lang='lat' dir='ltr'><strong>etsi</strong></span> 
     </span>
     <span class='ocr_line' id='line_1_25' title="bbox 228 2264 1370 2337; baseline 0.004 -20"><span class='ocrx_word' id='word_1_237' title='bbox 228 2266 384 2332; x_wconf 75' lang='lat' dir='ltr'><strong>lugentibus</strong></span> <span class='ocrx_word' id='word_1_238' title='bbox 401 2281 434 2316; x_wconf 84' lang='lat' dir='ltr'><strong>ac</strong></span> <span class='ocrx_word' id='word_1_239' title='bbox 451 2264 549 2315; x_wconf 88' lang='lat' dir='ltr'><strong>deinde</strong></span> <span class='ocrx_word' id='word_1_240' title='bbox 566 2264 599 2315; x_wconf 90' lang='lat' dir='ltr'><strong>de</strong></span> <span class='ocrx_word' id='word_1_241' title='bbox 620 2264 728 2314; x_wconf 86' lang='lat' dir='ltr'><strong>feminis</strong></span> <span class='ocrx_word' id='word_1_242' title='bbox 746 2265 775 2314; x_wconf 91' lang='lat' dir='ltr'><strong>in</strong></span> <span class='ocrx_word' id='word_1_243' title='bbox 826 2283 880 2319; x_wconf 92' lang='lat' dir='ltr'><strong>non</strong></span> <span class='ocrx_word' id='word_1_244' title='bbox 902 2268 1029 2329; x_wconf 88' lang='lat' dir='ltr'><strong>redeant,</strong></span> <span class='ocrx_word' id='word_1_245' title='bbox 1050 2285 1105 2320; x_wconf 90' lang='lat' dir='ltr'><strong>uon</strong></span> <span class='ocrx_word' id='word_1_246' title='bbox 1125 2272 1248 2337; x_wconf 73' lang='lat' dir='ltr'><strong>extingui</strong></span> <span class='ocrx_word' id='word_1_247' title='bbox 1266 2275 1370 2335; x_wconf 67' lang='lat' dir='ltr'><strong>umen,</strong></span> 
     </span>
     <span class='ocr_line' id='line_1_26' title="bbox 230 2334 1371 2392; baseline 0.004 -5"><span class='ocrx_word' id='word_1_248' title='bbox 230 2336 322 2387; x_wconf 88' lang='lat' dir='ltr'><strong>mariti</strong></span> <span class='ocrx_word' id='word_1_249' title='bbox 343 2334 446 2386; x_wconf 87' lang='lat' dir='ltr'><strong>tumulo</strong></span> <span class='ocrx_word' id='word_1_250' title='bbox 474 2334 602 2389; x_wconf 88' lang='lat' dir='ltr'><strong>mactatis</strong></span> <span class='ocrx_word' id='word_1_251' title='bbox 618 2334 775 2385; x_wconf 88' lang='lat' dir='ltr'><strong>Herodotus</strong></span> <span class='ocrx_word' id='word_1_252' title='bbox 827 2338 875 2389; x_wconf 88' lang='lat' dir='ltr'><strong>sed</strong></span> <span class='ocrx_word' id='word_1_253' title='bbox 886 2338 920 2387; x_wconf 88' lang='lat' dir='ltr'><strong>ad</strong></span> <span class='ocrx_word' id='word_1_254' title='bbox 934 2338 1060 2390; x_wconf 90' lang='lat' dir='ltr'><strong>beatiora</strong></span> <span class='ocrx_word' id='word_1_255' title='bbox 1074 2342 1204 2392; x_wconf 86' lang='lat' dir='ltr'><strong>transire:</strong></span> <span class='ocrx_word' id='word_1_256' title='bbox 1224 2340 1272 2391; x_wconf 88' lang='lat' dir='ltr'><strong>alii</strong></span> <span class='ocrx_word' id='word_1_257' title='bbox 1284 2344 1371 2392; x_wconf 86' lang='lat' dir='ltr'><strong>emori</strong></span> 
     </span>
     <span class='ocr_line' id='line_1_27' title="bbox 229 2403 1372 2476; baseline 0.003 -19"><span class='ocrx_word' id='word_1_258' title='bbox 229 2405 390 2471; x_wconf 69' lang='lat' dir='ltr'><strong>enarratori</strong></span> <span class='ocrx_word' id='word_1_259' title='bbox 399 2405 540 2471; x_wconf 87' lang='lat' dir='ltr'><strong>opiniones</strong></span> <span class='ocrx_word' id='word_1_260' title='bbox 546 2403 775 2468; x_wconf 82' lang='lat' dir='ltr'><strong>Graecisquidem</strong></span> <span class='ocrx_word' id='word_1_261' title='bbox 826 2408 947 2473; x_wconf 73' lang='lat' dir='ltr'><strong>quidem,</strong></span> <span class='ocrx_word' id='word_1_262' title='bbox 963 2408 1012 2459; x_wconf 89' lang='lat' dir='ltr'><strong>sed</strong></span> <span class='ocrx_word' id='word_1_263' title='bbox 1021 2410 1048 2459; x_wconf 86' lang='lat' dir='ltr'><strong>id</strong></span> <span class='ocrx_word' id='word_1_264' title='bbox 1062 2408 1227 2462; x_wconf 83' lang='lat' dir='ltr'><strong>melinaesse</strong></span> <span class='ocrx_word' id='word_1_265' title='bbox 1236 2424 1317 2476; x_wconf 90' lang='lat' dir='ltr'><strong>qnam</strong></span> <span class='ocrx_word' id='word_1_266' title='bbox 1330 2413 1372 2461; x_wconf 81' lang='lat' dir='ltr'><strong>vi-</strong></span> 
     </span>
     <span class='ocr_line' id='line_1_28' title="bbox 230 2474 1371 2547; baseline 0.004 -20"><span class='ocrx_word' id='word_1_267' title='bbox 230 2475 350 2540; x_wconf 89' lang='lat' dir='ltr'><strong>alicnas,</strong></span> <span class='ocrx_word' id='word_1_268' title='bbox 378 2476 426 2528; x_wconf 87' lang='lat' dir='ltr'><strong>sed</strong></span> <span class='ocrx_word' id='word_1_269' title='bbox 443 2489 492 2540; x_wconf 88' lang='lat' dir='ltr'><strong>per</strong></span> <span class='ocrx_word' id='word_1_270' title='bbox 509 2474 641 2526; x_wconf 87' lang='lat' dir='ltr'><strong>orientem</strong></span> <span class='ocrx_word' id='word_1_271' title='bbox 660 2488 775 2539; x_wconf 87' lang='lat' dir='ltr'><strong>sparsas</strong></span> <span class='ocrx_word' id='word_1_272' title='bbox 825 2493 895 2529; x_wconf 81' lang='lat' dir='ltr'><strong>vere.</strong></span> <span class='ocrx_word' id='word_1_273' title='bbox 932 2477 1032 2543; x_wconf 88' lang='lat' dir='ltr'><strong>ltaque</strong></span> <span class='ocrx_word' id='word_1_274' title='bbox 1052 2478 1179 2545; x_wconf 80' lang='lat' dir='ltr'><strong>lugentur</strong></span> <span class='ocrx_word' id='word_1_275' title='bbox 1196 2482 1269 2546; x_wconf 86' lang='lat' dir='ltr'><strong>apud</strong></span> <span class='ocrx_word' id='word_1_276' title='bbox 1288 2496 1371 2547; x_wconf 88' lang='lat' dir='ltr'><strong>qnos-</strong></span> 
     </span>
     <span class='ocr_line' id='line_1_29' title="bbox 229 2541 1371 2616; baseline 0.005 -19"><span class='ocrx_word' id='word_1_277' title='bbox 229 2545 404 2600; x_wconf 81' lang='lat' dir='ltr'><strong>reierrivult.</strong></span> <span class='ocrx_word' id='word_1_278' title='bbox 428 2545 481 2608; x_wconf 85' lang='lat' dir='ltr'><strong>Qui</strong></span> <span class='ocrx_word' id='word_1_279' title='bbox 494 2560 558 2595; x_wconf 84' lang='lat' dir='ltr'><strong>vero</strong></span> <span class='ocrx_word' id='word_1_280' title='bbox 572 2543 671 2594; x_wconf 88' lang='lat' dir='ltr'><strong>statuit</strong></span> <span class='ocrx_word' id='word_1_281' title='bbox 683 2541 777 2607; x_wconf 72' lang='lat' dir='ltr'><strong>(Choi</strong></span> <span class='ocrx_word' id='word_1_282' title='bbox 825 2547 889 2598; x_wconf 87' lang='lat' dir='ltr'><strong>dam</strong></span> <span class='ocrx_word' id='word_1_283' title='bbox 908 2548 1065 2612; x_wconf 82' lang='lat' dir='ltr'><strong>puerperia,</strong></span> <span class='ocrx_word' id='word_1_284' title='bbox 1089 2552 1203 2616; x_wconf 86' lang='lat' dir='ltr'><strong>natique</strong></span> <span class='ocrx_word' id='word_1_285' title='bbox 1223 2550 1371 2603; x_wconf 86' lang='lat' dir='ltr'><strong>deflentur:</strong></span> 
     </span>
     <span class='ocr_line' id='line_1_30' title="bbox 230 2614 1372 2679; baseline 0.003 -11"><span class='ocrx_word' id='word_1_286' title='bbox 230 2614 422 2668; x_wconf 81' lang='lat' dir='ltr'><strong>seul-Gouffier</strong></span> <span class='ocrx_word' id='word_1_287' title='bbox 442 2615 483 2664; x_wconf 88' lang='lat' dir='ltr'><strong>in:</strong></span> <span class='ocrx_word' id='word_1_288' title='bbox 505 2615 616 2679; x_wconf 77' lang='lat' dir='ltr'><strong>Voyage</strong></span> <span class='ocrx_word' id='word_1_289' title='bbox 636 2628 669 2664; x_wconf 84' lang='lat' dir='ltr'><strong>en</strong></span> <span class='ocrx_word' id='word_1_290' title='bbox 688 2614 775 2663; x_wconf 82' lang='lat' dir='ltr'><strong>Greoe</strong></span> <span class='ocrx_word' id='word_1_291' title='bbox 824 2617 922 2669; x_wconf 83' lang='lat' dir='ltr'><strong>funera</strong></span> <span class='ocrx_word' id='word_1_292' title='bbox 941 2622 1039 2668; x_wconf 91' lang='lat' dir='ltr'><strong>contra</strong></span> <span class='ocrx_word' id='word_1_293' title='bbox 1056 2619 1130 2671; x_wconf 81' lang='lat' dir='ltr'><strong>testa</strong></span> <span class='ocrx_word' id='word_1_294' title='bbox 1154 2625 1266 2672; x_wconf 87' lang='lat' dir='ltr'><strong>suntet</strong></span> <span class='ocrx_word' id='word_1_295' title='bbox 1286 2621 1372 2673; x_wconf 82' lang='lat' dir='ltr'><strong>veluti</strong></span> 
     </span>
     <span class='ocr_line' id='line_1_31' title="bbox 230 2681 1370 2756; baseline 0.004 -19"><span class='ocrx_word' id='word_1_296' title='bbox 230 2687 325 2738; x_wconf 77' lang='lat' dir='ltr'><strong>eto&#39;l&#39;.</strong></span> <span class='ocrx_word' id='word_1_297' title='bbox 333 2682 695 2751; x_wconf 74' lang='lat' dir='ltr'><strong>lI.pag.101),Herodotum</strong></span> <span class='ocrx_word' id='word_1_298' title='bbox 707 2681 775 2732; x_wconf 84' lang='lat' dir='ltr'><strong>lraec</strong></span> <span class='ocrx_word' id='word_1_299' title='bbox 825 2702 905 2738; x_wconf 89' lang='lat' dir='ltr'><strong>sacra</strong></span> <span class='ocrx_word' id='word_1_300' title='bbox 926 2693 1009 2737; x_wconf 89' lang='lat' dir='ltr'><strong>cantu</strong></span> <span class='ocrx_word' id='word_1_301' title='bbox 1029 2688 1145 2756; x_wconf 87' lang='lat' dir='ltr'><strong>lusuque</strong></span> <span class='ocrx_word' id='word_1_302' title='bbox 1167 2689 1370 2741; x_wconf 83' lang='lat' dir='ltr'><strong>celebrantur.“</strong></span> 
     </span>
     <span class='ocr_line' id='line_1_32' title="bbox 230 2752 1370 2820; baseline 0.004 -14"><span class='ocrx_word' id='word_1_303' title='bbox 230 2757 263 2808; x_wconf 91' lang='lat' dir='ltr'><strong>de</strong></span> <span class='ocrx_word' id='word_1_304' title='bbox 276 2755 392 2805; x_wconf 80' lang='lat' dir='ltr'><strong>&#39;Frausis</strong></span> <span class='ocrx_word' id='word_1_305' title='bbox 405 2768 500 2804; x_wconf 88' lang='lat' dir='ltr'><strong>recens</strong></span> <span class='ocrx_word' id='word_1_306' title='bbox 516 2756 598 2801; x_wconf 88' lang='lat' dir='ltr'><strong>natos</strong></span> <span class='ocrx_word' id='word_1_307' title='bbox 617 2752 774 2816; x_wconf 82' lang='lat' dir='ltr'><strong>lugentibus</strong></span> <span class='ocrx_word' id='word_1_308' title='bbox 824 2757 866 2805; x_wconf 81' lang='lat' dir='ltr'><strong>Ad</strong></span> <span class='ocrx_word' id='word_1_309' title='bbox 889 2771 968 2820; x_wconf 87' lang='lat' dir='ltr'><strong>qnam</strong></span> <span class='ocrx_word' id='word_1_310' title='bbox 991 2755 1081 2810; x_wconf 88' lang='lat' dir='ltr'><strong>locum</strong></span> <span class='ocrx_word' id='word_1_311' title='bbox 1100 2759 1138 2810; x_wconf 84' lang='lat' dir='ltr'><strong>ci.</strong></span> <span class='ocrx_word' id='word_1_312' title='bbox 1156 2761 1319 2811; x_wconf 83' lang='lat' dir='ltr'><strong>Taschucke</strong></span> <span class='ocrx_word' id='word_1_313' title='bbox 1343 2764 1370 2812; x_wconf 92' lang='lat' dir='ltr'><strong>in</strong></span> 
     </span>
     <span class='ocr_line' id='line_1_33' title="bbox 230 2820 1370 2898; baseline 0.005 -25"><span class='ocrx_word' id='word_1_314' title='bbox 230 2820 393 2875; x_wconf 79' lang='lat' dir='ltr'><strong>scribentem</strong></span> <span class='ocrx_word' id='word_1_315' title='bbox 410 2838 459 2895; x_wconf 69' lang='lat' dir='ltr'><strong>ea,</strong></span> <span class='ocrx_word' id='word_1_316' title='bbox 479 2836 551 2885; x_wconf 87' lang='lat' dir='ltr'><strong>quae</strong></span> <span class='ocrx_word' id='word_1_317' title='bbox 566 2820 648 2885; x_wconf 88' lang='lat' dir='ltr'><strong>pauci</strong></span> <span class='ocrx_word' id='word_1_318' title='bbox 665 2821 774 2884; x_wconf 84' lang='lat' dir='ltr'><strong>quidam</strong></span> <span class='ocrx_word' id='word_1_319' title='bbox 827 2830 897 2875; x_wconf 89' lang='lat' dir='ltr'><strong>nott.</strong></span> <span class='ocrx_word' id='word_1_320' title='bbox 921 2833 1038 2892; x_wconf 79' lang='lat' dir='ltr'><strong>exegett.</strong></span> <span class='ocrx_word' id='word_1_321' title='bbox 1066 2829 1099 2879; x_wconf 90' lang='grc' dir='ltr'><strong>Τ.</strong></span> <span class='ocrx_word' id='word_1_322' title='bbox 1118 2829 1172 2879; x_wconf 88' lang='lat'><em>111.</em></span> <span class='ocrx_word' id='word_1_323' title='bbox 1196 2833 1226 2882; x_wconf 88' lang='lat' dir='ltr'><strong>P.</strong></span> <span class='ocrx_word' id='word_1_324' title='bbox 1247 2830 1284 2883; x_wconf 90' lang='lat'><strong>11.</strong></span> <span class='ocrx_word' id='word_1_325' title='bbox 1306 2847 1370 2898; x_wconf 82' lang='lat' dir='ltr'><strong>pag.</strong></span> 
     </span>
     <span class='ocr_line' id='line_1_34' title="bbox 231 2889 930 2959; baseline 0.001 -16"><span class='ocrx_word' id='word_1_326' title='bbox 231 2894 264 2944; x_wconf 89' lang='lat' dir='ltr'><strong>de</strong></span> <span class='ocrx_word' id='word_1_327' title='bbox 283 2908 334 2943; x_wconf 88' lang='lat' dir='ltr'><strong>sna</strong></span> <span class='ocrx_word' id='word_1_328' title='bbox 353 2891 482 2942; x_wconf 88' lang='lat' dir='ltr'><strong>libertate</strong></span> <span class='ocrx_word' id='word_1_329' title='bbox 500 2889 693 2955; x_wconf 76' lang='lat' dir='ltr'><strong>desperantes,</strong></span> <span class='ocrx_word' id='word_1_330' title='bbox 714 2905 775 2940; x_wconf 88' lang='lat' dir='ltr'><strong>cnm</strong></span> <span class='ocrx_word' id='word_1_331' title='bbox 827 2893 860 2943; x_wconf 76' lang='lat' dir='ltr'><strong>7ss</strong></span> <span class='ocrx_word' id='word_1_332' title='bbox 873 2909 930 2959; x_wconf 66' lang='lat' dir='ltr'><strong>seq⁴</strong></span> 
     </span>
    </p>

    <p class='ocr_par' dir='ltr' id='par_1_6' title="bbox 230 2957 1373 3942">
     <span class='ocr_line' id='line_1_35' title="bbox 231 2957 1372 3032; baseline 0.004 -18"><span class='ocrx_word' id='word_1_333' title='bbox 231 2964 325 3014; x_wconf 86' lang='lat' dir='ltr'><strong>duram</strong></span> <span class='ocrx_word' id='word_1_334' title='bbox 343 2960 496 3012; x_wconf 85' lang='lat' dir='ltr'><strong>subiissent</strong></span> <span class='ocrx_word' id='word_1_335' title='bbox 507 2960 683 3021; x_wconf 88' lang='lat' dir='ltr'><strong>servitutem,</strong></span> <span class='ocrx_word' id='word_1_336' title='bbox 705 2959 777 3010; x_wconf 80' lang='lat' dir='ltr'><strong>fece·</strong></span> <span class='ocrx_word' id='word_1_337' title='bbox 861 2958 911 3012; x_wconf 87' lang='grc' dir='ltr'><strong><em>τὸν</em></strong></span> <span class='ocrx_word' id='word_1_338' title='bbox 926 2957 978 3028; x_wconf 70' lang='grc' dir='ltr'><strong>μὲν</strong></span> <span class='ocrx_word' id='word_1_339' title='bbox 997 2957 1151 3028; x_wconf 82' lang='grc' dir='ltr'><strong><em>γινόμενον</em></strong></span> <span class='ocrx_word' id='word_1_340' title='bbox 1163 2995 1197 3004; x_wconf 98' lang='grc'><strong>-</strong></span> <span class='ocrx_word' id='word_1_341' title='bbox 1209 2957 1372 3032; x_wconf 83' lang='grc' dir='ltr'><strong><em>όλοφύρον-</em></strong></span> 
     </span>
     <span class='ocr_line' id='line_1_36' title="bbox 231 3027 1371 3104; baseline 0.004 -20"><span class='ocrx_word' id='word_1_342' title='bbox 231 3034 302 3097; x_wconf 89' lang='lat' dir='ltr'><strong>rint,</strong></span> <span class='ocrx_word' id='word_1_343' title='bbox 339 3029 374 3081; x_wconf 84' lang='lat' dir='ltr'><strong>ad</strong></span> <span class='ocrx_word' id='word_1_344' title='bbox 400 3043 493 3081; x_wconf 85' lang='lat' dir='ltr'><strong>omnes</strong></span> <span class='ocrx_word' id='word_1_345' title='bbox 516 3027 642 3080; x_wconf 88' lang='lat' dir='ltr'><strong>retulisse</strong></span> <span class='ocrx_word' id='word_1_346' title='bbox 670 3043 703 3078; x_wconf 87' lang='lat' dir='ltr'><strong>ac</strong></span> <span class='ocrx_word' id='word_1_347' title='bbox 727 3044 775 3094; x_wconf 91' lang='lat' dir='ltr'><strong>pro</strong></span> <span class='ocrx_word' id='word_1_348' title='bbox 826 3031 880 3099; x_wconf 86' lang='grc' dir='ltr'><strong><em>ται]</em></strong></span> <span class='ocrx_word' id='word_1_349' title='bbox 897 3034 964 3084; x_wconf 86' lang='lat' dir='ltr'><strong>Cum</strong></span> <span class='ocrx_word' id='word_1_350' title='bbox 975 3041 1090 3090; x_wconf 86' lang='lat' dir='ltr'><strong>recentt.</strong></span> <span class='ocrx_word' id='word_1_351' title='bbox 1106 3037 1166 3090; x_wconf 89' lang='lat' dir='ltr'><strong>edd.</strong></span> <span class='ocrx_word' id='word_1_352' title='bbox 1180 3031 1371 3104; x_wconf 75' lang='grc' dir='ltr'><strong><em>τοοορὶγινό-</em></strong></span> 
     </span>
     <span class='ocr_line' id='line_1_37' title="bbox 230 3096 1373 3174; baseline 0.005 -20"><span class='ocrx_word' id='word_1_353' title='bbox 230 3103 317 3154; x_wconf 88' lang='lat' dir='ltr'><strong>totius</strong></span> <span class='ocrx_word' id='word_1_354' title='bbox 330 3100 421 3166; x_wconf 76' lang='lat' dir='ltr'><strong>gentis</strong></span> <span class='ocrx_word' id='word_1_355' title='bbox 431 3098 628 3151; x_wconf 88' lang='lat' dir='ltr'><strong>consuetudine</strong></span> <span class='ocrx_word' id='word_1_356' title='bbox 639 3096 776 3164; x_wconf 87' lang='lat' dir='ltr'><strong>habuisse,</strong></span> <span class='ocrx_word' id='word_1_357' title='bbox 826 3116 914 3168; x_wconf 83' lang='grc' dir='ltr'><strong><em>μενον</em></strong></span> <span class='ocrx_word' id='word_1_358' title='bbox 926 3108 954 3154; x_wconf 90' lang='lat' dir='ltr'><strong>et</strong></span> <span class='ocrx_word' id='word_1_359' title='bbox 964 3121 1025 3156; x_wconf 84' lang='lat' dir='ltr'><strong>mox</strong></span> <span class='ocrx_word' id='word_1_360' title='bbox 1039 3098 1278 3171; x_wconf 74' lang='grc' dir='ltr'><strong><em>ἀπογινόμενον,</em></strong></span> <span class='ocrx_word' id='word_1_361' title='bbox 1299 3108 1373 3174; x_wconf 84' lang='lat' dir='ltr'><strong>quod</strong></span> 
     </span>
     <span class='ocr_line' id='line_1_38' title="bbox 231 3167 1372 3239; baseline 0.005 -16"><span class='ocrx_word' id='word_1_362' title='bbox 231 3174 254 3224; x_wconf 92' lang='lat' dir='ltr'><strong>is</strong></span> <span class='ocrx_word' id='word_1_363' title='bbox 276 3171 401 3237; x_wconf 86' lang='lat' dir='ltr'><strong>proiecto</strong></span> <span class='ocrx_word' id='word_1_364' title='bbox 423 3187 440 3220; x_wconf 88' lang='grc' dir='ltr'><strong>ιι</strong></span> <span class='ocrx_word' id='word_1_365' title='bbox 455 3184 519 3220; x_wconf 86' lang='lat' dir='ltr'><strong>vero</strong></span> <span class='ocrx_word' id='word_1_366' title='bbox 535 3167 615 3234; x_wconf 78' lang='lat' dir='ltr'><strong>longe</strong></span> <span class='ocrx_word' id='word_1_367' title='bbox 632 3168 776 3220; x_wconf 84' lang='lat' dir='ltr'><strong>aberrasse</strong></span> <span class='ocrx_word' id='word_1_368' title='bbox 827 3174 941 3239; x_wconf 87' lang='lat' dir='ltr'><strong>praebet</strong></span> <span class='ocrx_word' id='word_1_369' title='bbox 954 3174 1092 3226; x_wconf 85' lang='lat' dir='ltr'><strong>Sancroiti</strong></span> <span class='ocrx_word' id='word_1_370' title='bbox 1104 3176 1174 3228; x_wconf 89' lang='lat' dir='ltr'><strong>liber</strong></span> <span class='ocrx_word' id='word_1_371' title='bbox 1188 3194 1220 3229; x_wconf 90' lang='lat' dir='ltr'><strong>ac</strong></span> <span class='ocrx_word' id='word_1_372' title='bbox 1234 3179 1372 3230; x_wconf 87' lang='lat' dir='ltr'><strong>Stobaens</strong></span> 
     </span>
     <span class='ocr_line' id='line_1_39' title="bbox 230 3238 1371 3313; baseline 0.003 -20"><span class='ocrx_word' id='word_1_373' title='bbox 230 3241 383 3293; x_wconf 87' lang='lat' dir='ltr'><strong>censendus</strong></span> <span class='ocrx_word' id='word_1_374' title='bbox 394 3244 444 3290; x_wconf 89' lang='lat' dir='ltr'><strong>est.</strong></span> <span class='ocrx_word' id='word_1_375' title='bbox 468 3238 774 3303; x_wconf 80' lang='lat' dir='ltr'><strong>AfferamdeniqueLo·</strong></span> <span class='ocrx_word' id='word_1_376' title='bbox 826 3242 846 3296; x_wconf 84' lang='lat' dir='ltr'><strong>l.</strong></span> <span class='ocrx_word' id='word_1_377' title='bbox 861 3258 945 3308; x_wconf 86' lang='lat' dir='ltr'><strong>supra</strong></span> <span class='ocrx_word' id='word_1_378' title='bbox 962 3244 979 3295; x_wconf 92' lang='lat' dir='ltr'><strong>l.</strong></span> <span class='ocrx_word' id='word_1_379' title='bbox 1002 3246 1128 3311; x_wconf 84' lang='lat' dir='ltr'><strong>qnodque</strong></span> <span class='ocrx_word' id='word_1_380' title='bbox 1145 3249 1311 3299; x_wconf 84' lang='lat' dir='ltr'><strong>antecedens</strong></span> <span class='ocrx_word' id='word_1_381' title='bbox 1331 3265 1371 3313; x_wconf 70' lang='lat' dir='ltr'><strong>yr-</strong></span> 
     </span>
     <span class='ocr_line' id='line_1_40' title="bbox 231 3306 1372 3381; baseline 0.005 -18"><span class='ocrx_word' id='word_1_382' title='bbox 231 3306 562 3374; x_wconf 80' lang='lat' dir='ltr'><strong>beckii&#39;disputationern</strong></span> <span class='ocrx_word' id='word_1_383' title='bbox 581 3306 773 3374; x_wconf 75' lang='lat' dir='ltr'><strong>(Aglaophon.</strong></span> <span class='ocrx_word' id='word_1_384' title='bbox 825 3306 948 3375; x_wconf 87' lang='grc' dir='ltr'><strong><em>νόμενον</em></strong></span> <span class='ocrx_word' id='word_1_385' title='bbox 964 3319 992 3365; x_wconf 91' lang='lat' dir='ltr'><strong>et</strong></span> <span class='ocrx_word' id='word_1_386' title='bbox 1009 3306 1223 3381; x_wconf 74' lang='grc' dir='ltr'><strong><em>ἀπογινόμενον</em></strong></span> <span class='ocrx_word' id='word_1_387' title='bbox 1240 3335 1294 3369; x_wconf 90' lang='lat' dir='ltr'><strong>non</strong></span> <span class='ocrx_word' id='word_1_388' title='bbox 1314 3325 1372 3369; x_wconf 85' lang='lat' dir='ltr'><strong>tarn</strong></span> 
     </span>
     <span class='ocr_line' id='line_1_41' title="bbox 231 3376 1371 3451; baseline 0.008 -20"><span class='ocrx_word' id='word_1_389' title='bbox 231 3399 257 3448; x_wconf 92' lang='lat' dir='ltr'><strong>p.</strong></span> <span class='ocrx_word' id='word_1_390' title='bbox 273 3380 352 3444; x_wconf 87' lang='lat'><strong>801),</strong></span> <span class='ocrx_word' id='word_1_391' title='bbox 378 3380 424 3444; x_wconf 86' lang='lat' dir='ltr'><strong>qui</strong></span> <span class='ocrx_word' id='word_1_392' title='bbox 444 3393 476 3428; x_wconf 82' lang='lat' dir='ltr'><strong>ex</strong></span> <span class='ocrx_word' id='word_1_393' title='bbox 493 3376 545 3428; x_wconf 91' lang='lat' dir='ltr'><strong>hoe</strong></span> <span class='ocrx_word' id='word_1_394' title='bbox 560 3378 695 3428; x_wconf 87' lang='lat' dir='ltr'><strong>Herodoti</strong></span> <span class='ocrx_word' id='word_1_395' title='bbox 713 3378 773 3428; x_wconf 92' lang='lat' dir='ltr'><strong>loco</strong></span> <span class='ocrx_word' id='word_1_396' title='bbox 826 3382 939 3434; x_wconf 86' lang='lat' dir='ltr'><strong>suadere</strong></span> <span class='ocrx_word' id='word_1_397' title='bbox 968 3400 1048 3450; x_wconf 87' lang='lat' dir='ltr'><strong>quam</strong></span> <span class='ocrx_word' id='word_1_398' title='bbox 1083 3388 1223 3451; x_wconf 86' lang='lat' dir='ltr'><strong>requirere</strong></span> <span class='ocrx_word' id='word_1_399' title='bbox 1252 3390 1371 3440; x_wconf 79' lang='lat' dir='ltr'><strong>videtur.</strong></span> 
     </span>
     <span class='ocr_line' id='line_1_42' title="bbox 231 3446 1371 3522; baseline 0.004 -21"><span class='ocrx_word' id='word_1_400' title='bbox 231 3448 449 3501; x_wconf 84' lang='lat' dir='ltr'><strong>immortalitatis</strong></span> <span class='ocrx_word' id='word_1_401' title='bbox 462 3447 557 3507; x_wconf 85' lang='lat' dir='ltr'><strong>tidem,</strong></span> <span class='ocrx_word' id='word_1_402' title='bbox 571 3462 642 3513; x_wconf 85' lang='lat' dir='ltr'><strong>quae</strong></span> <span class='ocrx_word' id='word_1_403' title='bbox 657 3448 731 3512; x_wconf 86' lang='lat' dir='ltr'><strong>apud</strong></span> <span class='ocrx_word' id='word_1_404' title='bbox 742 3447 773 3498; x_wconf 92' lang='lat' dir='ltr'><strong>il·</strong></span> <span class='ocrx_word' id='word_1_405' title='bbox 825 3450 912 3518; x_wconf 81' lang='lat' dir='ltr'><strong>Vulgo</strong></span> <span class='ocrx_word' id='word_1_406' title='bbox 922 3470 938 3517; x_wconf 90' lang='grc' dir='ltr'><strong><em>γ</em></strong></span> <span class='ocrx_word' id='word_1_407' title='bbox 947 3466 959 3502; x_wconf 81' lang='lat' dir='ltr'><strong>s</strong></span> <span class='ocrx_word' id='word_1_408' title='bbox 967 3447 1088 3514; x_wconf 74' lang='grc' dir='ltr'><strong><em>νόμενον</em></strong></span> <span class='ocrx_word' id='word_1_409' title='bbox 1099 3461 1126 3506; x_wconf 89' lang='lat' dir='ltr'><strong>et</strong></span> <span class='ocrx_word' id='word_1_410' title='bbox 1136 3446 1371 3522; x_wconf 76' lang='grc' dir='ltr'><strong><em>ἀπογενόμενον,</em></strong></span> 
     </span>
     <span class='ocr_line' id='line_1_43' title="bbox 230 3516 1373 3587; baseline 0.007 -16"><span class='ocrx_word' id='word_1_411' title='bbox 230 3522 284 3571; x_wconf 88' lang='lat' dir='ltr'><strong>lam</strong></span> <span class='ocrx_word' id='word_1_412' title='bbox 299 3524 408 3585; x_wconf 73' lang='lat' dir='ltr'><strong>gentem</strong></span> <span class='ocrx_word' id='word_1_413' title='bbox 423 3516 584 3579; x_wconf 84' lang='lat' dir='ltr'><strong>invaluerit,</strong></span> <span class='ocrx_word' id='word_1_414' title='bbox 603 3518 712 3567; x_wconf 89' lang='lat' dir='ltr'><strong>minime</strong></span> <span class='ocrx_word' id='word_1_415' title='bbox 729 3517 776 3568; x_wconf 86' lang='lat' dir='ltr'><strong>de·</strong></span> <span class='ocrx_word' id='word_1_416' title='bbox 825 3521 906 3587; x_wconf 87' lang='lat' dir='ltr'><strong>idque</strong></span> <span class='ocrx_word' id='word_1_417' title='bbox 932 3522 977 3574; x_wconf 82' lang='lat' dir='ltr'><strong>rel</strong></span> <span class='ocrx_word' id='word_1_418' title='bbox 999 3523 1175 3576; x_wconf 82' lang='lat' dir='ltr'><strong>Florentinus</strong></span> <span class='ocrx_word' id='word_1_419' title='bbox 1198 3528 1268 3578; x_wconf 88' lang='lat' dir='ltr'><strong>liber</strong></span> <span class='ocrx_word' id='word_1_420' title='bbox 1291 3529 1373 3580; x_wconf 82' lang='lat' dir='ltr'><strong>affert</strong></span> 
     </span>
     <span class='ocr_line' id='line_1_44' title="bbox 230 3586 1372 3654; baseline 0.004 -12"><span class='ocrx_word' id='word_1_421' title='bbox 230 3591 378 3642; x_wconf 87' lang='lat' dir='ltr'><strong>monstrari</strong></span> <span class='ocrx_word' id='word_1_422' title='bbox 396 3586 643 3654; x_wconf 85' lang='lat' dir='ltr'><strong>possecontendit.</strong></span> <span class='ocrx_word' id='word_1_423' title='bbox 680 3586 728 3639; x_wconf 88' lang='lat' dir='ltr'><strong>Nil</strong></span> <span class='ocrx_word' id='word_1_424' title='bbox 747 3588 775 3638; x_wconf 90' lang='lat' dir='ltr'><strong>in</strong></span> <span class='ocrx_word' id='word_1_425' title='bbox 825 3589 970 3643; x_wconf 89' lang='lat' dir='ltr'><strong>cumaliis.</strong></span> <span class='ocrx_word' id='word_1_426' title='bbox 1007 3594 1048 3645; x_wconf 89' lang='lat' dir='ltr'><strong>De</strong></span> <span class='ocrx_word' id='word_1_427' title='bbox 1066 3589 1372 3649; x_wconf 72' lang='lat' dir='ltr'><strong>sunctursvorbidto-</strong></span> 
     </span>
     <span class='ocr_line' id='line_1_45' title="bbox 231 3653 1371 3725; baseline 0.009 -16"><span class='ocrx_word' id='word_1_428' title='bbox 231 3660 273 3711; x_wconf 90' lang='lat' dir='ltr'><strong>his</strong></span> <span class='ocrx_word' id='word_1_429' title='bbox 300 3661 389 3719; x_wconf 73' lang='lat' dir='ltr'><strong>inesse</strong></span> <span class='ocrx_word' id='word_1_430' title='bbox 422 3674 502 3722; x_wconf 87' lang='lat' dir='ltr'><strong>posse</strong></span> <span class='ocrx_word' id='word_1_431' title='bbox 535 3658 577 3708; x_wconf 87' lang='lat' dir='ltr'><strong>ait</strong></span> <span class='ocrx_word' id='word_1_432' title='bbox 608 3657 775 3709; x_wconf 87' lang='lat' dir='ltr'><strong>sublimioris</strong></span> <span class='ocrx_word' id='word_1_433' title='bbox 826 3653 970 3725; x_wconf 77' lang='grc' dir='ltr'><strong><em>φύρεσθαι</em></strong></span> <span class='ocrx_word' id='word_1_434' title='bbox 995 3666 1101 3715; x_wconf 85' lang='lat' dir='ltr'><strong>monuit</strong></span> <span class='ocrx_word' id='word_1_435' title='bbox 1123 3665 1174 3717; x_wconf 89' lang='lat' dir='ltr'><strong>hoc</strong></span> <span class='ocrx_word' id='word_1_436' title='bbox 1201 3667 1262 3718; x_wconf 89' lang='lat' dir='ltr'><strong>loco</strong></span> <span class='ocrx_word' id='word_1_437' title='bbox 1282 3667 1371 3719; x_wconf 89' lang='lat' dir='ltr'><strong>allato</strong></span> 
     </span>
     <span class='ocr_line' id='line_1_46' title="bbox 231 3729 1372 3798; baseline -0.002 -19"><span class='ocrx_word' id='word_1_438' title='bbox 231 3730 389 3790; x_wconf 88' lang='lat' dir='ltr'><strong>doctrinae,</strong></span> <span class='ocrx_word' id='word_1_439' title='bbox 411 3729 489 3779; x_wconf 90' lang='lat' dir='ltr'><strong>cuius</strong></span> <span class='ocrx_word' id='word_1_440' title='bbox 506 3729 617 3791; x_wconf 84' lang='lat' dir='ltr'><strong>ignaros</strong></span> <span class='ocrx_word' id='word_1_441' title='bbox 638 3729 714 3778; x_wconf 80' lang='lat' dir='ltr'><strong>ritae</strong></span> <span class='ocrx_word' id='word_1_442' title='bbox 734 3729 771 3777; x_wconf 89' lang='lat' dir='ltr'><strong>in·</strong></span> <span class='ocrx_word' id='word_1_443' title='bbox 825 3731 953 3783; x_wconf 87' lang='lat' dir='ltr'><strong>Kuehner</strong></span> <span class='ocrx_word' id='word_1_444' title='bbox 970 3731 1017 3786; x_wconf 84' lang='lat' dir='ltr'><strong>Gr.</strong></span> <span class='ocrx_word' id='word_1_445' title='bbox 1036 3735 1083 3785; x_wconf 85' lang='lat' dir='ltr'><strong>Gr.</strong></span> <span class='ocrx_word' id='word_1_446' title='bbox 1101 3738 1124 3798; x_wconf 61' lang='grc' dir='ltr'><strong>ξ.</strong></span> <span class='ocrx_word' id='word_1_447' title='bbox 1140 3737 1200 3789; x_wconf 80' lang='lat'><strong>553,</strong></span> <span class='ocrx_word' id='word_1_448' title='bbox 1216 3763 1252 3775; x_wconf 93' lang='lat'><em>-</em></span> <span class='ocrx_word' id='word_1_449' title='bbox 1273 3738 1316 3788; x_wconf 72' lang='lat' dir='ltr'><strong>Ad</strong></span> <span class='ocrx_word' id='word_1_450' title='bbox 1333 3737 1372 3788; x_wconf 83' lang='lat'><strong>10.</strong></span> 
     </span>
     <span class='ocr_line' id='line_1_47' title="bbox 231 3797 1371 3873; baseline 0.01 -24"><span class='ocrx_word' id='word_1_451' title='bbox 231 3801 292 3864; x_wconf 89' lang='lat' dir='ltr'><strong>opis</strong></span> <span class='ocrx_word' id='word_1_452' title='bbox 309 3804 336 3850; x_wconf 92' lang='lat' dir='ltr'><strong>et</strong></span> <span class='ocrx_word' id='word_1_453' title='bbox 355 3799 474 3864; x_wconf 84' lang='lat' dir='ltr'><strong>agrestis</strong></span> <span class='ocrx_word' id='word_1_454' title='bbox 490 3797 629 3849; x_wconf 86' lang='lat' dir='ltr'><strong>molestias</strong></span> <span class='ocrx_word' id='word_1_455' title='bbox 642 3798 774 3848; x_wconf 89' lang='lat' dir='ltr'><strong>indoctis·</strong></span> <span class='ocrx_word' id='word_1_456' title='bbox 825 3801 962 3852; x_wconf 88' lang='lat' dir='ltr'><strong>cntionem</strong></span> <span class='ocrx_word' id='word_1_457' title='bbox 985 3803 1022 3867; x_wconf 79' lang='grc' dir='ltr'><strong>γῇ</strong></span> <span class='ocrx_word' id='word_1_458' title='bbox 1049 3800 1206 3868; x_wconf 74' lang='grc' dir='ltr'><strong><em>κρύπτουσι</em></strong></span> <span class='ocrx_word' id='word_1_459' title='bbox 1235 3808 1263 3857; x_wconf 90' lang='lat' dir='ltr'><strong>in</strong></span> <span class='ocrx_word' id='word_1_460' title='bbox 1293 3824 1371 3873; x_wconf 84' lang='lat' dir='ltr'><strong>seqq.</strong></span> 
     </span>
     <span class='ocr_line' id='line_1_48' title="bbox 230 3867 1373 3942; baseline 0.008 -24"><span class='ocrx_word' id='word_1_461' title='bbox 230 3870 299 3919; x_wconf 89' lang='lat' dir='ltr'><strong>simo</strong></span> <span class='ocrx_word' id='word_1_462' title='bbox 324 3870 423 3934; x_wconf 89' lang='lat' dir='ltr'><strong>cuique</strong></span> <span class='ocrx_word' id='word_1_463' title='bbox 447 3867 625 3933; x_wconf 82' lang='lat' dir='ltr'><strong>gravissimas</strong></span> <span class='ocrx_word' id='word_1_464' title='bbox 652 3869 773 3919; x_wconf 87' lang='lat' dir='ltr'><strong>Trausos</strong></span> <span class='ocrx_word' id='word_1_465' title='bbox 825 3869 910 3935; x_wconf 71' lang='lat' dir='ltr'><strong>(terr-ri</strong></span> <span class='ocrx_word' id='word_1_466' title='bbox 937 3873 1058 3933; x_wconf 80' lang='lat' dir='ltr'><strong>condant,</strong></span> <span class='ocrx_word' id='word_1_467' title='bbox 1090 3882 1178 3926; x_wconf 71' lang='lat' dir='ltr'><strong>terrae</strong></span> <span class='ocrx_word' id='word_1_468' title='bbox 1206 3879 1373 3942; x_wconf 81' lang='lat' dir='ltr'><strong>demandant)</strong></span> 
     </span>
    </p>
   </div>
   <div class='ocr_carea' id='block_1_6' title="bbox 230 3935 1460 4010">
    <p class='ocr_par' dir='ltr' id='par_1_7' title="bbox 230 3935 1460 4010">
     <span class='ocr_line' id='line_1_49' title="bbox 230 3935 1460 4010; baseline 0.009 -22"><span class='ocrx_word' id='word_1_469' title='bbox 230 3938 289 3989; x_wconf 81' lang='lat' dir='ltr'><strong>vult</strong></span> <span class='ocrx_word' id='word_1_470' title='bbox 300 3938 469 3988; x_wconf 87' lang='lat' dir='ltr'><strong>muliebriter</strong></span> <span class='ocrx_word' id='word_1_471' title='bbox 479 3935 590 4001; x_wconf 80' lang='lat' dir='ltr'><strong>lusisse,</strong></span> <span class='ocrx_word' id='word_1_472' title='bbox 601 3943 715 3989; x_wconf 85' lang='lat' dir='ltr'><strong>mortem</strong></span> <span class='ocrx_word' id='word_1_473' title='bbox 725 3953 775 3988; x_wconf 90' lang='lat' dir='ltr'><strong>au·</strong></span> <span class='ocrx_word' id='word_1_474' title='bbox 824 3941 928 3995; x_wconf 70' lang='lat' dir='ltr'><strong>conii</strong></span> <span class='ocrx_word' id='word_1_475' title='bbox 961 3942 1009 3992; x_wconf 77' lang='lat'><strong>140</strong></span> <span class='ocrx_word' id='word_1_476' title='bbox 1024 3943 1115 4010; x_wconf 89' lang='lat' dir='ltr'><strong>ibique</strong></span> <span class='ocrx_word' id='word_1_477' title='bbox 1130 3951 1200 3995; x_wconf 89' lang='lat' dir='ltr'><strong>nott.</strong></span> <span class='ocrx_word' id='word_1_478' title='bbox 1236 3949 1279 3998; x_wconf 94' lang='lat' dir='ltr'><strong>De</strong></span> <span class='ocrx_word' id='word_1_479' title='bbox 1296 3947 1372 3998; x_wconf 88' lang='lat' dir='ltr'><strong>loon·</strong></span> <span class='ocrx_word' id='word_1_480' title='bbox 1453 3960 1460 3975; x_wconf 93' lang='lat'><strong>·</strong></span> 
     </span>
    </p>
   </div>
   <div class='ocr_carea' id='block_1_7' title="bbox 230 4006 1372 4287">
    <p class='ocr_par' dir='ltr' id='par_1_8' title="bbox 230 4006 1372 4287">
     <span class='ocr_line' id='line_1_50' title="bbox 230 4006 1371 4076; baseline 0.007 -17"><span class='ocrx_word' id='word_1_481' title='bbox 230 4014 300 4071; x_wconf 87' lang='lat' dir='ltr'><strong>tem,</strong></span> <span class='ocrx_word' id='word_1_482' title='bbox 320 4022 391 4073; x_wconf 84' lang='lat' dir='ltr'><strong>quae</strong></span> <span class='ocrx_word' id='word_1_483' title='bbox 404 4006 529 4058; x_wconf 86' lang='lat' dir='ltr'><strong>omnibus</strong></span> <span class='ocrx_word' id='word_1_484' title='bbox 542 4006 731 4059; x_wconf 88' lang='lat' dir='ltr'><strong>liberationem</strong></span> <span class='ocrx_word' id='word_1_485' title='bbox 745 4012 773 4057; x_wconf 91' lang='lat' dir='ltr'><strong>et</strong></span> <span class='ocrx_word' id='word_1_486' title='bbox 824 4012 898 4062; x_wconf 88' lang='lat' dir='ltr'><strong>tione</strong></span> <span class='ocrx_word' id='word_1_487' title='bbox 923 4009 1085 4076; x_wconf 73' lang='grc' dir='ltr'><strong><em>ἀναπλῆσαι</em></strong></span> <span class='ocrx_word' id='word_1_488' title='bbox 1106 4008 1180 4065; x_wconf 70' lang='lat' dir='ltr'><strong>aaa&amp;</strong></span> <span class='ocrx_word' id='word_1_489' title='bbox 1196 4015 1226 4076; x_wconf 83' lang='lat' dir='ltr'><strong>(i.</strong></span> <span class='ocrx_word' id='word_1_490' title='bbox 1248 4032 1271 4068; x_wconf 85' lang='lat' dir='ltr'><strong>e.</strong></span> <span class='ocrx_word' id='word_1_491' title='bbox 1293 4019 1371 4069; x_wconf 77' lang='lat' dir='ltr'><strong>susti·</strong></span> 
     </span>
     <span class='ocr_line' id='line_1_51' title="bbox 230 4075 1372 4150; baseline 0.006 -20"><span class='ocrx_word' id='word_1_492' title='bbox 230 4078 397 4130; x_wconf 82' lang='lat' dir='ltr'><strong>vacuitatem</strong></span> <span class='ocrx_word' id='word_1_493' title='bbox 417 4075 556 4139; x_wconf 86' lang='lat' dir='ltr'><strong>dolorum,</strong></span> <span class='ocrx_word' id='word_1_494' title='bbox 580 4077 683 4128; x_wconf 87' lang='lat' dir='ltr'><strong>meritis</strong></span> <span class='ocrx_word' id='word_1_495' title='bbox 708 4093 772 4129; x_wconf 79' lang='lat' dir='ltr'><strong>vero</strong></span> <span class='ocrx_word' id='word_1_496' title='bbox 824 4097 900 4145; x_wconf 84' lang='lat' dir='ltr'><strong>nere,</strong></span> <span class='ocrx_word' id='word_1_497' title='bbox 920 4083 1086 4147; x_wconf 82' lang='lat' dir='ltr'><strong>pntimala),</strong></span> <span class='ocrx_word' id='word_1_498' title='bbox 1107 4101 1188 4150; x_wconf 87' lang='lat' dir='ltr'><strong>quam</strong></span> <span class='ocrx_word' id='word_1_499' title='bbox 1203 4087 1298 4136; x_wconf 89' lang='lat' dir='ltr'><strong>Latini</strong></span> <span class='ocrx_word' id='word_1_500' title='bbox 1312 4088 1372 4137; x_wconf 85' lang='lat' dir='ltr'><strong>imi·</strong></span> 
     </span>
     <span class='ocr_line' id='line_1_52' title="bbox 230 4145 1372 4219; baseline 0.007 -21"><span class='ocrx_word' id='word_1_501' title='bbox 230 4152 377 4214; x_wconf 84' lang='lat' dir='ltr'><strong>perpetuas</strong></span> <span class='ocrx_word' id='word_1_502' title='bbox 401 4145 526 4197; x_wconf 89' lang='lat' dir='ltr'><strong>lautitias</strong></span> <span class='ocrx_word' id='word_1_503' title='bbox 549 4153 577 4197; x_wconf 91' lang='lat' dir='ltr'><strong>et</strong></span> <span class='ocrx_word' id='word_1_504' title='bbox 605 4146 772 4199; x_wconf 79' lang='lat' dir='ltr'><strong>festivitates</strong></span> <span class='ocrx_word' id='word_1_505' title='bbox 824 4155 915 4203; x_wconf 89' lang='lat' dir='ltr'><strong>tantes</strong></span> <span class='ocrx_word' id='word_1_506' title='bbox 934 4156 1049 4203; x_wconf 86' lang='lat' dir='ltr'><strong>utuntur</strong></span> <span class='ocrx_word' id='word_1_507' title='bbox 1067 4155 1149 4206; x_wconf 83' lang='lat' dir='ltr'><strong>verbo</strong></span> <span class='ocrx_word' id='word_1_508' title='bbox 1164 4158 1294 4219; x_wconf 82' lang='lat' dir='ltr'><strong>iruplerrdi.</strong></span> <span class='ocrx_word' id='word_1_509' title='bbox 1314 4173 1372 4206; x_wconf 89' lang='lat' dir='ltr'><strong>mo·</strong></span> 
     </span>
     <span class='ocr_line' id='line_1_53' title="bbox 230 4215 1369 4287; baseline 0.007 -20"><span class='ocrx_word' id='word_1_510' title='bbox 230 4218 328 4269; x_wconf 85' lang='lat' dir='ltr'><strong>afferre</strong></span> <span class='ocrx_word' id='word_1_511' title='bbox 343 4215 501 4278; x_wconf 82' lang='lat' dir='ltr'><strong>videretur,</strong></span> <span class='ocrx_word' id='word_1_512' title='bbox 518 4216 599 4269; x_wconf 89' lang='lat' dir='ltr'><strong>laetis</strong></span> <span class='ocrx_word' id='word_1_513' title='bbox 616 4218 689 4269; x_wconf 83' lang='lat' dir='ltr'><strong>rotis</strong></span> <span class='ocrx_word' id='word_1_514' title='bbox 706 4219 773 4269; x_wconf 93' lang='lat' dir='ltr'><strong>omi·</strong></span> <span class='ocrx_word' id='word_1_515' title='bbox 823 4222 897 4281; x_wconf 84' lang='lat' dir='ltr'><strong>nuit,</strong></span> <span class='ocrx_word' id='word_1_516' title='bbox 913 4223 1070 4273; x_wconf 88' lang='lat' dir='ltr'><strong>Herodoteo</strong></span> <span class='ocrx_word' id='word_1_517' title='bbox 1082 4223 1110 4277; x_wconf 90' lang='lat' dir='ltr'><strong>lr.</strong></span> <span class='ocrx_word' id='word_1_518' title='bbox 1122 4225 1138 4274; x_wconf 92' lang='lat' dir='ltr'><strong>l.</strong></span> <span class='ocrx_word' id='word_1_519' title='bbox 1151 4225 1246 4287; x_wconf 84' lang='lat' dir='ltr'><strong>allato,</strong></span> <span class='ocrx_word' id='word_1_520' title='bbox 1260 4226 1369 4277; x_wconf 78' lang='lat' dir='ltr'><strong>walch.</strong></span> 
     </span>
    </p>
   </div>
   <div class='ocr_carea' id='block_1_8' title="bbox 144 4288 1370 4361">
    <p class='ocr_par' dir='ltr' id='par_1_9' title="bbox 144 4288 1370 4361">
     <span class='ocr_line' id='line_1_54' title="bbox 144 4288 1370 4361; baseline 0.008 -24"><span class='ocrx_word' id='word_1_521' title='bbox 144 4305 152 4315; x_wconf 91' lang='lat'><strong>·</strong></span> <span class='ocrx_word' id='word_1_522' title='bbox 229 4288 363 4354; x_wconf 83' lang='lat' dir='ltr'><strong>cibusque</strong></span> <span class='ocrx_word' id='word_1_523' title='bbox 372 4291 532 4354; x_wconf 89' lang='lat' dir='ltr'><strong>prosecutos</strong></span> <span class='ocrx_word' id='word_1_524' title='bbox 542 4303 610 4339; x_wconf 87' lang='lat' dir='ltr'><strong>esse.</strong></span> <span class='ocrx_word' id='word_1_525' title='bbox 624 4289 701 4351; x_wconf 81' lang='lat' dir='ltr'><strong>Quae</strong></span> <span class='ocrx_word' id='word_1_526' title='bbox 709 4304 773 4339; x_wconf 87' lang='lat' dir='ltr'><strong>num</strong></span> <span class='ocrx_word' id='word_1_527' title='bbox 824 4289 859 4339; x_wconf 89' lang='lat' dir='ltr'><strong>ad</strong></span> <span class='ocrx_word' id='word_1_528' title='bbox 877 4293 968 4346; x_wconf 88' lang='lat' dir='ltr'><strong>Tacit.</strong></span> <span class='ocrx_word' id='word_1_529' title='bbox 983 4292 1102 4358; x_wconf 77' lang='lat' dir='ltr'><strong>Agricol.</strong></span> <span class='ocrx_word' id='word_1_530' title='bbox 1120 4295 1162 4345; x_wconf 76' lang='lat' dir='ltr'><strong>lb.</strong></span> <span class='ocrx_word' id='word_1_531' title='bbox 1179 4311 1242 4361; x_wconf 80' lang='lat' dir='ltr'><strong>pag.</strong></span> <span class='ocrx_word' id='word_1_532' title='bbox 1262 4296 1330 4359; x_wconf 84' lang='grc'>415,</span> <span class='ocrx_word' id='word_1_533' title='bbox 1352 4312 1370 4347; x_wconf 86' lang='lat' dir='ltr'><strong>a</strong></span> 
     </span>
    </p>
   </div>
   <div class='ocr_carea' id='block_1_9' title="bbox 229 4357 1369 4503">
    <p class='ocr_par' dir='ltr' id='par_1_10' title="bbox 229 4357 1369 4503">
     <span class='ocr_line' id='line_1_55' title="bbox 229 4357 1369 4429; baseline 0.008 -23"><span class='ocrx_word' id='word_1_534' title='bbox 229 4372 293 4408; x_wconf 81' lang='lat' dir='ltr'><strong>vere</strong></span> <span class='ocrx_word' id='word_1_535' title='bbox 305 4372 416 4423; x_wconf 89' lang='lat' dir='ltr'><strong>prorsus</strong></span> <span class='ocrx_word' id='word_1_536' title='bbox 427 4357 482 4406; x_wconf 88' lang='lat' dir='ltr'><strong>siut</strong></span> <span class='ocrx_word' id='word_1_537' title='bbox 494 4357 647 4422; x_wconf 87' lang='lat' dir='ltr'><strong>disputata,</strong></span> <span class='ocrx_word' id='word_1_538' title='bbox 662 4358 723 4422; x_wconf 87' lang='lat' dir='ltr'><strong>ipse</strong></span> <span class='ocrx_word' id='word_1_539' title='bbox 732 4359 773 4410; x_wconf 83' lang='lat' dir='ltr'><strong>ri·</strong></span> <span class='ocrx_word' id='word_1_540' title='bbox 824 4361 871 4411; x_wconf 84' lang='lat' dir='ltr'><strong>Gr.</strong></span> <span class='ocrx_word' id='word_1_541' title='bbox 885 4363 1029 4416; x_wconf 85' lang='lat' dir='ltr'><strong>excitatus.</strong></span> <span class='ocrx_word' id='word_1_542' title='bbox 1056 4364 1098 4414; x_wconf 85' lang='lat' dir='ltr'><strong>Tu</strong></span> <span class='ocrx_word' id='word_1_543' title='bbox 1109 4364 1163 4415; x_wconf 86' lang='lat' dir='ltr'><strong>vid.</strong></span> <span class='ocrx_word' id='word_1_544' title='bbox 1173 4365 1305 4416; x_wconf 86' lang='lat' dir='ltr'><strong>Herodot.</strong></span> <span class='ocrx_word' id='word_1_545' title='bbox 1319 4367 1369 4429; x_wconf 87' lang='lat' dir='ltr'><strong>v1,</strong></span> 
     </span>
     <span class='ocr_line' id='line_1_56' title="bbox 230 4425 1368 4503; baseline 0.01 -28"><span class='ocrx_word' id='word_1_546' title='bbox 230 4425 301 4477; x_wconf 87' lang='lat' dir='ltr'><strong>derit</strong></span> <span class='ocrx_word' id='word_1_547' title='bbox 309 4429 350 4480; x_wconf 86' lang='lat' dir='ltr'><strong>rir</strong></span> <span class='ocrx_word' id='word_1_548' title='bbox 358 4426 545 4491; x_wconf 68' lang='lat' dir='ltr'><strong>doctissimae</strong></span> <span class='ocrx_word' id='word_1_549' title='bbox 563 4427 615 4479; x_wconf 88' lang='lat' dir='ltr'><strong>hoc</strong></span> <span class='ocrx_word' id='word_1_550' title='bbox 626 4443 690 4479; x_wconf 84' lang='lat' dir='ltr'><strong>vero</strong></span> <span class='ocrx_word' id='word_1_551' title='bbox 702 4429 772 4480; x_wconf 89' lang='lat' dir='ltr'><strong>idem</strong></span> <span class='ocrx_word' id='word_1_552' title='bbox 825 4431 934 4495; x_wconf 83' lang='lat' dir='ltr'><strong>12.1x,</strong></span> <span class='ocrx_word' id='word_1_553' title='bbox 950 4433 998 4496; x_wconf 77' lang='lat'><strong>87,</strong></span> <span class='ocrx_word' id='word_1_554' title='bbox 1017 4433 1117 4499; x_wconf 82' lang='lat' dir='ltr'><strong>quibus</strong></span> <span class='ocrx_word' id='word_1_555' title='bbox 1134 4435 1203 4503; x_wconf 81' lang='lat' dir='ltr'><strong>locis</strong></span> <span class='ocrx_word' id='word_1_556' title='bbox 1219 4435 1292 4486; x_wconf 86' lang='lat' dir='ltr'><strong>idern</strong></span> <span class='ocrx_word' id='word_1_557' title='bbox 1305 4451 1368 4486; x_wconf 81' lang='lat' dir='ltr'><strong>rer·</strong></span> 
     </span>
    </p>
   </div>
   <div class='ocr_carea' id='block_1_10' title="bbox 0 0 1517 5138">
    <p class='ocr_par' dir='ltr' id='par_1_11' title="bbox 0 0 1517 5138">
     <span class='ocr_line' id='line_1_57' title="bbox 0 0 1517 5138; baseline 0 0"><span class='ocrx_word' id='word_1_558' title='bbox 0 0 1517 5138; x_wconf 95' lang='lat' dir='ltr'><strong> </strong></span> 
     </span>
    </p>
   </div>
  </div>
 </body>
</html>
