2998 5138
454 398 825 467 TERPSIOHORE.
852 406 890 466 V.
913 416 939 469 6.
1227 409 1261 473 ll

74 583 149 653 νεεδ
156 574 164 598 ’
180 575 345 646 ἄστικτον
357 574 484 664 ἆγενὲς.
520 573 626 665 ἀργὸν
649 576 735 646 εἶναι
755 575 949 664 κάλλιστον’,
978 582 1039 666 γῆς
1066 580 1103 648 δὲ
1124 578 1267 669 ἐργάτην
1341 589 1347 595 “
1384 559 1394 569 ⁶

120 677 331 769 ἀτιμότατον.
372 676 409 749 τὸ
430 679 527 765 ζώειν
552 677 618 748 ἀπὸ
648 684 794 770 πολέμου
822 682 878 750 καὶ
898 679 1053 770 ληιστύος
1079 681 1266 754 κάλλιστον.

118 914 226 980 Perieg.
237 914 300 967 322.
327 915 403 965 Inter
413 918 520 965 veteres
531 914 604 964 huno
615 930 669 965 mo-
719 913 830 976 vocavi,
850 929 920 978 quse
932 913 1019 964 forma
1035 929 1100 975 saqe
1112 915 1198 980 magis
1211 916 1264 967 He-

118 1000 185 1046 rem,
198 999 255 1049 quo
268 984 316 1049 qui
326 992 417 1034 entem
427 986 500 1035 notIs
509 984 669 1035 distinctam
720 983 834 1033 rodotea
847 984 933 1048 magis
953 1000 987 1035 ue
1002 985 1169 1049 respondens
1192 990 1267 1036 ante-

115 1060 231 1131 gerunt,
245 1053 396 1118 pulcriores
406 1054 669 1115 habentur‚testan-
720 1054 828 1103 cedenti
857 999 968 1117 εὐγενῖς
993 1054 1114 1115 videtur,
1148 1060 1211 1104 utut
1234 1056 1266 1105 de

118 1132 164 1173 tur
173 1124 342 1174 Artemidor.
352 1124 507 1186 Oneir.1,9,
519 1123 573 1173 Dio
585 1123 670 1188 Chry-
721 1123 922 1187 significatione
938 1127 1062 1184 statuas3
1086 1123 1142 1174 sid.
1159 1140 1266 1190 quoque

118 1198 185 1244 sost
199 1194 250 1245 Or.
266 1194 340 1243 XIV.
359 1208 385 1258 p.
400 1192 494 1243 2351).
511 1199 554 1255 et,
573 1195 621 1257 qui
636 1194 671 1244 de
721 1193 838 1243 Brsdov.
855 1208 916 1257 pag.
930 1193 974 1245 88.

117 1278 205 1314 musa
230 1270 258 1312 et
289 1264 393 1327 origine
420 1263 576 1329 stigmatum
603 1264 670 1327 agit,
755 1252 845 1325 ἀργὸν
868 1256 943 1310 εἶναι
964 1256 1114 1312 ιιοῖλλιστον
1137 1279 1164 1316 τι.
1186 1278 1209 1317 τ,
1227 1264 1265 1329 1.]

118 1333 276 1384 Phanooles
295 1333 368 1396 apud
378 1333 466 1384 «sloh.
485 1333 570 1383 Serm.
582 1332 670 1381 LXII.
723 1332 858 1410 „Quando
867 1329 918 1396 γῆς
929 1321 1048 1415 {proloqu
1062 1335 1177 1398 opponit
1189 1335 1268 1399 ipsis·

118 1419 144 1466 p.
161 1403 227 1453 400.
250 1403 284 1452 T.
304 1402 341 1451 11.
361 1418 388 1465 p.
405 1404 457 1453 478
470 1402 558 1453 Gaisl.
595 1404 671 1464 Quos
723 1415 775 1464 qus
786 1414 818 1449 το
830 1394 948 1465 ζῇνάπο
959 1401 1082 1467 πολεμον
1096 1404 1191 1454 itidem
1204 1398 1268 1452 κάλ-

117 1472 240 1523 laudans
259 1471 466 1541 Wessolinginq
478 1471 511 1521 de
528 1472 579 1522 hoc
596 1487 671 1520 more
721 1469 817 1518 λιστον
831 1469 952 1520 habitum
967 1472 1077 1534 scribit,
1090 1473 1204 1536 primam
1213 1475 1267 1525 He·

120 1541 341 1606 locupletissime
353 1543 443 1607 egisse
457 1541 533 1592 addit
544 1543 585 1591 Io.
598 1541 671 1591 Rho·
722 1538 837 1589 rodotns
850 1543 928 1590 vocis
938 1543 1086 1606 respiciens
1095 1542 1269 1607 significandi

118 1613 194 1662 dium
224 1611 254 1660 ia
278 1610 416 1661 Scribonii
438 1612 520 1675 Largi
542 1612 670 1674 Compos.
723 1610 824 1671 dotem,
838 1625 892 1674 qua
904 1615 983 1660 notat
994 1605 1082 1674 ἀργὸς
1092 1611 1124 1660 ab
1137 1628 1214 1675 opere
1226 1630 1268 1662 ru-

119 1682 190 1733 med.
216 1695 281 1744 pag.
300 1680 362 1730 231.
405 1681 453 1729 Cr.
475 1681 583 1731 confert
607 1679 671 1730 Plu-
722 1681 786 1729 atico
801 1678 885 1744 [quod
897 1682 992 1731 vocari
1004 1674 1036 1729 τὸ
1051 1673 1133 1743 ἔργον
1148 1682 1267 1732 vidimus

119 1750 210 1801 tarch.
236 1750 279 1799 Ile
296 1750 325 1802 8.
344 1751 377 1799 N.
394 1751 426 1803 V.
444 1766 505 1815 pag.
523 1754 557 1802 52
579 1751 670 1814 ibique

117 1818 321 1884 Wytteubacb,
340 1834 402 1884 pag.
416 1822 465 1878 87,
487 1824 533 1885 qui
546 1818 671 1871 Clearchi

118 1891 208 1940 locum
228 1888 311 1939 affort
329 1889 403 1951 apud
415 1889 513 1941 Athen.
528 1890 590 1939 XII.
607 1903 669 1954 pag.

117 1961 169 2010 524
181 1960 217 2009 Ι).
233 1974 299 2024 pag.
314 1959 366 2008 448
379 1958 529 2022 Schweiqh.
559 1961 601 2009 Tu
615 1957 669 2008 rid.

118 2031 234 2094 copioso
258 2028 295 2076 do
308 2028 351 2077 his
371 2034 551 2092 exponentem
566 2027 671 2078 Boctti·

118 2114 180 2165 ger:
199 2098 302 2149 Kleine
314 2096 427 2151 Schrilt.
436 2100 459 2148 1.
468 2113 529 2162 pag.
540 2096 589 2147 184
602 2112 672 2161 seq.,

118 2168 272 2234 praecipue
285 2182 346 2232 pag.
363 2168 413 2217 174
429 2183 505 2232 seq,
524 2168 571 2217 nbi
584 2166 672 2216 Hero·

118 2238 180 2298 doti
199 2250 310 2301 quoque
328 2237 415 2287 locum
435 2239 534 2302 tangit.
577 2237 614 2286 Et
631 2251 673 2286 re·

119 2307 186 2357 terri
207 2307 391 2371 quoqaohuc
409 2311 524 2372 possunt
546 2306 581 2364 ii,
604 2320 673 2370 quos

119 2375 286 2440 Xenophon.
300 2376 419 2426 Atrabas.
437 2377 471 2439 V,
485 2379 518 2438 4,
533 2375 567 2428 32
580 2371 614 2424 τὰ
627 2369 669 2437 ἔμ-

118 2447 255 2507 προσθεν
272 2438 367 2493 πάντα
386 2436 565 2510 ἐστιγμένους
586 2437 673 2492 ἄνθε’·

118 2531 169 2579 μιν
195 2514 278 2565 dixit.
322 2517 379 2565 Nec
403 2530 565 2580 quemquam
590 2515 673 2578 fugit,

118 2587 273 2636 etiamnum
294 2585 322 2633 in
340 2586 406 2634 ieris
424 2585 565 2635 Americse
588 2590 673 2647 atque

117 2652 283 2705 Australiao
305 2654 402 2705 incolis
428 2654 587 2720 quibusdam
607 2668 673 2703 eun·

118 2724 179 2775 dem
190 2730 271 2775 certe
283 2739 383 2774 morem
396 2725 528 2784 obtinere,
542 2728 673 2773 utentem

118 2795 193 2845 notis
214 2793 318 2855 variis,
340 2793 521 2858 imaginibus,
539 2793 618 2854 aliis,
634 2791 676 2841 di·

117 2865 255 2915 stinctam
275 2861 470 2929 'coloribusque
488 2863 574 2913 variis
596 2861 673 2911 indu·

117 2941 192 2985 ctam
206 2932 331 2982 babeant
340 2949 425 2997 eoque
436 2932 580 2998 plurimum
591 2946 621 2981 se
632 2932 673 2980 ia·

117 3009 213 3064 etent,
234 3017 297 3052 cum
310 3003 338 3051 in
355 3018 386 3053 eo
403 3018 502 3067 magm
517 3000 673 3052 venustatis

118 3089 184 3139 pars
192 3071 273 3137 apud
285 3071 348 3122 illos'
360 3077 515 3124 censeatur.
536 3072 627 3132 (loni,
639 3086 673 3121 ue

118 3143 217 3208 plura,
233 3157 290 3191 ron
300 3142 430 3193 Martius:
447 3144 508 3194 Von
520 3142 545 3191 d.
558 3141 674 3192 Rechts-

119 3210 252 3263 anstand.
263 3216 342 3261 anter
351 3211 376 3262 d.
384 3211 598 3263 Ureinwobnern
608 3210 674 3260 Bra·

119 3282 218 3333 siliens
234 3280 381 3345 (Miinchen
396 3281 473 3344 1832)
488 3297 553 3347 pag.
568 3282 597 3330 11
612 3296 672 3345 seq.

119 3356 179 3402 not.
191 3376 228 3387 —
249 3350 282 3399 In
294 3366 368 3415 seqq.
382 3351 520 3403 Gaisiord.
537 3350 673 3401 eFloren·

119 3423 181 3472 tino
195 3420 317 3483 aliisque
332 3421 409 3471 dedit
424 3412 548 3484 ἀγεννές.
585 3419 673 3483 Vulgo

117 3484 231 3555 ἀγενές.
268 3490 309 3541 Ta
321 3491 377 3542 vid.
390 3490 543 3541 Stalibanm
560 3489 596 3539 ad
607 3489 673 3538 Phi-

117 3561 174 3614 leb.
198 3574 266 3624 pag.
286 3559 334 3611 133
354 3575 426 3624 seq,
450 3559 521 3611 Held
544 3559 580 3609 ad
599 3557 673 3609 Plat.

118 3629 224 3681 Timol.
240 3629 280 3680 15.
292 3630 422 3694 pag.400.
444 3630 567 3694 Namque
577 3618 674 3692 ἆγενὲς

118 3699 154 3750 ad
171 3696 283 3749 natales
296 3705 324 3748 et
335 3714 430 3762 genus,
445 3689 558 3763 ἀγεννὲς
568 3699 604 3748 ad
613 3699 674 3748 ani-

117 3785 194 3820 mum
202 3767 304 3819 referri
313 3768 394 3833 vulgo
404 3769 522 3819 tradunt.
537 3767 674 3831 Schweig-

117 3836 277 3890 haeuserus‘
288 3840 316 3887 in
328 3842 406 3889 textu
419 3853 582 3904 quamquam
599 3838 672 3887 exhi-

117 3911 188 3960 bens
205 3901 349 3971 ἀγεννές,
376 3908 471 3959 melius
494 3914 586 3958 tamen
611 3923 672 3958 cum

118 3977 272 4030 Enstatbio
301 3978 337 4052 ad
360 3979 476 4043 Dionys.
495 3978 600 4042 Perieg.
620 3976 672 4027 322

119 4049 205 4100 scribi
216 4047 287 4097 dicit
298 4041 405 4111 αγενές,
433 4049 469 4097 Ar
479 4048 506 4097 in
516 4047 672 4111 Eustathio,

119 4117 231 4182 qualem
254 4115 380 4167 exhibuit
400 4117 573 4181 Bernhardy,
598 4122 673 4167 recto

120 4194 209 4238 nunc'
226 4187 390 4251 impressam
423 4187 501 4238 rideo
535 4180 670 4250 ἀγεννές.

121 4257 199 4307 (Ioni.
213 4271 327 4322 quoque
337 4257 475 4307 Schaoler.
486 4258 520 4306 ad
530 4255 669 4306 Plutarch.

121 4327 176 4378 Vir.
190 4327 225 4377 T.
240 4327 291 4378 lv.
303 4341 331 4391 p.
342 4326 393 4376 205
404 4327 445 4377 cd.
456 4327 561 4378 Teubn.
587 4325 671 4391 Equi·

121 4395 180 4447 dem
193 4396 278 4462 plane
292 4401 324 4445 ut
338 4397 366 4454 1,
386 4395 435 4447 134
453 4395 670 4461 vulgatarnoiys-

121 4461 166 4524 sle
182 4480 248 4518 cum
270 4466 396 4517 omnibus
416 4471 529 4518 receutt.
548 4467 608 4519 edd.
629 4483 669 4518 re-

722 1748 756 1798 ad
769 1749 902 1799 Herodot.
916 1750 944 1808 1,
964 1748 1008 1815 36]
1027 1757 1170 1810 vacantem,
1187 1750 1268 1801 hone-

722 1812 846 1882 stiusque
856 1817 985 1884 intelligit
994 1824 1076 1882 ολίιινι,
1088 1821 1213 1884 quodque
1222 1820 1269 1869 ho·

722 1888 810 1937 mines
822 1886 967 1939 bellicosos
979 1905 1032 1939 non
1045 1888 1203 1947 dedeceret3
1220 1885 1269 1953 οἱρ-

722 1948 775 2021 yos
799 1950 874 2006 εἶναι
892 1964 920 2008 et
939 1950 1094 2023 πολεμικὸν
1117 1963 1145 2009 iu
1165 1960 1268 2010 talibus

722 2026 891 2077 tantumdem
900 2042 986 2091 paene
995 2029 1097 2080 valent.
1114 2030 1208 2081 Talem
1220 2021 1269 2092 ἆρ-

723 2094 790 2161 yios
807 2087 936 2162 ἀδελφὴν
952 2098 1003 2162 τῆς
1019 2093 1183 2161 ἐλευθερίας
1197 2100 1269 2150 dixe·

723 2170 767 2217 rat
781 2168 922 2229 Socrates,
940 2169 963 2217 si
979 2169 1046 2219 dicti
1058 2167 1208 2234 legitimum
1221 2184 1269 2233 pa-

723 2241 792 2286 trem
814 2237 928 2287 tradidit
946 2238 1052 2288 Aelian.
1073 2239 1106 2288 V.
1122 2239 1155 2288 H.
1170 2241 1209 2301 X,
1227 2240 1268 2301 14,

725 2306 869 2357 ostendere
879 2306 967 2357 voluit
975 2309 1112 2359 Maximus
1120 2309 1185 2372 Tyr.
1193 2309 1269 2359 Diss.

724 2377 815 2426 XXIX
835 2365 878 2424 ὅτι
899 2374 1115 2437 λυσιτελέστερον
1134 2374 1171 2442 τῇ
1189 2371 1270 2426 πόλει

725 2437 756 2493 oi
773 2442 1021 2508 προπολεμοῦντες
1036 2436 1055 2508 ἢ
1071 2438 1101 2493 oi
1116 2447 1270 2510 γεωργοῦν·

724 2513 800 2570 τες.“
814 2541 850 2552 -
876 2515 1013 2579 „Artibus
1032 2514 1204 2566 abstinentes
1219 2516 1271 2566 sel·

725 2583 831 2633 lulariis
842 2599 963 2649 agroque
973 2584 1095 2646 colendo,
1105 2588 1189 2649 atque
1202 2587 1271 2636 adso

723 2645 821 2716 ἀργοὶ,
833 2654 905 2718 apud
919 2653 1062 2719 plerasque
1072 2660 1168 2717 gentes
1178 2669 1271 2704 aman-

724 2724 809 2773 tiores
833 2723 971 2775 libertatis
994 2722 1168 2773 habebantur
1188 2722 1272 2774 hono-

724 2793 856 2842 ratiores:
895 2791 951 2846 vid.
979 2792 1080 2844 Heaod.
1112 2794 1156 2856 Il,
1187 2793 1271 2844 low

728 2864 757 2912 V
760 2862 885 2916 alcion.
917 2863 986 2913 Add.
998 2865 1089 2915 virum
1101 2862 1211 2914 doctum
1228 2865 1272 2913 ins

724 2931 854 2984 Muetzell
865 2932 1024 2983 Zeitschrist
1035 2932 1055 2983 f.
1066 2934 1091 2984 tl.
1100 2932 1272 2997 Gymnasial·

724 3017 790 3054 vtes.
809 3001 882 3053 1857.
896 3018 960 3067 pag.
975 3003 1025 3055 366
1039 3018 1094 3068 seq.
1121 3004 1198 3065 Quae
1212 3005 1273 3069 ipsa

724 3072 752 3120 in
765 3073 922 3122 memoriam
935 3078 1067 3124 revocant
1076 3074 1271 3138 Spartanorum

724 3141 826 3190 similia
836 3142 974 3205 instituta,
982 3142 1015 3193 de
1026 3144 1270 3207 quibusPlutarclr.

723 3212 843 3275 Lycurq.
853 3214 887 3261 24
897 3212 959 3262 οο11.
967 3212 1155 3264 Wachsmuth.
1165 3214 1271 3264 lIellon.

723 3280 920 3335 Alterthumslr.
928 3283 965 3346 11,
974 3285 997 3333 1.
1006 3299 1071 3348 pag.
1079 3283 1113 3333 50
1122 3299 1197 3349 seqq.
1213 3286 1271 3335 Nec

724 3351 812 3414 magia
831 3350 883 3401 huc
902 3367 957 3401 non
973 3353 1126 3417 pertinent,
1150 3369 1220 3418 quae
1238 3354 1272 3403 ds

724 3420 876 3471 maioribus
904 3423 1006 3472 nostris
1035 3420 1130 3473 scribit
1157 3425 1272 3474 Tacitus

725 3490 851 3539 German.
870 3491 902 3541 14
917 3491 979 3556 fin,
1002 3492 1049 3542 ubi
1068 3492 1124 3541 vid.
1140 3493 1273 3558 iuterpre-

723 3563 776 3609 tes.
815 3559 901 3611 Usum
921 3561 1134 3626 praepositionis
1159 3556 1217 3611 ἀπὸ
1244 3563 1271 3612 in

724 3628 815 3681 verbis
832 3645 909 3696 seqq.
928 3624 960 3680 τὸ
981 3625 1060 3691 ζώειν
1074 3623 1133 3681 ἀπὸ
1147 3624 1272 3697 πολέμου

723 3694 772 3747 καλ
790 3692 922 3763 ληϊστύος
936 3702 1092 3752 notavimus
1104 3702 1144 3751 ‘ad
1158 3703 1210 3764 1v‚
1227 3703 1270 3755 22.

723 3768 856 3820 Dedimus
870 3775 962 3823 antem
973 3764 1053 3829 ζώειν
1062 3787 1123 3822 cunr
1133 3772 1272 3823 Dindoriio

724 3844 752 3887 et
762 3839 919 3904 Dietschio,
935 3842 1001 3905 quia
1010 3837 1074 3905 ζῇν,
1091 3847 1121 3890 ut
1131 3842 1212 3907 vulgo
1227 3843 1271 3892 hic

723 3907 866 3972 legebatur
873 3915 956 3975 atque
966 3911 1115 3961 etiamnum
1124 3913 1195 3976 apud
1203 3912 1272 3964 Beir-

723 3977 819 4028 lrernm
843 3978 959 4045 legitur,
992 3981 1080 4055 forma
1100 3982 1193 4031 Attica
1220 3988 1272 4045 est,

724 4063 795 4112 quse
809 4047 844 4098 ab
858 4050 1000 4100 Herodoto
1017 4050 1113 4116 utique
1128 4051 1220 4103 aliena
1232 4052 1272 4100 ri-

725 4117 818 4178 detur3
839 4119 912 4170 conf.
927 4120 1042 4172 Bredov.
1059 4136 1123 4185 pag.
1137 4121 1195 4172 170.
1230 4121 1272 4169 Dc

723 4188 812 4237 forma
823 4190 900 4239 vocis
919 4184 1033 4254 ληϊστύς
1050 4196 1133 4253 atque
1157 4194 1272 4239 accentu

721 4256 780 4308 vid.
804 4257 929 4309 Fischer.
962 4260 997 4309 ad
1024 4259 1132 4309 Weller.
1158 4259 1180 4307 Ι.
1207 4274 1271 4322 pag.

722 4326 783 4378 3118.
818 4329 1028 4380 Pertinenthuc
1044 4328 1193 4379 Homerica
1209 4318 1271 4390 leq.

720 4392 783 4516 eliae,
811 4389 950 4464 ὀρχηστύς
968 4399 1033 4465 (Od.
1060 4398 1089 4460 1,
1112 4397 1169 4446 152.
1186 4396 1271 4463 ath),

720 4483 783 4518 ara.
