2986 5130
455 393 724 457 POLYMNIA.
748 393 818 455 VII.
844 401 902 458 116.
1187 386 1248 450 719
1320 386 1323 391 ’

119 567 228 660 θερμὰ
243 568 383 659 λουτρὰ,
404 568 444 638 τὰ
460 567 612 659 Χύτρους
629 571 788 657 solioum
808 573 841 635 oi
854 565 1039 655 ἐπιχώριοι,
1060 566 1116 633 καὶ
1137 561 1249 652 βωμὸς

122 772 192 823 tibus
206 771 324 823 adventii
334 772 462 836 terraique
473 770 658 836 ipsdadgestit
697 770 781 818 'ctam
794 763 1138 833 dedicatamquevaluerit,
1152 768 1248 829 postea

124 843 239 892 locorum
256 842 657 906 eitummutatumatqueuiam
708 854 773 889 vero
801 836 871 887 alios
895 838 978 886 etiam
1001 837 1030 885 in
1051 835 1155 886 vicinia
1173 834 1248 884 locos

22 922 23 951 ³
124 912 246 962 latiorem
258 911 362 960 iactam
376 926 436 961 esse
449 910 562 965 addunt,
597 911 658 961 Uno
710 907 853 972 complere
866 908 913 956 sit.
933 905 1249 971 AtqneHerodotusqui·

22 1024 24 1031 .
124 990 212 1032 tamen
227 980 286 1030 loco
305 980 393 1030 adhuc
411 981 483 1030 uiam
498 987 554 1030 tum
573 995 659 1045 angn·
708 979 768 1029 dem
783 977 901 1026 nominis
914 972 1190 1043 Xoitqoainstamsibi
1204 990 1249 1023 ra·

23 1050 24 1053 ’
124 1058 191 1101 stam
213 1066 273 1101 esee
294 1058 432 1115 asserunt¹
452 1052 527 1101 saxis
549 1063 660 1115 praeru-
709 1049 812 1097 tionem
828 1045 1000 1108 reddiderat,
1024 1045 1051 1094 id
1073 1045 1146 1110 quod
1164 1044 1249 1094 verba

122 1122 174 1186 ptis
197 1121 234 1171 ab
251 1134 317 1181 nna,
339 1118 484 1185 paludibus
507 1120 658 1171 inaeoessis
709 1118 840 1168 evincunt
861 1117 964 1180 ipsius:
991 1112 1040 1164 acl
1057 1111 1151 1182 βωμὸς
1167 1111 1248 1177 idqu-

124 1192 156 1241 ab
169 1192 256 1242 alters
268 1196 347 1255 parte
363 1190 491 1250 cinctam,
504 1197 535 1239 nt
547 1191 594 1239 vix
605 1190 658 1239 dno
709 1187 786 1236 ται.“
804 1187 849 1236 De
861 1186 920 1250 ipso
932 1186 1025 1235 Attico
1041 1185 1122 1248 festo,
1146 1186 1190 1236 cui
1202 1199 1248 1233 no·

124 1263 229 1327 equites
240 1260 321 1310 simul
335 1260 453 1309 transire
471 1261 590 1324 possint.
611 1257 660 1306 Ai-
710 1272 770 1306 men
783 1247 912 1318 Χύτροι,
929 1256 1002 1305 idem
1020 1255 1062 1303 vir
1076 1256 1173 1305 doetus
1188 1254 1249 1319 pln-

122 1330 210 1380 firmat
219 1329 318 1386 Clarke
331 1328 349 1377 1.
361 1328 378 1378 l.
392 1343 453 1393 pag.
467 1330 517 1378 217
531 1326 598 1394 seq,v
613 1328 659 1392 qni
709 1341 741 1376 ra
754 1326 866 1375 disserit
878 1325 897 1373 1.
909 1325 927 1375 1.
940 1340 1000 1390 pag.
1013 1328 1047 1375 47
1059 1340 1134 1389 seqq.
1154 1326 1248 1389 Aquas

22 1432 27 1457 r
124 1403 315 1465 ipseexpertus
325 1404 376 1458 est,
382 1399 587 1464 periculumque
597 1399 661 1447 sub·
710 1396 793 1446 hasce
804 1393 910 1445 calidas
924 1395 1140 1459 praetereatull.
1149 1395 1247 1455 LXVI,

124 1468 365 1520 litmanimumhoo
378 1466 660 1532 ipsolooononvalde
710 1467 783 1516 neat
806 1464 931 1528 Sophool.
951 1464 1080 1514 Trachin.
1102 1464 1153 1514 002
1166 1461 1247 1513 Both.
1322 1517 1327 1525 ,

122 1548 224 1590 remoto
243 1538 278 1588 ab
302 1540 372 1602 ipsis
393 1540 515 1588 fontibus
536 1538 572 1587 ad
594 1537 662 1586 sini·
711 1535 763 1585 1533
779 1533 905 1584 Schneid.
920 1534 1031 1584 Pisand.
1046 1534 1074 1583 in
1086 1533 1176 1584 Schol.
1188 1535 1249 1583 Ari·

22 1625 29 1673 ξ
66 1604 72 1611 ’
124 1609 358 1660 straniviaesitie.
380 1606 551 1659 Vid.Kruse:
566 1606 661 1657 Hellas
711 1605 802 1669 etoph.
814 1603 903 1656 Nubb.
922 1603 988 1654 1052
1000 1604 1125 1653 indioant
1140 1618 1247 1668 qnoque

125 1681 159 1743 11,
174 1683 199 1730 2.
213 1696 239 1744 p.
258 1679 305 1730 121)
318 1694 386 1741 seq,
402 1677 629 1728 Vaudonoourtl.
641 1675 659 1728 1.
710 1675 805 1724 Livius
822 1678 850 1723 et
860 1673 961 1724 Strabo
974 1673 992 1725 l.
1006 1674 1022 1724 1.
1036 1673 1188 1724 Prosiliunt
1200 1674 1249 1722 isti

126 1767 150 1815 p.
164 1749 216 1802 280
229 1764 286 1813 seq.
303 1747 512 1799 Milliareunum
526 1762 661 1798 nuncma-
711 1745 800 1795 fontes
819 1742 928 1807 paulum
948 1744 983 1793 ad
1000 1743 1138 1793 sinistram
1150 1744 1248 1793 remoti

25 1872 29 1883 ,
126 1836 153 1870 re
175 1835 192 1869 a
213 1817 338 1869 saucibus
357 1817 460 1868 distare
477 1818 574 1868 scribit
587 1816 661 1867 Dod·
711 1812 1075 1876 abeoloeo,nbiTurearum
1086 1813 1246 1878 portorium,

126 1889 194 1940 wall.
207 1888 224 1942 l.
243 1888 262 1942 l.
279 1904 305 1955 p.
326 1886 383 1937 139.
711 1885 757 1934 oui
768 1898 840 1933 nuno
854 1898 952 1932 nomen
964 1885 1081 1947 Derueui,
1101 1882 1247 1933 admodum

712 1955 781 2004 clari
800 1958 828 2004 et
848 1952 977 2015 sulfurei,
999 1953 1080 2003 ealidi
1105 1967 1190 2018 usqne
1210 1952 1247 2004 ad

156 2018 251 2091 θερμὰ
270 2016 385 2087 λουτρὰ,
408 2017 443 2073 τὰ
461 2016 592 2087 Χύτρους
613 2037 663 2070 aa·
711 2030 819 2075 eentum
836 2027 964 2088 quattuor
978 2037 1012 2083 s.‚
1026 2022 1246 2085 ntaliitradnnl,

22 2072 26 2101 Ἰ
124 2095 218 2147 λέουσι
238 2089 269 2145 ol
285 2085 445 2159 ἐπιχώριοι]
472 2092 604 2145 Eustath.
627 2093 662 2143 ad
711 2109 797 2159 nsque
815 2094 851 2143 ad
869 2099 977 2143 eentum
1002 2092 1127 2142 undecim
1145 2095 1247 2157 gradus

22 2154 24 2169 ¹
123 2168 238 2232 Dionys.
254 2165 306 2216 437
323 2163 393 2214 baec
405 2166 494 2215 citans
509 2165 591 2214 affert
602 2154 662 2212 Xu'·
710 2162 887 2225 Fahrenheit,
899 2169 930 2213 nt
944 2160 1064 2212 affirmat
1071 2161 1170 2213 (llarlre
1179 2163 1249 2214 heu·

124 2251 206 2298 τραςς
231 2236 279 2287 sed
298 2228 430 2295 Χύτρους
454 2234 485 2299 (i.
506 2250 529 2284 e.
558 2233 661 2295 lebetes,
711 2249 761 2299 pra
782 2233 800 2286 l.
824 2248 923 2297 aquarn
946 2233 1160 2298 impraegnatam
1188 2248 1248 2284 esse

22 2280 27 2365 ¹¹,
123 2309 198 2367 oilae,
211 2302 315 2369 Kessel)
337 2304 421 2364 habet
440 2319 546 2368 qnoque
557 2304 663 2354 Pausa·
710 2318 824 2353 narrans
839 2303 1080 2364 carbonioo'aeido‚
1093 2302 1177 2367 calce,
1189 2303 1247 2355 sule

22 2372 28 2411 T
124 2378 183 2426 nias
203 2374 308 2436 lv,3o.
334 2376 364 2425 d:
397 2370 588 2437 γλαυκότατον
610 2363 661 2436 μὲν
713 2381 740 2425 et
756 2373 876 2434 sulfure,
895 2373 963 2424 adeo
980 2377 1011 2422 nt
1025 2387 1094 2437 qnae
1105 2373 1248 2425 circumia-

124 2439 191 2495 olda
204 2435 282 2506 ὕδωρ
295 2438 475 2507 θεοὶοαμενος
496 2438 528 2492 τὸ
544 2433 575 2491 ἐν
591 2441 661 2505 ideq—
711 2450 790 2504 cent,
814 2442 964 2494 sulfureum
985 2444 1135 2508 praebeant
1152 2444 1247 2509 adspe-

123 2505 265 2580 μοπύλαις
293 2502 424 2563 odriaco
439 2501 576 2593 areiu7oiii'
591 2503 662 2560 ὅσον
711 2516 793 2564 otum.
813 2513 897 2563 Plura
908 2514 996 2573 Kruee
1007 2512 1051 2562 hl.
1062 2528 1089 2577 p.
1103 2513 1161 2575 130,
1177 2514 1249 2564 Van·

124 2579 249 2635 κάτειοιν
261 2550 290 2640 le
308 2574 361 2647 τὴν
375 2580 597 2651 κολυμβηθοαν,
612 2571 663 2645 ἥν·
711 2584 853 2633 donoourt.
867 2583 885 2632 l.
896 2581 914 2636 1,
928 2582 1246 2647 p.281seq.etFiedler‚

125 2668 188 2707 τινα
200 2645 389 2718 ὀνομάζουσιν
405 2647 435 2701 ol
446 2646 594 2716 ἐπιχώριοι
604 2645 662 2700 Χυ-
711 2653 761 2703 alii
778 2668 862 2717 supra
873 2652 993 2711 laudati,
1014 2654 1061 2717 qui
1073 2653 1106 2704 de
1118 2652 1246 2704 Thermo-

22 2762 24 2785 :
125 2738 209 2788 roone
220 2720 414 2788 quaeratione:
438 2738 471 2773 ex
490 2738 543 2787 quo
559 2723 662 2772 Pauea·
711 2723 923 2789 pylisegerunt3
948 2722 981 2772 de
996 2722 1038 2772 his
1056 2723 1246 2787 aquiscalidis

22 2800 25 2863 ζ
126 2795 187 2845 niae
207 2794 267 2846 loeo
287 2793 359 2859 qaod
379 2793 406 2842 in
420 2792 552 2849 Herodoti
571 2792 662 2842 verbis
711 2794 822 2859 scripsit
834 2792 1161 2860 quoqueLanderer(Die
1171 2793 1247 2844 Heil·
1331 2815 1334 2821 ·

125 2857 664 2931 posth'toochn'rges(Prolegg.'I'hu-
711 2863 818 2929 quelleu
835 2865 863 2912 in
877 2861 1084 2919 Grieeheuland.
1099 2863 1246 2929 Bamberg.

124 2934 206 3000 oydd.
226 2949 289 2999 pag.
309 2933 371 2996 317)
388 2933 472 2983 inseri
494 2933 661 2996 vultyvvai-
714 2932 805 2997 18:37),
831 2932 949 2982 calorem
970 2932 1135 2983 adscendere
1161 2948 1248 2999 nsque

123 3001 220 3059 κειόυς
234 3003 320 3068 [certe
333 2998 542 3067 γυναικηΐους],
560 3002 588 3051 id
603 3004 661 3067 qui·
711 3005 745 3054 ad
755 3002 953 3069 quinquaginta
965 3003 1032 3052 dnos
1043 3003 1144 3066 gradus
1155 3018 1248 3055 secun·

125 3075 187 3124 dem
199 3073 271 3125 hand
284 3073 595 3125 neeessarinmvidetur.
613 3072 662 3123 Sa·
714 3074 775 3124 dnm
785 3072 929 3124 Rdaumur.
940 3076 1055 3122 testans.
1079 3072 1133 3123 Hic
1143 3075 1206 3124 olim
1220 3070 1248 3123 in

123 3145 162 3195 tis
176 3158 241 3193 vero
254 3148 373 3199 constat.
391 3142 444 3192 hoe
456 3142 662 3193 eodemnomine
713 3142 905 3194 Thessalorum
915 3142 1248 3208 ethialiensinmgrstiam
1279 3200 1283 3208 ,

127 3214 199 3279 apud
210 3214 391 3264 Athenienses
403 3212 502 3263 festum
519 3228 578 3263 esse
593 3211 663 3262 cele·
713 3213 795 3264 oellas
806 3213 1014 3278 aegrotantibus
1023 3215 1177 3264 commodas
1188 3231 1248 3265 eon·

127 3285 233 3333 brutum
245 3283 315 3345 (rid.
328 3282 402 3333 locos
414 3286 483 3332 vett.
495 3281 569 3347 apud
577 3282 661 3332 dar.
713 3284 781 3334 strui
801 3298 911 3333 curasse
934 3283 1068 3333 Herodem
1091 3284 1213 3335 Atticum
1233 3302 1248 3335 e

125 3355 273 3404 Hermann.
285 3351 491 3405 Gottesdienstl.
503 3351 620 3404 Alterth.
635 3351 661 3406 d.
712 3352 841 3403 Philostr.
864 3352 920 3403 Vit.
935 3353 1037 3403 Herod.
1060 3370 1086 3417 p.
1105 3353 1155 3404 551
1179 3354 1246 3421 [Vit.

124 3422 234 3474 Grieoh.
256 3425 281 3485 ξ.
297 3421 332 3473 58
353 3426 409 3472 not.
423 3421 462 3485 2),
481 3423 511 3473 in
523 3437 576 3488 quo
594 3420 663 3472 ollas
714 3422 832 3487 Sophist.
853 3422 1004 3488 11‚1.§.5]
1021 3423 1126 3493 colligit
1134 3425 1249 3476 Valcke-

124 3493 308 3558 leguminibus
321 3491 418 3542 aliisve
436 3491 516 3542 rebus
528 3491 662 3542 similibus
714 3508 773 3543 nar.
796 3493 855 3544 Hos
868 3497 959 3543 autem
971 3492 1062 3543 iontes
1073 3492 1153 3544 lauth
1163 3510 1248 3560 aqua-

124 3562 245 3628 repletas
253 3562 306 3614 diis
316 3562 443 3613 offerrent
453 3577 486 3612 ac
497 3561 663 3613 dedicarent.
714 3579 772 3613 rum
792 3563 873 3628 oopib
896 3565 1038 3627 provenire
1059 3564 1156 3615 scribit
1175 3566 1249 3615 Dod-

129 3635 244 3697 „Neque
264 3647 326 3684 vero
348 3631 399 3697 (ila
414 3632 510 3682 scribit
521 3631 663 3682 Fritasohe
714 3632 785 3683 well.
807 3632 825 3682 l.
841 3632 860 3682 l.
878 3648 906 3697 p.
925 3632 983 3693 139,
999 3639 1030 3682 ut
1042 3634 1171 3683 continno
1184 3635 1247 3684 inde

127 3708 158 3754 in
184 3703 349 3753 commenti.
370 3703 404 3752 de
427 3702 544 3753 Lenaeis
563 3701 663 3752 Atticis
715 3702 1248 3768 pluresefficianturrivulistorrentes,

126 3775 264 3823 Mantiesa
287 3770 429 3838 [Rostook.
448 3770 526 3838 1837]
540 3787 603 3837 pag.
617 3772 663 3837 53)
683 3804 687 3811 ·
715 3774 762 3840 qui
773 3774 809 3824 ad
821 3787 895 3823 mare
909 3772 1038 3823 defluant.
1063 3773 1164 3823 Fontes
1180 3774 1248 3824 dnos

126 3842 177 3892 illa
191 3842 335 3893 dedicandi
352 3841 483 3907 perellas
497 3843 664 3893 consuetude
715 3845 887 3910 potissimum
912 3858 971 3894 esse
992 3843 1040 3891 vir
1063 3842 1161 3907 viginti
1184 3859 1248 3908 pas·

125 3912 295 3963 Athenarum
318 3914 440 3977 propria,
465 3911 512 3962 sed
533 3912 665 3964 Graeciae
715 3930 792 3965 annm
809 3917 899 3978 spatio
918 3930 934 3963 a
955 3928 984 3963 se
999 3912 1133 3963 distantes
1152 3913 1248 3963 scribit

126 3984 321 4044 universae‚ut
329 3983 451 4046 equidem
457 3983 586 4042 arbitror,
592 3997 665 4032 eom·
714 3984 827 4036 Vischer
839 3982 882 4033 l.l.
893 3998 956 4048 pag.
964 3982 1024 4045 6³8,
1035 3999 1147 4047 qnorum
1158 3999 1247 4048 aquae

125 4053 218 4103 munis
240 4052 301 4104 init.
341 4052 572 4114 Quemadmodum
593 4053 665 4103 enim
715 4055 878 4104 coniunctae
902 4068 963 4103 mox
987 4052 1102 4103 rivulum
1126 4053 1247 4105 efficiunt

121 4122 244 4175 Athenis
256 4123 314 4174 dies
327 4123 424 4186 fastus,
436 4124 477 4173 sie
487 4123 523 4174 ad
535 4122 665 4173 Thermo·
715 4122 813 4173 molam
826 4138 898 4173 nuno
907 4129 1033 4188 agentem
1043 4130 1070 4172 et
1080 4123 1143 4173 inde
1153 4124 1188 4174 ad
1200 4140 1248 4189 pa-

124 4192 208 4257 pylas
221 4193 295 4243 loene
308 4208 384 4243 sacer
393 4193 443 4242 hoc
452 4196 561 4244 nornine
572 4191 665 4258 adpel·
715 4192 791 4245 ludes
801 4229 807 4256 ,
818 4208 890 4256 quae
899 4190 1062 4257 Spercheum
1070 4193 1249 4257 circumdant,

122 4264 203 4314 latus
222 4268 273 4326 eat,
287 4262 460 4327 Herod.V11‚
487 4264 542 4315 1711.
570 4266 664 4329 Neque
715 4278 789 4314 mare
808 4278 903 4314 vereris
926 4261 1105 4313 delabentem.
1136 4265 1250 4322 Praeter

125 4333 201 4383 enirn
227 4333 369 4398 qnisquam
401 4333 518 4384 monitus
544 4334 664 4399 negabit,
714 4333 818 4384 huncce
840 4332 955 4383 rivulum
975 4349 990 4382 e
1012 4332 1109 4385 calidis
1127 4334 1249 4385 fontibus

124 4404 196 4469 quia
206 4402 354 4467 adpellatio
368 4403 413 4454 illa
428 4396 536 4466 Xu‘roor
549 4405 663 4468 primum
715 4408 804 4454 ortnrn
816 4402 885 4453 duos
898 4403 966 4452 alios
982 4402 1085 4454 rivulos
1099 4404 1249 4455 efauoibus

122 4474 208 4525 unice
222 4473 257 4525 ad
270 4473 395 4525 Herculis
414 4489 488 4525 aram
507 4474 546 4524 ibi
560 4478 665 4525 exstrn·
714 4474 906 4541 provenientes
925 4472 1028 4525 atinde
1041 4473 1249 4529 adeadenista-
