3008 5128
411 407 781 474 TERPSICHORE.
803 410 842 473 V.
866 420 910 475 68.
931 420 974 475 69·
1199 408 1258 473 127

204 589 318 656 Ταῦτα
337 585 401 676 μέν
419 613 486 655 ουν
505 582 726 666 ὁΣιιιυι-όνιος
739 587 948 673 Κλεισθένης
961 581 1164 673 ἐπεποιήκεε.
1185 580 1203 654 ὁ
1221 585 1306 662 6ὲ69

120 687 165 777 δὴ
183 687 363 779 Ἀθηναῖος
382 692 608 780 Κλεισθένης,
630 687 696 760 ἐών
716 693 777 759 τοῦ
797 697 990 759 Σικυωνίου
1009 688 1130 757 τούτου
1147 699 1257 777 θυγα-

118 797 252 882 τριδέος
265 791 373 863 καὶτὸ
387 790 514 884 οὕνομα
527 797 582 864 eet
595 793 715 864 τούτου
730 801 831 883 ἔχων,
847 795 976 862 δοκέειν
990 793 1078 881 ἐμοὶ,
1094 793 1150 861 καὶ
1163 784 1260 873 οὗτος

117 892 294 983 ὑπεριδὼν
304 894 443 985 Ἴωνας,
464 903 521 968 ἵνα
541 896 586 988 μή
600 898 695 987 effisos
716 902 754 966 ui
764 893 862 967 αὐτοὶ
876 903 954 966 ἔωσι
967 897 1073 983 φυλαὶ
1089 897 1145 964 καὶ
1155 893 1258 981 Ἴωσι,

117 997 383 1091 τὸννῖμιόνυμον
400 1005 611 1071 Κλεισθένεα
639 1000 828 1092 ἐμιμήσατο.
861 995 905 1081 ὡς
933 997 997 1090 γὰρ
1019 998 1061 1088 δὴ
1081 997 1141 1067 τὸν
1159 996 1257 1089 Ἀθη-

715 1201 834 1252 tribuum
847 1199 913 1250 nihil
931 1199 1078 1266 quidquam
1089 1199 1257 1263 Herodotus,

717 1272 764 1336 qui
778 1285 847 1336 qnae
863 1270 890 1320 h.
902 1269 920 1321 l.
935 1269 1054 1335 protert,
1074 1283 1106 1318 es
1120 1270 1256 1335 pertinere

118 1216 176 1252 nna
187 1216 251 1253 cum
261 1215 329 1267 agro
340 1201 483 1254 adiacente
494 1202 608 1268 Aspialis
619 1217 668 1266 ap-

118 1270 226 1337 pellata
250 1276 339 1334 esset,
366 1278 395 1323 et
417 1273 465 1338 qui
482 1273 511 1322 in
527 1279 606 1338 parte
623 1287 665 1322 se-

118 1341 310 1407 ptemtrionali
327 1342 462 1393 aduneris
481 1341 548 1393 litus
563 1335 666 1408 (αἰγια-

119 1403 182 1477 λόν)
208 1411 386 1476 habitabat,
416 1410 519 1463 Achsei
544 1413 665 1463 diceren-

118 1486 165 1531 tur
173 1474 329 1545 Αἰγιαλεῖς,
342 1480 485 1548 dequibus
498 1482 571 1533 conf.
579 1481 665 1547 Span-

119 1550 189 1600 hem.
198 1551 236 1602 ad
247 1551 405 1605 Callimach.
413 1553 442 1601 in
448 1551 509 1602 Del.
517 1551 559 1606 73.
571 1551 663 1604 Strab.

117 1619 506 1687 vl11.pag.382s.587A.
539 1622 582 1671 De
602 1622 663 1686 ipso

118 1691 216 1755 heroi,
237 1691 310 1741 unde
327 1691 415 1742 trihus
432 1706 531 1743 nornen
547 1691 662 1755 duxerit,

118 1762 192 1811 coni.
207 1760 367 1827 Apollodor.
384 1762 443 1824 111,
455 1762 487 1823 7,
501 1761 527 1814 ³.
541 1761 662 1812 Paussn.

118 1831 214 1889 ΙΧ,6.
236 1833 261 1893 ς.
273 1831 349 1880 7.-
365 1830 407 1881 Ad
424 1831 509 1881 verba
525 1825 577 1895 τὴν
592 1821 663 1880 ἐκω-

118 1900 227 1965 οομίηο
252 1891 420 1964 ποιεύμενοι
438 1897 596 1966 κεκλῆσθαι
618 1895 663 1950 Al-

715 1339 750 1390 ad
763 1340 852 1392 tribus
864 1343 983 1390 mutstes
997 1338 1043 1390 'vel
1055 1341 1146 1404 potius
1159 1345 1257 1390 suetas

715 1409 833 1476 indeque
842 1410 926 1460 etiarn
937 1404 1001 1465 aliis
1007 1408 1162 1459 nominibus
1171 1407 1256 1475 (quod

714 1495 826 1532 necesse
845 1479 914 1547 era)
933 1464 1099 1542 significatus
1113 1481 1257 1544 sequentia

714 1550 799 1601 verba
810 1485 967 1601 ostendunt.
986 1548 1048 1598 Hoc
1060 1549 1142 1612 igitur
1155 1550 1215 1600 loco
1228 1549 1256 1599 id

715 1624 821 1670 tanturn
830 1624 973 1684 spectasse
983 1616 1149 1669 Clisthenem
1156 1618 1257 1669 Noster

715 1689 797 1749 dicit,
816 1694 848 1740 ut
865 1703 900 1738 ne
916 1689 1026 1739 eaedem
1040 1689 1181 1753 (quattuor
1200 1702 1256 1739 am·

714 1759 798 1823 plius)
816 1758 1027 1809 Atheniensibus
1049 1761 1141 1809 essent
1158 1758 1255 1822 tribus,

714 1844 786 1893 quae
798 1829 871 1893 apud
885 1827 954 1879 eliae
967 1828 1061 1879 ionum
1072 1818 1202 1878 civitates
1213 1843 1256 1878 re-

713 1898 875 1963 perirentur.
905 1899 1028 1963 Namque
1042 1898 1154 1948 Ionicae
1164 1899 1255 1963 gentis

19 2856 24 2863 ·
120 2845 189 2896 rich.
203 2843 223 2895 Ι.
242 2841 260 2894 l.
275 2857 339 2909 psg.
353 2843 370 2892 2
384 2856 441 2907 seq.
458 2846 486 2891 et
501 2841 531 2891 C.
546 2842 579 2893 F.
593 2840 664 2891 Her-

714 1968 784 2020 satis
795 1972 906 2019 constat
913 1967 1050 2034 propriam
1058 1968 1146 2018 inisse
1155 1968 1257 2019 descri-

712 2039 833 2104 ptionem
855 2053 903 2104 per
921 2042 1050 2104 quattuor
1073 2037 1161 2089 tribus
1184 2053 1257 2088 eam-

713 2124 765 2174 que
789 2108 1016 2174 descriptionem,
1037 2123 1117 2173 quum
1139 2110 1169 2157 in
1192 2109 1254 2159 eliis

713 2194 821 2245 quoque
843 2179 939 2229 Ionum
957 2178 1117 2229 civitatibus
1138 2193 1255 2230 comme-

713 2255 847 2299 moratam
863 2248 1001 2313 videmus,
1022 2248 1050 2298 in
1064 2247 1157 2298 Attice
1167 2264 1255 2313 seque

714 2319 845 2382 inueniri,
865 2319 1038 2369 coniunctam
1055 2316 1128 2368 illam
1147 2319 1255 2383 quidem

713 2404 774 2440 oum
784 2388 853 2454 ipsis
862 2386 1148 2453 reipubliceehtticee
1157 2389 1256 2452 initiis,

714 2457 868 2509 nominibus
878 2457 1005 2507 tribuum
1025 2456 1192 2522 singularum
1209 2458 1257 2509 de·

714 2529 804 2579 ductis
820 2527 855 2577 sb
870 2527 944 2579 Ionis
958 2526 1035 2590 liliis,
1053 2532 1084 2576 ut
1095 2527 1195 2578 Noster
1212 2540 1257 2578 su·

714 2615 766 2666 pra
785 2613 846 2662 cap.
865 2597 899 2649 66
917 2596 1024 2646 indicet
1042 2594 1182 2661 vulgarem
1202 2597 1256 2647 uti·

715 2683 768 2735 que
786 2667 887 2717 temam
905 2671 1031 2728 secutus,
1057 2680 1118 2715 oum
1142 2666 1256 2731 abipso

714 2739 788 2790 vitae
799 2752 898 2802 genere
909 2736 977 2787 hseo
987 2735 1097 2786 nomine
1106 2736 1256 2800 repetenda

714 2824 775 2860 esse
788 2808 883 2872 negari
901 2810 1028 2872 nequeat.
1062 2806 1256 2871 Exposuerunt

715 2878 748 2929 ds
765 2877 807 2928 his
826 2881 956 2943 quattuor
970 2878 1066 2927 lonum
1084 2876 1210 2927 tribubus
1228 2882 1256 2927 et

714 2947 747 2999 de
761 2950 936 3014 quaternario
947 2960 1057 2997 nurnero
1067 2946 1094 2996 in
1104 2947 1199 2997 Ionum
1212 2962 1256 2998 re-

117 1969 233 2034 γιιιλέας
244 1970 318 2022 conf.
331 1972 365 2034 V,
380 1971 425 2024 65.

300 2160 367 2212 Cae.
387 2162 484 2214 LXIX.

153 2274 211 2332 loir
229 2278 283 2332 τοῦ
304 2278 468 2331 Σιιιοωοιόο
486 2270 589 2330 τούτου
609 2278 664 2330 θο-

118 2349 280 2419 γατοιδὲος]
293 2353 312 2403 i.
324 2369 347 2403 e.
360 2353 555 2416 resiliamus,
570 2351 594 2402 si
606 2351 664 2417 qni·

119 2425 180 2476 dem
200 2422 349 2473 Clisthenis
367 2427 446 2486 peter
460 2421 612 2487 Megscles,
632 2426 664 2472 ut

119 2494 176 2545 iarn
193 2507 279 2558 snpra
295 2494 323 2542 in
344 2497 413 2542 nott.
430 2491 466 2542 ad
483 2507 545 2557 esp.
565 2492 598 2543 67
624 2492 664 2541 in·

120 2565 291 2621 dicavimus,
312 2563 340 2612 in
357 2562 560 2612 matrimonium
580 2561 663 2612 duxe-

119 2639 165 2684 rat
182 2633 356 2700 Ageristem,
377 2631 525 2682 Clisthenis
542 2632 664 2695 Sicyonii

118 2703 216 2765 tilium,
226 2703 300 2755 unde
311 2707 391 2752 natus
402 2708 444 2753 est
454 2701 605 2752 Clisthenes
616 2702 664 2751 At·

120 2775 205 2828 tions.
229 2772 313 2824 Plura
325 2772 358 2822 de
372 2771 415 2822 his
428 2771 482 2821 vid.
495 2771 569 2836 apud
584 2771 664 2822 Diet-

120 2931 211 2968 mann.
225 2912 246 2963 l.
256 2912 274 2962 1.
286 2914 310 2976 5.
327 2910 385 2963 116.
398 2917 455 2961 not.
469 2911 494 2962 8.
508 2940 542 2950 -
556 2911 589 2960 lu
601 2925 664 2976 pro·

121 2968 664 3116 ζὲῗξοΐέἓωῖἆοζῐὲὴἘζῖξῗέἕοζῗῐξοζέ
714 3017 764 3068 hus
775 3018 855 3068 obvio
865 3017 964 3068 Meier:
978 3017 1019 3068 De
1029 3015 1179 3080 gentilitst.
1191 3032 1254 3083 pag.

120 3118 166 3175 ²¹²
179 3127 249 3176 et·
264 3120 299 3173 ⁸⁶
312 3121 344 3185 V=
358 3088 401 3174 ⁰⁵3
414 3120 457 3173 ⁰³·
714 3086 1256 3223 itteidhzbe⁰ihhf⁰hbir

153 3223 205 3310 ’καὶ
225 3210 311 3344 orire}
326 3215 593 3343 ὖζεριδὲὸνἼωνας,
615 3219 665 3341 tv}
714 3195 1068 3311 origine(hlerhurg.18⁴lil)
1080 3241 1142 3308 pag.
1156 3228 1167 3276 l
1179 3242 1255 3314 sepq.

110 3290 667 3430 -hrss’ss‘tbtzssthlhthiti.
714 3296 1256 3431 ii:th:sitiishlhhlhbii

118 3440 225 3498 tentis,
247 3435 372 3486 consulto
391 3433 488 3498 opinor
508 3434 665 3486 adiicientis
714 3436 748 3487 de
762 3436 874 3488 Ionibus
886 3434 1091 3502 (Gryphisesid.
1104 3435 1182 3501 1856)
1193 3452 1256 3502 pag.

119 3503 235 3558 δοκέειν
246 3496 323 3570 ἐμοὶ,
336 3503 489 3555 Clisthenes
504 3504 597 3555 eodem
609 3520 665 3556 nro·
713 3507 815 3573 dseqq.
834 3506 896 3556 Alis
907 3506 1093 3572 suppeditabit
1103 3505 1132 3557 C.
1143 3507 1175 3555 F.
1186 3507 1256 3557 Her·

119 3579 171 3642 do,
193 3591 249 3643 quo
268 3573 421 3625 Clisthenes
436 3574 582 3639 Sicyonius
601 3575 664 3626 odio
714 3593 811 3628 menn:
832 3576 939 3631 Grieoh.
953 3575 1158 3627 Stuutsalterth.
1174 3579 1198 3640 5.
1211 3576 1254 3628 04.

119 3648 148 3697 in
168 3644 277 3697 nobiles
295 3643 393 3695 ductus
413 3644 664 3710 entiqrres·Dornm
713 3674 750 3685 —
771 3647 851 3710 Quod
870 3661 935 3697 vero
952 3645 1004 3696 hoc
1023 3643 1084 3697 loco
1099 3646 1257 3697 Herodotus

120 3718 210 3768 tribus
224 3730 272 3780 per
288 3714 459 3781 opprobrium
475 3717 663 3779 commutavit,
714 3718 774 3783 lpse
794 3716 890 3767 Ionum
914 3720 1100 3781 contemptum
1121 3716 1257 3781 quendum

120 3803 168 3854 per
192 3787 291 3837 Ionum
322 3788 506 3850 contemptum
533 3785 664 3850 antiquas
715 3786 914 3849 declaraverit,
937 3786 1256 3853 aequeetquel,143‚

121 3855 329 3909 Atheniensium
344 3854 448 3917 tribus,
465 3869 535 3920 qnae
547 3854 590 3904 his
603 3869 664 3905 cum
715 3873 749 3908 ex
762 3873 815 3923 quo
830 3855 996 3908 Clisthenem
1013 3856 1074 3907 odio
1090 3857 1119 3907 in
1129 3856 1210 3908 Iones
1229 3862 1257 3905 et

121 3927 241 3978 asteris
260 3925 373 3981 Ionibus
396 3940 552 3975 communes
576 3931 664 3989 erent,
714 3928 803 3993 ipsum
815 3926 926 3978 ductum
938 3931 966 3976 et
976 3925 1124 3977 Clisthenis
1135 3927 1258 3992 Sicyonii

121 3996 253 4058 mutavit,
267 3994 295 4044 id
308 3999 451 4059 spectans,
463 4001 540 4045 utne
555 3994 665 4046 eaedem
715 3996 867 4063 exemplum
889 4001 1011 4047 secutum
1029 3996 1117 4047 tribus
1137 4003 1258 4048 mutasse

120 4064 333 4118 Atheniensibus
356 4070 449 4116 essent
466 4065 570 4128 tribue,
595 4079 666 4130 quse
715 4067 759 4119 vel
771 4067 863 4133 potius
882 4067 992 4117 auxisse
1009 4067 1154 4132 omniaque
1171 4082 1204 4118 ea
1219 4066 1258 4118 le·

121 4136 235 4187 leuibus
254 4134 387 4186 caeterisr
416 4133 468 4185 hoo
487 4135 558 4185 enirn
578 4134 666 4185 Hero-
716 4139 787 4189 cisse
800 4137 905 4199 trudet,
923 4151 993 4201 quse
1008 4135 1085 4187 illum
1102 4136 1163 4186 eliis
1181 4151 1257 4200 pror·
1317 4160 1321 4167 ·

120 4207 180 4258 doti
191 4205 277 4257 verbs
295 4203 363 4254 mihi
377 4203 517 4255 declarare
530 4202 665 4264 videntur,
717 4223 763 4259 sus
781 4207 815 4258 de
839 4207 930 4258 causis
948 4205 1049 4257 iecisse
1067 4206 1154 4257 rideri
1174 4221 1257 4271 snpra

121 4291 192 4341 quse
219 4273 296 4341 opud
323 4272 609 4339 Schweighserrsernm
639 4278 668 4325 et
717 4276 803 4340 adV,
822 4277 856 4329 66
870 4276 1003 4327 diximus:
1027 4275 1055 4326 id
1070 4275 1178 4340 quidem
1197 4274 1256 4324 viro

120 4345 249 4401 Diodori.
264 4345 306 4395 sic
316 4343 425 4394 reddita
436 4344 560 4395 invenio:
580 4360 612 4395 ns
624 4360 667 4395 su·
716 4346 799 4399 docto
807 4345 919 4411 (Grotez
933 4346 1048 4409 History
1059 4344 1089 4396 oi
1095 4343 1198 4395 Crasse
1207 4344 1256 4395 IV.

121 4418 176 4468 deus
192 4414 392 4468 Atheniensibus
407 4422 482 4480 otqroe
499 4413 602 4465 Ionibus
620 4416 667 4465 tri-
716 4431 743 4483 p.
759 4417 805 4469 171
823 4414 892 4483 seq.)
906 4415 1054 4466 concedere
1068 4429 1123 4464 non
1137 4427 1256 4479 possum,

122 4487 192 4539 bum
205 4488 307 4540 ιιοιιιιιιο
318 4491 411 4535 suess.
438 4485 475 4537 st
486 4483 520 4537 de
532 4484 668 4536 nominibus
717 4502 778 4539 cum
797 4486 878 4538 buius
897 4484 954 4537 odii
966 4484 1002 4538 ab
1016 4483 1156 4537 Herodoto
1172 4483 1201 4535 iu
1213 4483 1258 4537 Io·
