3010 5134
446 399 720 493 POLYMNIA.
744 390 816 463 vlt.
842 411 901 467 ιιι.
927 410 983 467 ιιι.

1220 397 1282 462 613

145 572 292 646 τουτέων
313 576 381 642 cciv
401 579 529 642 πολίων
548 573 706 666 στρατιὴν
728 575 913 665 παρέλαβε,
937 582 1034 646 ἔπλεε
1054 571 1231 663 ἀπιέμενος
1248 576 1282 654 ἐς

146 679 205 750 τὸν
219 688 389 767 Θερμαῖον
402 676 538 745 κόλπον.
575 679 736 776 κάμπτων
750 681 787 750 δὲ
798 677 985 769 Ἄμπελον,
1006 678 1068 769 τὴν
1085 687 1281 769 Τορωναίην

146 780 269 871 ἄκρην,
295 787 519 870 παραμείβετο
541 776 735 872 Ἑλληνίδας
753 783 856 854 τάσδε
874 783 985 869 πόλις,
1015 786 1135 853 ἐκτῶν
1152 780 1230 862 νέας
1244 809 1279 850 τε

146 984 192 1034 ubi
213 998 284 1033 nuuc
302 985 398 1047 portus
416 934 536 1033 Varduri
553 980 599 1033 vel
617 962 688 1033 alius

146 1058 240 1118 portus
253 1052 359 1103 vicinus
369 1052 582 1115 septentrionem
592 1068 687 1103 versus

145 1123 273 1174 cernitur.
308 1119 412 1184 Σίγγος
427 1122 506 1183 urbs,
527 1121 596 1173 unde
612 1123 687 1173 sinus

144 1194 293 1258 Strepitum,
320 1190 431 1255 reliquis
448 1190 555 1255 oppidis
574 1191 619 1242 hic
633 1208 687 1243 me·

145 1263 259 1313 moratis
271 1261 442 1325 praestitisse
455 1261 577 1323 videtur,
593 1264 615 1312 si
628 1263 687 1326 qui·

145 1333 328 1396 demptaeter
345 1329 529 1380 Ptolemaeum
548 1331 685 1396 Thucydi-

145 1402 193 1454 des
210 1414 327 1465 ,quoque
351 1399 389 1461 V,
412 1399 442 1448 18
465 1404 596 1450 memoret
620 1398 686 1464 Σιγ-

145 1469 254 1536 ηαίοος.
280 1468 353 1531 Quin
364 1474 457 1518 vetere
468 1469 497 1519 iu
507 1470 686 1533 inscriptione

145 1540 218 1607 apud
231 1537 352 1589 Boeclsh.
370 1538 398 1587 in
411 1538 552 1603 Inscriptt.
567 1539 648 1604 Corp.
661 1539 684 1588 I

145 1628 172 1676 p.
187 1610 238 1661 304
253 1607 372 1658 occurrit
384 1606 476 1673 δέομαι
487 1608 562 1661 ιιιλιι.
592 1608 686 1659 Lealra

147 1681 163 1730 l.
183 1680 200 1730 l.
221 1678 249 1727 in
265 1677 365 1728 veteris
382 1677 458 1727 urhis
477 1677 566 1727 locum
590 1683 618 1728 et
637 1693 685 1727 no-

144 1766 204 1801 meu
222 1763 294 1798 nunc
313 1747 480 1798 successisse
498 1752 578 1811 putat
595 1749 684 1798 vicum

143 1819 239 1886 Spiris,
254 1816 391 1867 meridiem
402 1815 633 1867 versusaPiloro.
662 1817 685 1865 A

144 1889 230 1954 Sykta
256 1886 300 1935 vel
321 1886 409 1950 magis
433 1886 571 1936 meridiem
591 1901 685 1937 versus

141 1958 250 2010 videtur
260 1957 315 2006 sita
324 1954 496 2005 tuisseSorto
506 1972 537 2006 eo
549 1954 605 2005 tero
615 1955 685 2019 loco,

143 2043 196 2093 quo
207 2041 278 2076 nnuc
287 2024 395 2075 Kartali
407 2026 560 2083 iuvenitur,
576 2030 607 2075 ut
618 2026 686 2076 scri-

144 2098 185 2148 bit
197 2097 268 2146 idem
280 2094 381 2144 Leake.
413 2094 455 2143 De
467 2094 519 2145 hac
532 2095 599 2144 urhe
612 2096 686 2147 eiua·

144 2182 195 2233 que
210 2163 308 2216 incolis
324 2161 486 2230 (Σαριαίοι)
504 2165 556 2213 vid.
575 2169 684 2228 praeter

142 2235 311 2301 Stephanum
337 2233 517 2296 Byzantinum
543 2250 564 2283 s
588 2250 613 2281 r.
639 2249 682 2293 ea,

145 2321 214 2372 quae
231 2303 328 2354 attulit
344 2318 378 2352 ex
391 2302 632 2367 inscriptionibus,
655 2304 684 2353 in

143 2376 240 2441 quihus
251 2373 326 2424 urbis
336 2379 364 2422 et
375 2371 523 2421 incolarum
534 2374 635 2423 mentio
645 2372 683 2435 fit,

142 2443 269 2496 Boeckh.
295 2441 527 2492 Staatshanshatt.
543 2443 567 2491 ιλ.
585 2442 683 2494 Athen.

143 2516 181 2565 ll.
193 2529 255 2579 pag.
267 2512 387 2575 725seq.
397 2510 441 2561 ed.
450 2526 504 2562 sec.
534 2512 685 2562 Exhisau·

144 2591 198 2634 tem
211 2582 373 2634 civitatibus
382 2581 485 2631 Xerxes
497 2597 529 2631 eo
540 2597 592 2645 quo
603 2596 685 2646 supra

144 2654 262 2705 diximus
275 2649 354 2702 modo
370 2651 465 2715 cupias
478 2652 638 2729 assumpsit.

178 2712 288 2772 iuter'
270 2714 423 2782 exciperes
436 2710 527 2776 ἐςτιν
540 2717 686 2784 Θερμαῖον

141 2785 298 2854 πόλπον]“
291 2807 308 2840 ι.
330 2807 353 2840 e
370 2792 461 2839 classis
478 2804 590 2856 propero
611 2806 686 2840 cursa

143 2863 223 2913 tendit
248 2875 270 2910 a.
298 2861 374 2909 terrrrit
404 2860 482 2909 sinum
509 2860 684 2910 Τλαινινίοαιιι.

142 2931 233 2982 Verbo
243 2922 382 2978 ἀπίεσθαι
394 2936 459 2979 suut
469 2930 515 2994 qui
528 2929 687 2992 properandi

144 3001 282 3052 notionem
302 2999 442 3061 tribuunt,
469 3014 527 3048 cum
548 2997 597 3048 alii
614 2999 686 3048 acci-

143 3073 220 3136 piant
228 3070 363 3132 proticisci,
378 3068 459 3117 ubire.
480 3069 634 3119 Gronovius
647 3071 687 3117 in-

143 3144 309 3205 terpretatus
326 3141 386 3188 erat
401 3140 462 3188 velis
473 3140 600 3189 tmueittere
610 3138 685 3188 halre-

142 3227 198 3262 ιιιιι.
240 3208 309 3258 Mihi
331 3207 383 3256 hoc
403 3206 464 3257 loco
488 3198 626 3256 ἀπίεσθαι
648 3208 684 3258 ad

143 3297 202 3332 earu
218 3276 446 3343 significationem
464 3277 596 3328 secedere
611 3277 685 3326 vide-

143 3355 201 3409 tur
229 3362 308 3412 quam
328 3347 419 3397 inesse
439 3347 555 3396 vidimus
574 3346 621 3411 (ad
636 3347 686 3406 Vl,

146 3419 229 3485 uu)
222 3433 249 3467 ιιι
268 3416 384 3480 simplici
401 3417 485 3467 serbo
503 3414 614 3478 ἵεσθαι,
637 3417 684 3465 ad-

144 3490 239 3539 iuncta
260 3502 292 3536 ea
315 3486 357 3545 vi,
381 3501 467 3565 qnam
485 3487 568 3536 rerho
587 3487 684 3535 tribuit

144 3556 312 3625 praepositio
329 3546 402 3618 ἀπό,
426 3557 520 3619 itaque
536 3554 611 3607 valet
631 3556 685 3605 uti·

144 3645 195 3694 que
206 3627 288 3688 abire,
300 3625 348 3676 aed
360 3642 420 3675 curn
431 3626 607 3676 testinatione
618 3641 686 3690 que·

10 3718 12 3739 ¹
96 3751 101 3760 ,
143 3700 205 3748 dam
229 3702 256 3746 et
280 3695 368 3745 citato
391 3710 482 3745 cursu.
517 3695 579 3744 Alio
602 3710 684 3745 sensu

143 3762 284 3817 απιεσθαι
300 3765 358 3824 ΙΙΙ
377 3764 441 3823 tou,
463 3764 598 3815 uhicoui.
613 3768 684 3814 nott.

144 3839 175 3888 ln
195 3834 359 3912 quibusdam
379 3802 459 3884 codd.
487 3835 568 3885 etiarn
592 3838 685 3884 exstat

141 3898 315 3966 ἀπικόμενος
332 3902 392 3969 (pro
410 3893 590 3967 ἀπιέμενος)
615 3904 686 3970 quud

143 3992 197 4026 uon
209 3973 339 4039 displicet
352 3971 546 4038 Wesselingio,
566 3974 614 4024 sed
630 3988 686 4023 me·

143 4047 197 4095 rito
211 4045 332 4094 reiicitur
344 4060 361 4094 a
373 4043 507 4094 Bredovio
521 4059 544 4109 p.
560 4043 621 4095 305.
644 4043 686 4093 Ad

143 4119 332 4180 argumentum
346 4114 397 4162 loci
412 4114 479 4164 hucc
493 4120 568 4163 tene:
588 4113 686 4164 classis

144 4186 245 4235 suasam
270 4200 317 4247 per
340 4184 430 4234 Athon
455 4189 572 4233 montem
603 4198 685 4248 prope

143 4256 244 4304 Sanam
258 4252 366 4303 ductam
378 4258 550 4317 transgressa
559 4252 586 4302 in
598 4254 685 4302 sinum

143 4324 305 4388 Singiticuru
325 4323 450 4383 devenit,
475 4338 553 4388 quern
575 4338 685 4373 emensa

145 4398 173 4443 et
192 4394 405 4457 promontorium
424 4392 564 4457 Ampelum
587 4393 687 4443 einum-

147 4478 198 4529 que
223 4463 404 4514 Toronaicum
430 4467 619 4527 praetervecta
645 4477 687 4512 re·

739 988 784 1039 ua
809 985 897 1036 tendit
920 984 956 1034 ad
975 983 1101 1034 Pallenes
1125 979 1280 1048 promonto-

738 1059 808 1108 rium
821 1056 1033 1113 Canastraeum
1054 1053 1125 1104 unde
1144 1053 1173 1103 iu
1189 1055 1279 1103 sinum

738 1126 927 1178 'thermaicum
946 1124 1159 1188 septentrionem
1183 1139 1279 1175 versus

737 1196 798 1246 vela
813 1195 901 1256 dedit,
920 1196 949 1243 in
967 1194 1045 1243 cuius
1063 1193 1158 1242 intimo
1169 1207 1279 1244 recessu

737 1281 821 1330 prope
833 1264 978 1314 Thermum
996 1263 1131 1314 exercitus
1145 1263 1280 1327 pedestris

737 1339 909 1409 exspectaret
924 1333 1081 1382 adventum

771 1398 907 1466 κάμπτων
922 1396 952 1451 di
966 1392 1101 1465 ’Ἄμπελον
1113 1395 1166 1464 τὴν
1184 1399 1278 1463 Τορω-

736 1473 822 1536 ναιήν
837 1461 972 1536 ἄκρην]
964 1488 982 1522 ι.
997 1487 1020 1524 e
1039 1473 1276 1535 praetermissimus,

735 1550 911 1608 praetervecta
922 1540 1043 1622 (clapsis)
1055 1540 1277 1602 appetentius

737 1612 829 1663 eodem
848 1627 929 1662 sensu
949 1604 1087 1672 κάμπτειν
1105 1611 1159 1672 lV,
1175 1610 1217 1658 42.
1230 1610 1275 1661 43.

736 1683 799 1741 VIl,
817 1681 873 1732 193.
900 1679 979 1733 Conf.
992 1680 1075 1729 etiam
1088 1676 1256 1729 Βλοιιιλλιιλιλ.Ι
1249 1694 1277 1727 ιιι

737 1751 857 1802 Glossar.
870 1750 905 1800 ad
916 1747 1275 1814 AeschyliAgamemu33h.

737 1822 769 1870 lu
781 1821 881 1883 riurpeti
893 1819 1105 1884 promontorium
1122 1817 1195 1868 exire
1210 1817 1279 1866 dioi-

736 1896 780 1942 tur
803 1888 946 1954 peninsula
968 1886 1081 1939 Sithonia
1107 1904 1140 1938 ex
1163 1884 1277 1949 Olynthi

735 1960 835 2009 isthmo
846 1958 985 2009 meridiem
996 1972 1090 2008 versus
1099 1971 1183 2020 prope
1192 1956 1277 2006 Toro-

735 2045 787 2080 uen
807 2043 982 2093 procurrens,
1008 2028 1072 2076 sinu
1093 2026 1225 2091 Singitico
1248 2030 1276 2074 et

735 2101 878 2149 Toronaeo
905 2099 1033 2161 utrinque
1055 2095 1163 2146 inclusa
1188 2099 1217 2145 et
1240 2093 1276 2143 sd

736 2168 924 2228 Chalcidiceu,
943 2171 974 2216 ut
986 2164 1107 2229 videtur,
1126 2166 1275 2230 pertinens.

734 2238 808 2288 Mela
819 2239 857 2300 λλ,
871 2237 896 2288 3.
911 2238 936 2301 ξ.
953 2237 965 2286 1
979 2235 1086 2301 Ampeli
1104 2235 1164 2285 loco
1177 2249 1276 2285 vocare

733 2307 843 2358 videtur
854 2309 969 2367 Deru-im,
982 2321 1051 2370 quae
1063 2311 1154 2355 tamen
1167 2319 1200 2353 ne
1214 2319 1275 2354 curu

734 2376 847 2441 Ampelo
860 2375 1054 2427 contundatur.
1067 2372 1218 2425 Ptolemaei
1228 2373 1276 2423 oh·

732 2451 790 2497 stat
807 2442 973 2506 auctoritas,
998 2444 1043 2509 qui
1061 2444 1189 2505 Ampelum
1210 2449 1275 2492 ante

734 2516 835 2566 amm
848 2520 876 2566 ct
891 2514 1005 2564 Toronen
1018 2514 1058 2562 sic
1074 2515 1159 2577 ponit,
1172 2517 1204 2561 ut
1216 2513 1275 2561 Siu-

733 2585 845 2650 giticum
859 2584 1089 2635 includatsiuum.
1103 2582 1202 2632 Strabo
1212 2582 1274 2632 Vll.

735 2670 789 2719 pag
790 2693 795 2705 .
770 2653 866 2719 3330
884 2670 906 2705 a.
926 2653 977 2703 utu
997 2653 1097 2702 Der-itm
1122 2665 1275 2701 memorans

734 2724 986 2789 iguorstAurpelum.
1000 2723 1042 2772 Tu
1051 2719 1275 2772 videschuche

736 2794 771 2843 ad
783 2793 871 2845 Melas
882 2793 900 2843 l.
914 2793 931 2842 λ.
944 2795 1006 2841 nott
1027 2806 1120 2856 exegg.
1137 2806 1198 2854 pag,
1217 2789 1274 2847 tou,

736 2865 783 2929 qui
805 2879 822 2912 a
847 2860 1043 2913 recentioribus
1068 2876 1099 2910 eo
1122 2861 1182 2910 loco
1203 2874 1275 2908 nunc

734 2933 798 2997 poni
812 2932 851 2982 ait
866 2932 1078 2993 Gestat-Rumpe,
1100 2929 1170 2994 quod
1184 2934 1276 2978 tamen

735 3002 805 3053 alios
825 3007 952 3052 auctores
967 3002 988 3050 si
1006 3015 1164 3064 sequamur,
1185 2999 1213 3048 iu
1229 3014 1275 3048 ve·

735 3073 802 3122 teris
812 3072 938 3122 Toronae
947 3069 1036 3120 locum
1048 3069 1166 3119 cessisse
1178 3073 1275 3132 putau-

734 3143 797 3191 dum
810 3146 861 3191 est.
889 3142 1033 3190 Mounerto
1046 3143 1159 3189 auctore
1171 3138 1233 3190 vlt.
1248 3154 1275 3200 p.

734 3212 784 3261 tta
816 3227 886 3261 nuuc
916 3208 1071 3274 appelletur
1095 3210 1165 3271 Capu
1189 3208 1275 3257 Falso.

735 3280 802 3330 Mihi
827 3280 958 3331 llerodoti
990 3279 1074 3329 verha
1096 3292 1149 3340 την
1180 3276 1276 3338 Topos·

735 3341 940 3430 retardamur,
960 3349 1057 3413 quihus
1069 3346 1274 3397 antecedentem

732 3435 827 3470 vocem
841 3409 939 3482 ”spuet
942 3432 976 3467 ον
990 3418 1122 3482 explicat,
1143 3416 1213 3466 satis
1230 3416 1276 3465 de-

733 3488 840 3539 clarare
858 3488 998 3550 videntur,
1020 3488 1066 3552 agi
1084 3486 1116 3537 de
1137 3486 1211 3546 loco,
1230 3485 1275 3550 qui

735 3574 788 3608 uon
812 3557 957 3608 admodum
981 3562 1101 3607 remotus
1126 3572 1143 3606 a
1166 3556 1276 3604 'rorone

734 3629 827 3692 quaeri
840 3629 954 3690 debeat,
971 3642 1057 3690 usque
1074 3626 1197 3690 squidem
1211 3626 1276 3673 Pto'-

734 3698 832 3749 lemaei
845 3700 1037 3749 auctoritatem
1055 3699 1095 3745 ita
1110 3709 1225 3759 sequar,
1244 3698 1276 3743 nt

735 3768 770 3817 oh
784 3782 843 3817 eum
857 3768 994 3817 ordinem.
1015 3782 1069 3831 quo
1086 3762 1195 3829 singula
1215 3763 1276 3813 loca
1338 3799 1343 3808 .

736 3843 944 3899 commemorat,
966 3835 1104 3899 Ampelum
1124 3838 1188 3883 aute
1207 3834 1276 3883 Der-

736 3910 786 3956 rim
801 3922 929 3970 quaeram
944 3922 975 3956 eo
988 3904 1064 3967 loco,
1083 3906 1127 3955 cui
1141 3918 1213 3953 nunc
1226 3918 1275 3952 no-

736 3992 796 4026 meu
808 3975 920 4037 Κανιιιλί,
932 3977 1001 4025 satis
1012 3979 1116 4026 remoto
1125 3990 1142 4023 a
1153 3974 1275 4031 Toroue;

736 4061 815 4110 quam
835 4046 998 4095 seutentiam
1018 4043 1194 4107 amplectitur
1209 4044 1276 4092 For-

736 4117 825 4180 biger:
839 4115 950 4165 Handh.
961 4114 987 4164 d.
1000 4114 1048 4164 alt.
1059 4111 1211 4177 Geograph.
1220 4112 1274 4161 ΙΙΙ.

737 4202 762 4250 p.
779 4184 854 4236 1054.
875 4184 993 4244 Kartali,
1006 4185 1052 4249 qui
1064 4186 1178 4233 vocatur
1188 4183 1275 4239 vicus,

737 4255 903 4305 adsertam
934 4255 1025 4317 potius
1055 4252 1156 4302 reterre
1188 4250 1276 4299 voluit
1368 4272 1369 4276 ¹

737 4324 830 4375 Lache
842 4323 859 4373 λ.
869 4323 886 4374 λ.
895 4338 956 4387 ριι3.
967 4323 1029 4372 tet:
1048 4322 1093 4385 qui
1104 4326 1192 4369 tumen
1205 4319 1275 4370 idem

737 4409 799 4459 pag.
815 4393 865 4443 ltu
878 4394 979 4444 Derrtm
996 4397 1023 4440 et
1034 4390 1162 4452 Ampelum
1178 4404 1276 4439 conve-

737 4465 796 4516 nire
809 4462 868 4512 vult
882 4478 941 4513 cum
953 4460 1160 4527 promontoriis,
1180 4459 1277 4524 quihus
